3294 5150
167 467 292 534 [⁵⁷M·]
324 504 370 529 ..

316 341 381 404 268
439 339 479 404 B.
503 336 691 404 OYRILLI
717 334 982 400 ALEXANDR.
1009 335 1292 400 FRAGMENTA
1335 335 1389 400 vii.
1407 335 1425 399 8
1440 357 1513 420 sqq.

318 537 363 583 επ
389 501 554 608 ἐξουσίας
578 505 756 581 ποιεῖσθαι
780 503 924 598 πολλῆς
947 498 1029 583 τοῦς
1047 504 1110 597 τῆς
1129 497 1345 606 ἀφηγήσεως
1362 499 1513 601 λόγους,

318 621 385 705 κᾶν
401 632 430 705 εί
448 625 498 725 μή
516 659 551 705 τι
569 623 683 703 κέοιτο
701 629 773 702 τῶν
790 621 976 724 πρακτέων
993 621 1093 724 παρά
1115 657 1158 725 γε
1174 630 1248 707 τοῖς
1267 627 1370 725 ἱεροῖς
1388 622 1510 726 γράμ-

317 776 441 846 μασιν·
479 745 635 830 τοιοῦτός
653 781 705 830 τις
724 743 894 849 ὑπάρχων
912 748 971 824 καὶ
989 748 1009 826 ό
1027 743 1220 830 θεσπέσιος
1241 751 1390 829 Παῦλος
1409 745 1515 848 Λέγω

318 867 360 951 θέ
373 877 467 977 φησι
486 875 552 956 τοῖς
571 869 725 975 ἀγάμοις
744 877 803 948 καί
822 873 901 953 ταῖς
920 871 1050 970 χηραίς,
1067 871 1173 948 καλλι
1190 873 1302 954 αὐτοῖς
1317 867 1372 949 έῦιν
1390 871 1511 973 μείνω·

317 1031 369 1074 σιν
387 999 431 1080 ἀς
452 992 564 1097 κάγίι,
582 996 641 1072 καὶ
660 990 705 1071 τὰ
724 992 819 1098 ἑξῆς·
852 990 937 1070 ἔνθα
955 989 1110 1093 μὲνγὰρ
1129 993 1170 1071 οῦ
1188 998 1280 1074 θεῖος
1303 992 1387 1089 ἡμῖν
1406 992 1550 1090 νόμος5

317 1116 360 1197 τό
379 1115 479 1218 Λέγω
503 1118 655 1197 τέθεικεν
679 1115 892 1216 ἀναγκαίως·
931 1115 973 1194 οῦ
996 1115 1034 1194 δέ
1052 1113 1214 1217 Χριστός
1233 1117 1254 1194 ό
1276 1113 1517 1217 προστάττων

203 1285 253 1319 ver.
267 1281 304 1319 10.
317 1239 375 1340 ἦν,
397 1239 440 1320 τό
461 1239 711 1343 Παραγγέλλω
739 1241 844 1345 φησί,
866 1237 1110 1339 προσεπάγων
1138 1236 1239 1321 εῦθῦς
1266 1235 1308 1317 τό
1328 1243 1406 1318 Οῦιι
1434 1237 1514 1339 ἑγιῦ,

317 1369 402 1443 ἀλλ’
424 1372 438 1445 o‘
459 1363 584 1466 Κόρας·
622 1363 660 1442 τί
682 1359 720 1440 δὲ
745 1361 816 1461 ἀρα
838 1366 1027 1463 παρῶπται
1049 1367 1123 1440 τῶν
1140 1361 1342 1462 ἀναγκαίων
1360 1368 1512 1459 νομοθε·

316 1495 436 1566 τοῦντι
454 1491 606 1590 Χριστῷ
626 1518 636 1581 ;
672 1487 853 1565 ἐπινοοῦσι
872 1481 909 1564 δέ
929 1484 968 1562 τί
981 1484 1022 1565 τὸ
1042 1485 1185 1582 ἀμεινον
1203 1488 1236 1563 οἱ
1254 1484 1491 1586 μυσταγωγοί
1501 1516 1512 1578 ;

317 1610 430 1688 καίτοι
459 1614 536 1692 πῶς
566 1609 629 1686 οῦκ
659 1606 790 1702 ἀμαθές
820 1611 878 1686 καί
908 1605 1143 1707 ἀπόπληκτον
1172 1614 1357 1690 παντελῶς
1390 1607 1432 1686 τὸ
1461 1605 1513 1705 μὴ
1528 1643 1570 1684 το

317 1731 446 1835 ἀρτίως
473 1731 566 1834 ἔχειν
593 1729 731 1810 οἴεσθαι
760 1729 806 1809 τὰ
834 1728 933 1832 παρά
961 1735 1151 1830 Χριστοῦ;
1186 1731 1226 1809 τί
1249 1731 1312 1809 οὖν
1339 1732 1509 1833 έροῦμεν;

319 1855 382 1933 οῦκ
419 1853 607 1958 ἀπέφησεν
639 1852 702 1932 τὸν
734 1852 852 1955 γόμον
882 1852 925 1933 τὸ
962 1851 1196 1955 εῦαγγελικὸν
1228 1855 1286 1933 καί
1319 1854 1515 1933 θεσπέσιον

199 2009 243 2062 58
258 2007 306 2065 Μ.
319 1975 494 2079 κήρυγμα,
518 1979 784 2075 ἐπιμετροῦντας
812 1973 913 2074 οἶμαί
936 2010 1008 2056 που
1035 1983 1099 2056 τοῦ
1128 1981 1224 2056 Θεοῦ
1252 1983 1297 2080 τῇ
1324 1977 1515 2076 ἀνθρώπου

148 2308 200 2357 xix.
209 2321 233 2370 3.

149 2387 189 2437 Ib.
198 2403 221 2453 9.

318 2099 429 2205 φύσει
456 2097 523 2199 τὴν
544 2098 703 2198 ἐντολήν·
739 2098 809 2202 ἔφη
828 2097 901 2201 γὰρ
928 2107 1001 2182 τοῖς
1029 2097 1234 2200 πειρόᾷιυσι
1264 2099 1513 2204 φαρισαίοιςὸ

149 2241 282 2292 matth.
320 2222 452 2325 Κύριος
480 2220 707 2324 ἐρωτήσωσιν
733 2219 843 2302 αὐτόν
871 2234 892 2271 “
907 2228 952 2302 Ei
980 2223 1122 2329 ἔξεστιν
1149 2227 1333 2304 ἀπολῦσαι
1360 2220 1427 2319 τὴν
1442 2255 1508 2322 γυ·
1528 2261 1567 2320 ¹5

317 2355 339 2392 “
358 2353 460 2425 ναῖκα
479 2346 609 2425 αὐτοῦ’
630 2343 681 2445 μὴ
699 2347 756 2424 έπὶ
774 2347 929 2452 πορνείᾳ,
945 2346 1000 2425 ὅτι
1019 2348 1038 2424 ό
1058 2344 1228 2426 ἀπολύων
1247 2356 1269 2392 “
1280 2346 1345 2444 τὴν
1364 2351 1514 2446 γυναῖκα

317 2479 339 2517 “
358 2470 466 2548 αῦτοῦ
490 2467 665 2568 παρεκτὸς
690 2467 804 2570 λόγου
822 2469 997 2570 πορνείας,
1014 2475 1109 2549 ποιεῖ
1124 2468 1234 2566 αὐτὴν
1252 2468 1511 2572 μοιχευθῆναι.”

230 2661 236 2676 .
315 2593 405 2696 πρὸς
432 2601 545 2672 ταῦτα
574 2591 745 2693 λέγουσιν
763 2594 859 2699 αὐτῷ
881 2597 913 2670 οἱ
935 2593 1096 2690 μαθηταί
1120 2602 1142 2640 “
1156 2596 1200 2671 Ei
1220 2592 1331 2674 οὕτως
1349 2593 1428 2670 ἐστὶ
1450 2599 1514 2670 τοῦ

317 2726 339 2788 ‘⁴
356 2715 547 2818 ἀνθρώπου
565 2715 587 2813 ἡ
606 2715 701 2794 αἰτία
724 2715 814 2814 μετὰ
839 2719 903 2812 τῆς
929 2712 1103 2815 γυναικὸς,
1124 2716 1165 2793 οῦ
1190 2714 1367 2817 συμφέρει
1392 2717 1511 2815 γαμῆ-

230 2903 236 2918 .
317 2849 338 2887 “
357 2841 434 2918 σαί·
474 2839 494 2917 ὁ
522 2838 559 2916 δέ
586 2834 682 2916 εἶπεν
710 2839 828 2921 αὐτοῖς
848 2839 955 2916 Είσίν
982 2838 1140 2940 εῦνοῦχοι
1168 2837 1291 2920 οἵτινες
1317 2839 1355 2916 ἐκ
1379 2839 1513 2919 κοιλίας
1527 2879 1568 2920 αο

316 2971 338 3008 “
356 2958 490 3063 μητρὸς
514 2957 757 3061 ἐγεννήθησαν
775 2961 896 3055 οὕτως,
920 2959 980 3038 καί
1002 2964 1093 3039 εἰσιν
1118 2963 1279 3063 εὐνοῦχοι
1303 2958 1426 3044 οἵτινες
1452 2959 1509 3038 εό-

314 3094 338 3130 “
357 3083 604 3187 νουχίσθησαν
632 3079 701 3162 ὑπὸ
729 3088 801 3161 τῶν
829 3081 1037 3186 ἀνθρώπων,
1067 3083 1129 3161 καί
1153 3089 1244 3161 είσιν
1274 3085 1431 3187 εὐνοῦχοι
1456 3081 1509 3162 οἵ·

316 3216 339 3252 “
357 3240 448 3288 τινες
473 3206 684 3308 εὐνούχισαν
703 3203 848 3289 ἑαυτοὺς
873 3205 932 3284 διὰ
953 3204 1019 3303 τὴν
1036 3207 1228 3300 βασιλείαν
1246 3211 1319 3286 τῶν
1336 3207 1509 3305 οὐρανῶν·

319 3337 340 3374 “
359 3331 379 3406 ὁ
398 3328 589 3426 δυνάμενος
607 3335 734 3432 χωρεῖν
753 3327 943 3432 χωρείτω.”
972 3329 1150 3430 προῦθηκε
1168 3327 1241 3432 γὰρ
1258 3336 1331 3432 τοῖς
1349 3331 1514 3409 ἐθέλουσι

318 3456 525 3551 κατορθοῦν,
545 3451 586 3529 οῦ
610 3448 682 3549 μὴν
707 3449 869 3551 ῦπήγαγε
895 3450 1004 3558 νόμῳ,
1024 3450 1079 3530 ότι
1103 3450 1153 3549 μὴ
1176 3451 1313 3534 πάντας
1335 3452 1513 3551 ἠπίστατο
1528 3483 1567 3543 ²5

317 3579 390 3652 τῶν
408 3578 472 3670 τῆς
490 3571 626 3674 σαρκὸς
645 3572 848 3670 κινημάτων
866 3580 1131 3674 κατευμεγεθεῖν
1149 3574 1338 3654 δόνασθαι.

354 3743 379 3790 4.
399 3722 456 3779 lnc.
471 3721 630 3795 Η.”Αγαμοι
644 3725 688 3777 τὸν
698 3725 871 3794 μυσταγωγὸν
889 3723 930 3777 καί
949 3723 1110 3792 κατατέθηπα
1127 3724 1187 3778 λίαν
1204 3727 1248 3794 τῆς
1266 3724 1373 3793 ἐνοῦσης
1385 3725 1453 3796 αὐτῷ
1466 3747 1513 3782 σο-

317 3795 382 3864 φίας
393 3795 423 3848 τό
435 3796 539 3856 κάλλος,
552 3794 596 3862 τὴς
608 3792 738 3849 συνέσεως
749 3794 795 3861 τὴν
807 3794 964 3863 ὑπερβολὴν,
975 3796 1021 3862 τῆς
1034 3795 1218 3864 μυσταγωγίας
1235 3797 1265 3848 τό
1277 3795 1389 3865 ἀκριβές·
1411 3796 1472 3851 ἔνθα
1483 3797 1513 3850 οὔ

318 3865 386 3920 θεῖος
398 3862 429 3932 ἢν
440 3867 517 3932 νόμος
529 3866 569 3930 (5)
585 3863 622 3917 H.
774 3864 799 3917 6.
818 3865 959 3934 ἀναγκαίως
972 3873 1141 3935 αιειιαιρῑιιω
1154 3882 1186 3918 ex
1202 3865 1239 3917 H.
1289 3865 1359 3919 ’ὅπου
1370 3883 1419 3936 pro
1431 3865 1462 3920 οῦ
1476 3865 1512 3920 Η.

320 3948 344 4004 η.
363 3937 392 3988 τὸ
405 3936 450 3989 alt.
463 3952 517 3989 om.
533 3935 569 3988 H.
715 3934 741 3988 8.
760 3933 866 4005 Κύριος]
882 3935 970 4006 Pergit
983 3935 1117 4005 aliquanto
1130 3934 1232 3988 diverse
1246 3936 1282 3988 H.
1296 3936 1330 3991 ὡς
1342 3936 1456 4007 ἀδελφὸς
1467 3936 1513 4003 μὲν

317 4003 363 4060 οῦν
374 4006 497 4075 ὑπάρχων
512 4006 554 4057 καί
569 4004 720 4072 όμόδουλος,
733 4003 915 4071 συμβουλεῦει,
928 4005 959 4058 οῦ
975 4005 1071 4073 μὴνῶς
1082 4005 1180 4060 ἀτελῶς
1192 4005 1303 4074 ἐχόντων
1317 4011 1368 4060 τῶν
1381 4007 1512 4077 εὐαγγελι-

318 4081 369 4129 κῶν
387 4079 470 4144 νόμων
486 4074 646 4142 προστίθησι
663 4075 694 4127 τό
706 4073 766 4142 παρ’
784 4077 875 4129 ἐαυτοῦ
894 4077 908 4128 ό
926 4079 1033 4130 ποῦλος.
1052 4077 1067 4128 ό
1084 4075 1131 4143 μέν
1147 4075 1198 4144 γὰρ
1216 4075 1380 4146 εὖαγγελικὸς
1391 4079 1479 4146 λόγος,
1491 4075 1513 4129 εί

318 4147 360 4198 καί
377 4147 409 4199 τὰ
427 4147 542 4214 μάλιστα
559 4146 652 4198 λοιπὸν
669 4145 753 4199 οῦκέτι
771 4147 815 4212 τῆς
833 4144 994 4201 παιδοποιίας
1013 4145 1086 4214 χρεία
1101 4145 1143 4197 διὰ
1157 4143 1187 4198 τό
1199 4145 1407 4212 συνεσταλμένον
1420 4147 1461 4199 καί
1473 4144 1511 4200 ἐπ’

318 4216 441 4285 ἐσχάτοις
458 4219 504 4268 τοῦ
515 4217 642 4282 παρόντος
654 4215 743 4270 αίιῦνος
759 4216 792 4270 ὥς
804 4215 945 4269 δι’·σοιστον
957 4217 986 4267 τό
998 4217 1043 4282 τῆς
1055 4215 1202 4286 ἐγκρατείας
1213 4217 1333 4284 παρῆκεν,
1345 4213 1387 4269 ίνα
1402 4217 1437 4285 μὴ
1450 4217 1510 4285 δόξη

319 4289 334 4337 ὁ
353 4287 427 4354 ζυγός
444 4287 522 4339 αὐτοῦ
540 4286 581 4338 καί
598 4287 628 4338 τὸ
645 4285 755 4353 φορτίον
771 4283 847 4353 βαρῦ·
875 4285 898 4336 εί
916 4285 944 4338 δέ
963 4286 1003 4337 καί
1022 4285 1056 4353 μὴ
1074 4287 1192 4354 φανερῶς
1209 4289 1286 4339 τοῦτο
1302 4285 1432 4353 ἐπέταξεν,
1445 4285 1512 4340 ἀλλά

318 4355 461 4422 μακαρίσας
473 4355 532 4410 τοῦς
549 4355 746 4425 εῦνουχίσαντας
761 4354 866 4410 ἐαυτυῦς
882 4354 923 4406 διὰ
938 4355 984 4422 τὴν
995 4357 1134 4419 βασιλείαν
1147 4359 1198 4409 τῶν
1212 4356 1333 4425 οῦρανῦν,
1346 4357 1440 4410 ἔδωκεν
1456 4356 1512 4425 ἡμῖν

319 4427 385 4476 νοεῖν
397 4424 436 4476 ὅτι
448 4425 471 4476 εἷ
483 4425 523 4478 καὶ
539 4425 573 4492 μὴ
585 4424 670 4477 ἀνεῖλε
685 4426 730 4478 τὸν
742 4425 787 4491 τῆς
798 4423 959 4480 παιδοποιΐας
975 4428 1061 4494 νόμον,
1074 4423 1134 4478 ἀλλ’
1151 4425 1306 4496 ἀποδέχεται
1321 4427 1381 4482 τοὺς
1398 4425 1511 4496 εὐνουχί-

319 4515 414 4548 ααντας
431 4494 535 4548 ἐαυτοῦς
553 4495 594 4546 διὰ
611 4495 656 4561 τὴν
671 4495 817 4558 βασιλείαν·
843 4494 874 4546 οῦ
887 4495 937 4562 μὴν
948 4496 989 4550 καί
1005 4495 1190 4564 ἐνομοθέτησεν
1207 4498 1291 4562 τοῦτο,
1310 4495 1397 4550 εἴασεν
1414 4497 1442 4550 δέ
1460 4499 1513 4552 τοῖς

319 4561 439 4615 ἐθέλουσι
452 4567 527 4615 τοῦτο
540 4566 629 4626 ποιεῖν,
642 4564 681 4616 ὅτι
695 4563 759 4633 (25)
776 4563 811 4618 H.
1026 4566 1069 4620 26.
1090 4565 1154 4620 Post
1166 4564 1290 4620 δύνασθαι
1304 4568 1389 4638 pergil
1401 4565 1512 4638 ε’πίγγιιγε
