3294 5150
8 277 10 352 ί
161 401 257 466 [m
279 403 290 468 ]
314 303 379 366 248
435 303 474 366 B.
498 303 687 369 OYRILLI
713 303 980 370 ALEXANDR.
1009 305 1300 372 FRAGMENTA.
1343 329 1396 371 xv.
1412 323 1427 389 7
1442 329 1515 391 sqq.

183 417 198 465 4
259 439 265 452 .

290 473 337 518 ·“
354 467 537 548 πολλῶν.”
576 464 755 568 ὡμολόγει
779 462 893 567 γεμὴν
911 469 1064 572 ἀφῖχθαι
1086 473 1228 572 σαφῶς,
1246 469 1305 548 ἵνα
1328 468 1518 572 πληρώσῃ

195 621 238 676 4¹1
253 593 365 693 mnf>
380 586 536 691 Ἰσραὴλ
560 585 627 686 τὴν
645 587 859 694 ῦπόοχεσιν·
890 588 1029 695 ἔφασκε
1053 588 1126 694 γάρ
1152 601 1174 638 “
1189 592 1271 671 Οῦκ
1295 590 1516 690 ἀπεστάλην

147 709 277 838 ffljf‘h·
315 720 336 758 “
353 716 383 790 εί
410 709 461 810 μὴ
479 717 529 795 εἷς
546 710 591 791 τὰ
609 711 829 792 ἀπολωλότα
857 709 1026 814 πρόβατα
1053 712 1151 795 οἴκου
1168 712 1354 816 Ἰσραήλ.”
1383 715 1517 793 οὐκοῦν

314 834 355 912 οῦ
378 833 620 940 ψευδοεπήσει
648 834 766 936 λέγων
787 835 808 913 ὁ
828 841 977 920 Παῦλος
1006 831 1151 917 θιιίιιιιοι
1178 835 1286 916 αῦτὸν
1313 833 1515 939 γεγενῆσθαι

314 957 354 1036 ἒιι
372 955 549 1064 περιτομῆς
573 965 620 1043 είς
643 956 679 1037 τῦ
701 956 900 1052 βεβαιοῦν-αι
927 956 992 1044 τῖις
1016 959 1243 1062 ἐπαγγελίας
1267 958 1328 1040 τόν
1349 957 1514 1067 πατέρων,
1533 995 1554 1054 5

313 1080 497 1160 τεθεῖσθαί
514 1114 552 1160 τε
569 1078 660 1184 πρὸς
684 1078 800 1188 τούτῳ
823 1078 923 1183 παρὰ
940 1091 1004 1162 τοῦ
1024 1087 1120 1162 Θεοῦ
1142 1081 1202 1162 καὶ
1221 1081 1367 1184 Πατρός
1384 1085 1444 1162 καὶ
1462 1087 1517 1166 εἰς

201 1246 251 1280 vor.
263 1243 287 1296 9·
313 1199 435 1282 ἔλαιον
452 1209 526 1288 τοῖς
554 1203 598 1310 ἐξ
617 1205 740 1302 ε’θνῦν,
759 1203 819 1283 ἵνα
845 1207 904 1283 καὶ
924 1204 1025 1284 αὐτοὶ
1052 1201 1232 1311 θοξοίσειαν
1255 1208 1303 1289 ὡς
1324 1213 1396 1285 τῶν
1412 1204 1515 1285 ὅλων

313 1324 566 1430 γενεσιονργὸν
597 1329 655 1406 καὶ
686 1325 851 1431 τεχνίτην
878 1324 942 1407 τὸν
973 1327 1126 1430 Σωτῆρό
1153 1361 1193 1407 τε
1221 1331 1280 1408 καὶ
1306 1325 1509 1428 λντροντήν.

313 1448 382 1528 ἔδει
400 1448 471 1552 γὰρ
485 1449 551 1530 ἔδει
565 1447 625 1528 διὰ
641 1447 788 1548 πολλὴν
806 1449 984 1530 ἀπείθειαν
1003 1447 1215 1553 ῦβριζούσης
1233 1449 1341 1530 αὐτὸν
1356 1451 1515 1536 ἀνοσίως

312 1575 375 1670 τῆς
392 1576 594 1674 περιτομῆς,
612 1575 670 1650 καὶ
688 1569 755 1670 τὴν
771 1573 856 1675 παρ’
875 1573 984 1652 αὐτοῦ
1002 1571 1186 1675 λύτρωσιν
1204 1573 1246 1653 οῦ
1263 1573 1512 1676 προσιεμένης,
1533 1617 1575 1658 10

312 1694 363 1795 μὴ
381 1698 611 1798 ἀπρακτῆσαι
639 1698 753 1775 δοκεῖν
773 1693 839 1794 τὴν
863 1692 1057 1801 ἄφραστον
1080 1704 1144 1776 τοῦ
1168 1701 1264 1776 Θεοῦ
1293 1696 1408 1801 χάριν,
1427 1697 1509 1776 ὀλί-

312 1853 389 1921 γων
417 1821 475 1898 καὶ
502 1817 608 1915 μόλις
636 1819 762 1916 κομιδῆ
790 1818 1094 1917 διασεσωσμείιων
1121 1825 1194 1899 τῶν
1221 1817 1514 1900 πεπιστευκότων

313 1941 358 2048 ἐξ
381 1939 548 2042 Ἰσραήλ·
588 1939 755 2045 ταύπητοι
783 1938 1081 2042 κατευρυνομένης
1110 1939 1236 2044 ὥσπερ
1263 1941 1319 2049 ἐφ’
1349 1939 1514 2028 ἅπαντας·

313 2067 377 2163 τῆς
404 2063 539 2143 οἵνωθεν
566 2061 812 2164 γαληνότητος
836 2062 1080 2169 προσελήφθη
1108 2061 1156 2144 τὰ
1182 2064 1276 2165 ἔθνη,
1295 2066 1354 2144 καὶ
1381 2067 1444 2164 τῆς
1471 2068 1513 2145 ἐν

313 2190 467 2292 Χριστῷ
496 2186 631 2290 σοφίας
665 2182 707 2265 τὸ
734 2185 933 2288 μυστήριον
961 2187 1028 2289 οὐχ
1057 2184 1261 2289 ἡμαρτηκῦς
1290 2189 1416 2288 ὁρᾶται
1445 2197 1512 2268 τοῦ
1531 2229 1572 2289 15

311 2307 403 2408 πρὸς
421 2306 621 2411 ἡμερότητα
637 2306 838 2401 βλέποντος
856 2316 1010 2388 σκοποῦ·
1042 2309 1230 2390 σε’σωσται
1247 2309 1321 2413 γὰρ
1340 2312 1419 2390 ἀντὶ
1436 2317 1511 2389 τῶν

312 2427 570 2531 ὠλισθηκότων
596 2431 619 2530 ἡ
648 2431 705 2511 ὑπ’
735 2428 897 2534 οὐρανὸν,
925 2433 1223 2535 κατοικτείραντος
1242 2438 1349 2514 Θεοῦ.
1388 2431 1443 2514 ὅτι
1471 2433 1511 2514 δὲ

310 2552 643 2661 προαναπεφοίνητο
672 2551 713 2634 τὸ
740 2553 940 2654 μυστήριον
958 2552 1016 2633 διὰ
1041 2558 1164 2658 φωνῆς
1191 2555 1304 2655 ἁγίων
1325 2588 1511 2660 προεγνω-

310 2673 426 2757 κότων
444 2679 483 2756 ἐν
500 2676 674 2774 πνεύματι
691 2673 738 2755 τὰ
756 2674 919 2775 ἐσόμενα,
938 2678 1155 2776 καθίστησιν
1174 2677 1418 2784 ἐναργεστάτη
1434 2686 1510 2760 τῦν

310 2804 538 2905 προφητειιῦν
555 2799 761 2902 παραθέσει.
1524 2845 1566 2884 20

345 3008 372 3062 3.
390 2993 422 3048 τὸ
433 2994 552 3064 πρόβατα
564 2993 595 3047 τὰ
607 2992 763 3049 θπολιιλθτα
775 2995 810 3056 A.
898 3007 925 3066 5.
943 2995 972 3050 ἐκ
983 3013 1038 3052 om.
1050 2998 1085 3053 A.
1176 2995 1202 3052 6.
1221 2994 1304 3070 τοῦτφ
1319 2997 1353 3051 A.
1364 3001 1442 3052 τοῦτο
1455 2997 1508 3054 Ed.

312 3074 338 3134 7.
354 3061 444 3120 ἔλαιον
455 3062 562 3118 exhibet
573 3072 599 3118 et
612 3065 645 3119 A.
658 3065 733 3120 ἔλεον
744 3073 815 3120 recte
826 3065 951 3124 emendat
963 3067 1066 3137 Migne.
1185 3068 1211 3124 8.
1229 3066 1362 3138 λυτρωτὴν
1374 3067 1431 3124 dee.
1443 3067 1480 3126 A.
