3268 5130
154 438 168 507 [
313 339 377 405 194
476 337 1024 403 B.CYR1LLIALEXANDR.
1051 337 1335 404 FRAGMENTA
1408 332 1466 400 vii.
1478 347 1513 417 5.

180 440 283 507 τηλι]

310 501 402 583 κατό
430 537 469 582 τε
495 499 606 601 νόμον
628 501 763 586 παντὸς
781 504 929 582 καὶτῶν
953 499 1022 584 ίιπδ
1047 500 1166 601 νόμον·
1205 499 1323 584 ἅπασι
1346 495 1411 599 μὲν
1435 495 1514 600 γὰρ

310 632 384 712 τοῖς
403 625 472 706 ὑπὸ
490 630 660 728 σκῆπτρα
677 625 862 721 βασιλέων
881 626 1072 730 διορίζουσι
1094 624 1195 725 νόμοι
1212 624 1258 706 τό
1273 659 1313 706 τε
1330 621 1514 727 πρακτέον

311 753 370 829 καὶ
394 746 436 831 τὸ
457 749 521 849 μή·
561 748 730 854 ἰσχύουσι
753 747 909 852 δὲπαρά
929 783 973 852 γε
1000 757 1073 835 τοῖς
1102 749 1212 853 ζῶσιν
1237 749 1300 830 ἔτι·
1340 753 1370 827 εί
1398 745 1435 827 δὲ
1463 743 1513 845 δή

311 907 365 958 τις
401 879 474 953 τῶν
508 871 577 954 ὑπὸ
613 871 724 971 νόμον
756 877 820 973 τῆς
852 873 1063 972 ε’νσωμιίτου
1100 875 1190 979 ζωῆς
1226 867 1514 965 ἀπαλλάττοιτο,

312 996 588 1078 συναπεδύσατο
612 999 657 1101 τῇ
681 997 752 1100 ζωῇ
779 1001 838 1077 καὶ
864 1003 938 1077 τῶν
956 996 1075 1095 νόμων
1093 995 1159 1099 τήν
1175 997 1358 1105 ἐξουσίαν·
1387 999 1417 1072 εί
1435 991 1547 1096 γᾶρὸ

309 1121 487 1200 πέπαυται
515 1127 579 1199 τοῦ
607 1128 845 1220 πλημμελεῖν,
873 1121 1096 1223 ἀπρακτήσει
1127 1155 1198 1202 που
1227 1119 1370 1203 πάντως
1398 1119 1458 1197 καὶ
1491 1117 1515 1195 ὁ

311 1244 417 1343 νόμος
436 1245 489 1325 ἐπ’
508 1245 614 1349 αὐτῷ.
648 1242 780 1343 ἀληθὲς
797 1245 859 1324 οὖν
878 1243 932 1325 ὅτι
959 1243 1089 1354 κυριεύει
1109 1248 1163 1326 τού
1180 1243 1345 1353 ιἰιθρύπιυ
1363 1244 1417 1348 ἐφ’
1437 1238 1515 1320 ’ίσω

197 1400 235 1454 15
251 1397 298 1457 u.
311 1369 418 1474 χρόνον
439 1369 490 1479 ζῇ·
521 1370 579 1446 καί
604 1368 657 1450 τίς
680 1367 751 1470 ἄρα
771 1369 872 1448 ἐστὶν
890 1369 911 1448 ὁ
930 1377 992 1448 τοῦ
1014 1368 1129 1472 λόγου
1146 1365 1296 1465 σκοπός,
1315 1368 1515 1467 ἀναγκαῖον

311 1496 431 1572 εἰπεῖν·
468 1489 533 1571 δύο
561 1493 636 1570 κατ’
657 1490 765 1572 αὐτὸν
783 1490 972 1594 εἰσκομίζει
997 1493 1174 1598 χρήσιμα·
1206 1493 1304 1592 ἡμεῖς
1332 1488 1398 1588 μὲν
1425 1483 1513 1590 γὰρ,

310 1615 437 1721 φησὶν,
455 1619 489 1694 οί
515 1614 801 1712 συντεθαμμένοι
826 1620 979 1724 Χριστῷ
1009 1616 1069 1696 διὰ
1094 1625 1159 1696 τοῦ
1186 1616 1451 1713 βαπτίσματος,
1476 1616 1513 1691 οἱ
1531 1645 1567 1692 ιο

311 1736 551 1822 ἀποθανόντες
579 1745 624 1843 τῇ
653 1741 822 1846 ἁμαρτίᾳ,
849 1740 920 1846 ἔξω
945 1738 1142 1843 γεγόναμεν
1166 1744 1230 1840 τῆς
1255 1736 1421 1846 ἐξουσίας
1443 1744 1513 1816 τοῦ

313 1859 433 1961 νόμου,
451 1863 794 2020 μετεστοιχειῷμεθα
818 1861 891 1966 γὰρ
909 1869 957 1948 είς
982 1860 1074 1965 ζωὴν
1092 1865 1223 1968 ἑτέραν·
1253 1869 1286 1943 οί
1311 1861 1354 1942 δέ
1371 1895 1414 1964 γε
1436 1857 1513 1964 πρὸ

312 1991 376 2087 τῆς
412 1986 692 2084 ἐπιδημίας,
645 2021 746 2068 οοπω
782 2021 846 2067 τον
877 1988 916 2068 ἐν
946 1993 1098 2096 Χριστῷ
1135 1987 1324 2086 νοούμενον
1354 1982 1513 2066 θάνατον

312 2111 572 2258 ὑπομείναντες,
591 2109 719 2214 ἔζων
694 2143 744 2190 ετι
762 2115 807 2216 τῇ
826 2113 993 2217 ἁμαρτίᾳ.
1032 2110 1168 2214 ε’κρότει
1194 2108 1238 2211 δή
1263 2111 1366 2190 οὖν
1344 2144 1391 2193 ως
1416 2108 1509 2212 ζών-

311 2268 384 2314 των
408 2231 563 2332 όνύμος,
582 2232 743 2383 καθάπερ
768 2231 892 2332 ἀμέλει
920 2232 979 2315 καὶ
1007 2269 1173 2338 γυναικος
1198 2236 1219 2315 ό
1243 2231 1347 2338 ἀνήρ·
1383 2229 1513 2334 ὥσπερ
1531 2267 1567 2324 ¹5

312 2356 385 2460 γὰρ
403 2395 421 2451 η
412 2352 600 2465 ὕπανδρος
626 2395 716 2460 γυνη,
689 2355 932 2461 ζῖυντος
889 2393 953 2457 μεν
971 2357 1022 2439 ἔτι
1046 2367 1110 2438 τοῦ
1137 2392 1229 2440 κατα
1253 2353 1363 2455 νόμον
1386 2390 1510 2463 συνερ-

312 2481 470 2584 κηκότος,
489 2483 552 2563 οὐκ
578 2481 770 2564 ἀνεύθυνον
793 2489 944 2564 ποιεῖται
968 2479 1035 2581 τὴν
1060 2483 1119 2590 ὑφ’
1141 2482 1247 2591 ε’τίρερ
1274 2480 1442 2562 σύνοδον·
1480 2485 1515 2560 εί

313 2605 351 2687 δὲ
384 2605 428 2706 δή
460 2605 615 2706 τεθναίη,
647 2609 773 2712 φησὶν,
806 2607 877 2713 ἔξω
906 2607 1060 2687 κείσεται
1092 2607 1200 2707 δίκης,
1232 2603 1300 2686 κᾶν
1329 2610 1360 2685 εί
1391 2605 1514 2684 ἕλοιτο

312 2738 419 2811 τοῦτο
446 2735 535 2833 δρᾶν
553 2729 720 2828 ε’ννόμως·
757 2731 849 2810 κατὰ
876 2728 939 2811 τόν
963 2731 1047 2811 ’ίσον
1068 2727 1164 2829 οἶμαι
1186 2727 1322 2834 τρόπον
1342 2735 1376 2809 οἱ
1401 2727 1513 2830 μήπω

312 2858 376 2952 τῆς
405 2855 578 2957 ἁμαρτίας
606 2852 672 2953 τήν
700 2853 873 2955 νίκρωσιν
900 2851 1040 2958 ἔχοντες
1067 2857 1105 2934 ε’ν
1130 2861 1293 2963 Χριστῷ,
1317 2854 1444 2958 &me
1472 2851 1513 2934 δὲ
1530 2893 1570 2934 το

313 2975 439 3079 ὥσπερ
456 2979 494 3056 ἐν
512 2977 615 3081 αὐτῇ,
634 2979 865 3082 πατράχασιν
884 2977 1025 3062 εἰκότως
1044 2981 1101 3058 καὶ
1121 2977 1191 3058 ὑπὸ
1213 2975 1334 3078 νόμον·
1377 2976 1512 3085 κυριεύει

312 3099 381 3208 γέιρ
404 3103 460 3180 τῷ
484 3097 651 3210 ἀνθρύπιυ
676 3103 728 3207 ἐφ’
748 3101 819 3182 ἰ’σιι
838 3101 943 3207 χρόνον
964 3103 1013 3212 ζῇ·
1046 3107 1079 3182 οἱ
1103 3101 1149 3182 δι’
1163 3136 1205 3204 γε
1224 3100 1293 3182 ὑπὸ
1317 3099 1423 3207 χάριν
1441 3102 1513 3200 ήδη

312 3221 498 3325 γεγονότες
522 3221 589 3323 τήν
613 3225 652 3302 ἐν
671 3229 834 3333 Χριστῷ,
859 3226 902 3304 δι’
922 3225 963 3326 ής
986 3227 1044 3306 καὶ
1068 3225 1261 3325 τεθνήκασι
1286 3231 1331 3329 τῇ
1354 3225 1514 3332 ἁμαρτία

313 3349 372 3427 καὶ
392 3348 617 3453 νενίκρωνται
636 3352 681 3451 τῇ
699 3351 821 3452 σαρκί,
841 3351 1006 3428 τουτέστι
1024 3355 1097 3432 τοῖς
1115 3348 1249 3430 πάθεσι
1275 3353 1338 3448 τῆς
1363 3347 1513 3451 σαρκὸς,

313 3477 344 3550 εί
368 3470 491 3570 μηκέτι
518 3471 796 3576 χρηματίζουσιν
819 3476 866 3558 ὡς
891 3474 1017 3577 ζῶντες
1043 3474 1081 3552 ἐν
1104 3473 1243 3582 κόσμῳ,
1262 3473 1514 3554 ἀκαταιτίατον
1531 3507 1570 3568 ²5

314 3601 472 3674 ποιοῖντο
505 3592 551 3674 ἂν
581 3594 647 3696 τήν
678 3595 750 3703 ἔξω
782 3595 892 3695 νόμον
923 3595 1028 3699 ζωήν·
1066 3597 1325 3678 τεθανότωνται
1358 3595 1429 3701 γὰρ
1462 3602 1515 3683 ὡς

314 3718 406 3826 ἔφην
432 3715 490 3799 διίι
518 3721 574 3799 τοῦ
604 3726 764 3824 σώματος
792 3723 847 3800 τοῦ
872 3723 1019 3829 Χριστοῦ,
1046 3724 1103 3802 καὶ
1131 3722 1309 3803 ἀπίθανον
1335 3724 1386 3830 τῷ
1413 3719 1514 3830 νόμερ

316 3843 549 3940 δικαιούμενοι
577 3842 636 3923 διὰ
664 3845 830 3929 πίστεως.

284 4102 302 4162 5
325 4081 407 4150 Ὀτε
438 4085 496 4175 τὰρ
523 4079 605 4162 ἦμεν
631 4084 667 4149 ἐν
694 4091 733 4176 τῇ
762 4083 866 4176 σαρκί,
893 4085 933 4152 τὰ
961 4089 1137 4164 παθήματα
1164 4087 1231 4154 τῶν
1257 4085 1427 4178 ἁμαρτιῶν
1456 4088 1496 4152 τὰ

625 4210 677 4275 διὰ
705 4215 761 4277 τοῦ
788 4211 887 4288 νόμου
916 4209 1082 4303 ἒνιιρτεῑτο
1110 4228 1209 4280 κ.τ.λ.
1431 4219 1432 4224 ’
1533 4239 1577 4298 30

373 4379 497 4482 Σάρκα
528 4382 592 4482 μὲν
623 4382 666 4463 τὸ
698 4382 873 4487 σαρκικὸν
902 4385 1064 4489 ὀνομάζει
1096 4385 1277 4493 φρόνημα,
1307 4389 1355 4470 ὡς
1388 4388 1448 4465 καὶ
1478 4388 1520 4468 ἐν

811 4574 852 4628 18.
872 4574 972 4632 κεῖσθαι
986 4573 1020 4630 Β.
