3280 5142
114 357 200 422 xviii.
214 378 246 446 3.
313 357 372 424 IN
402 357 716 426 S.JOANNEM.
762 357 859 424 LIB.
883 357 945 424 XI.
988 355 1186 424 OARXII.
1275 357 1314 424 15

117 522 263 627 Πατρὸς
290 523 456 629 εὐλογίας
484 522 860 632 καταπεμφθῆσεσθαι
884 521 1020 630 σφίσιν
1043 519 1161 622 εἰπὼν,
1181 521 1315 629 ἔξεισιν

115 649 182 750 ἤδη
212 648 417 752 προθύμως,
447 647 511 730 τὸν
540 657 605 731 τοῦ
632 648 770 734 πάθους
799 646 923 752 καιρὸν
952 648 1016 728 οὐκ
1045 643 1314 744 ἀποσειόμενος,

116 775 195 853 οὔτε
223 771 296 874 μῆν
313 771 378 854 τὸν
397 770 483 877 ύπὲρ
505 773 674 856 ἀπάντων
691 772 904 857 καταδείσας
933 767 1099 862 θάνατον.
1138 776 1216 854 πῶς
1243 767 1317 874 γάρ,

116 894 161 997 ἦν
179 895 273 982 εἰκὸς
298 905 405 979 τοῦτο
433 902 521 1002 δρῶν
538 896 602 979 τόν
620 894 649 1007 ᾧ
667 932 709 1001 γε
736 897 900 1002 παρέειτη
917 900 1054 993 παθεῖν,
1073 893 1132 974 ἵνα
1158 898 1210 1003 τῷ
1239 891 1316 1001 ίδίιρ

86 1020 223 1114 5ποίθει
250 1020 317 1122 τῆν
345 1019 514 1104 ἀπόντων
542 1021 716 1104 ἀπάθειαν
742 1023 937 1124 ε’κπρίηται,
965 1019 1163 1127 ἀφιγμένον
1191 1053 1229 1099 τε
1257 1017 1317 1098 διά

117 1154 225 1227 τοῦτο
252 1150 312 1226 καὶ
338 1145 460 1248 μόνον,
477 1146 537 1227 ἵνα
562 1153 615 1255 τῷ
642 1146 756 1254 οἰκείῳ
781 1146 904 1244 αἵματι
931 1144 998 1247 τὴν
1015 1145 1218 1245 σύμπασαν
1246 1146 1316 1246 γῆν

117 1268 388 1372 κατακτῆσηται
421 1277 474 1379 τῷ
505 1276 589 1378 Θεῷ
623 1273 682 1352 καὶ
716 1270 838 1373 Πατρί
848 1302 860 1367 3
901 1267 1114 1354 πλειστάκις
1151 1267 1217 1368 μὲν
1253 1269 1346 1349 afim
1361 1282 1485 1341 1011A.

116 1397 342 1500 ε’μπαροινεῖν
363 1393 542 1495 ἑλομένων
568 1400 641 1476 τῶν
667 1396 849 1477 Ἰουδαίων
876 1395 985 1502 αι’πῷ,
1012 1391 1252 1474 λιθόλευστόν
1276 1427 1315 1474 τε
1341 1446 1344 1463 ι

115 1527 231 1600 ποιεῖν
248 1520 294 1628 ἐξ
315 1521 484 1605 ἀπονοίας
507 1518 787 1626 ἐπιχειρούντων,
805 1517 942 1624 ἀπέδρα
961 1524 1176 1621 θεοπρεπῶς,
1194 1520 1317 1626 ἀφανῆ

69 1688 106 1730 10
116 1643 183 1743 μὲν
200 1643 328 1726 ἑαυτὸν
346 1642 529 1744 καθιστάς,
548 1642 738 1752 ὑπεξάγων
757 1644 795 1725 δὲ
819 1646 879 1724 καὶ
895 1641 997 1744 μάλα
1018 1644 1148 1751 ῥᾳδίως
1164 1647 1227 1744 τῆς
1245 1651 1318 1724 τῶν

119 1768 319 1873 ζητούντων
346 1769 474 1874 χειρός·
515 1769 557 1849 ού
584 1767 656 1873 γάρ
683 1767 793 1869 ἤθελέ
811 1803 870 1849 πω
898 1772 1035 1865 παθεῖν,
1065 1768 1164 1849 οὔπω
1193 1777 1317 1872 καιροῦ

118 1900 317 1978 καλοῦντος
343 1899 392 1976 εἰς
419 1901 526 1974 τοῖντο
549 1901 614 1974 τοῦ
640 1891 848 1999 πρέποντος.
884 1891 1064 1992 ἐπειδὴδὲ
1092 1891 1159 1992 ἤδη
1186 1897 1317 1995 παρῆν,

117 2015 185 2116 τῆν
203 2018 328 2097 ἑστίαν
350 2019 452 2126 ἀφεὶς
474 2020 513 2098 ἐν
530 2014 554 2124 ῆ
573 2016 655 2102 τοὺς
680 2017 788 2102 ἰδίους
811 2015 1119 2120 μεμυσταγῶγηκε
1142 2016 1352 2118 μαθητὰς,1)

118 2143 318 2246 ἀφικνεῖται
334 2140 425 2244 πρὸς
443 2140 566 2239 τόπον,
580 2144 618 2221 ἐν
631 2137 728 2250 ᾧπερ
745 2138 791 2240 ἦν
809 2139 888 2226 ἔθος
905 2142 1147 2223 ἐνδιαιτᾶσθαι
1161 2148 1317 2246 συχνῶς,

70 2299 106 2360 15
119 2264 217 2371 αὐτῷ
234 2299 273 2345 τε
290 2271 342 2374 τῷ
362 2265 509 2346 πάντων
529 2269 670 2369 Σωτῆρι
689 2268 842 2374 Χριστῷ
868 2267 927 2346 καὶ
953 2273 1028 2350 τοῖς
1055 2265 1168 2367 ἀγίοις
1195 2273 1314 2365 μαθη-

117 2395 206 2473 ταῖς.
243 2388 329 2492 ἕδρα
351 2387 389 2470 δέ
413 2398 520 2471 τοῦτο
543 2389 665 2489 πάλιν,
684 2389 937 2494 ἀταλαίπωρον
956 2389 1131 2476 καθιστάς
1150 2395 1200 2499 τῷ
1222 2425 1315 2495 προ·

119 2513 207 2622 δότ-η
234 2513 301 2616 τῆν
328 2518 482 2620 εὕρεσιν.
525 2516 634 2612 κῆπος
662 2518 701 2598 δὲ
728 2519 749 2598 ὃ
776 2524 892 2623 χῶρος
924 2515 969 2618 ἦν
1002 2515 1044 2600 τὸ
1076 2527 1139 2599 τοῦ
1170 2519 1319 2623 ἀρχαίου

118 2644 249 2744 σχῆμα
283 2643 505 2744 παραδείσου
535 2647 701 2746 πληρῶν·
751 2644 1066 2751 ἀνακεφαλαίωσις
1095 2640 1166 2746 γάρ
1194 2641 1319 2746 ῶσπερ

118 2765 279 2867 ἐγίγνετο
296 2771 370 2846 τῶν
388 2762 509 2846 τόπων
528 2766 586 2846 καὶ
611 2762 766 2864 πάντων,
786 2769 834 2850 ῶς
853 2765 936 2851 ἔπος
955 2771 1072 2862 εἰπεῖν,
1090 2765 1319 2870 ε’πανιιδρομῆ

69 2927 106 2968 20
119 2888 213 2992 πρὸς
239 2888 282 2970 τὸ
311 2891 474 2995 ἀρχαῖον.
514 2891 552 2969 έν
579 2888 788 2999 παραδείσῳ
814 2888 881 2989 μὲν
908 2887 980 2993 γάρ
1011 2896 1084 2970 τῶν
1114 2892 1197 2971 καθ’
1226 2893 1320 2992 ῆμάς

118 3019 348 3118 σκυθρωπῶν
365 3011 596 3113 συμβέβηκεν
613 3014 635 3113 ῆ
659 3012 763 3118 ἀρχὴ,
783 3017 821 3094 ἐν
841 3015 941 3122 κῆπιρ
960 3011 999 3094 δὲ
1016 3016 1075 3095 καὶ
1093 3013 1135 3096 τὸ
1153 3021 1350 3119 Χριστοῦθ

118 3138 234 3223 πάθος
262 3138 401 3243 δέχεται
422 3136 489 3237 τῆν
510 3135 636 3242 ἀρχὴν,
655 3136 824 3219 ἁπάντων
842 3138 927 3238 ἡμῖν
943 3144 1016 3220 τῶν
1033 3136 1152 3219 πάλαι
1175 3146 1317 3239 συμβε-

118 3262 286 3363 βηκότων
304 3260 474 3370 εἰσφέρον
492 3261 557 3362 τῆν
575 3259 837 3365 ἐπανόρθωσιν.

114 3513 158 3580 '0
184 3508 242 3580 οὗν
267 3510 395 3580 Ἰούδας
423 3511 626 3601 παραλαβὼν
652 3513 711 3580 τάν
739 3507 875 3603 σπεῖραν
903 3510 957 3580 καὶ
986 3513 1023 3580 ὲκ
1049 3513 1115 3582 τῶν
1143 3513 1351 3605 ἀρχιερὲωιη

72 3663 107 3724 ²5
171 3638 226 3705 καὶ
253 3635 444 3728 Φαρισαίων
472 3637 636 3727 ὑπιιρὲται
661 3635 790 3727 ἔρχεται
808 3633 885 3705 ἀκεῖ
910 3638 992 3720 μετὰ
1021 3639 1136 3727 φανῶν
1159 3639 1213 3705 καὶ
1239 3651 1320 3715 λαμ-

170 3765 288 3833 πάδων
317 3763 371 3830 καί
393 3765 519 3832 ὅπλων.

174 3937 463 4039 Ἀναγκαιότατα
489 3933 603 4017 πάλιν
630 3936 651 4015 ό
679 3925 872 4021 θεσπέσιος
901 3933 1177 4041 Εύαγγελιστῆς
1204 3938 1242 4015 έν
1268 3939 1320 4043 τῷ

120 4061 226 4169 κῆπιρ
263 4059 430 4163 γενέσθαι
467 4063 562 4168 φησὶ
598 4057 661 4140 τάν
697 4062 858 4161 Ἰησοῦν,
898 4062 941 4141 ού
979 4059 1143 4160 πλήθους
1179 4062 1357 4163 ἀνδρῶνᾶ

121 4185 260 4289 ἐτέρων,
279 4185 343 4265 οὐκ
370 4182 484 4291 ὄχλου
507 4182 731 4282 συνθεόντος,
759 4185 872 4287 ἤγουν
900 4182 1090 4284 ἐπαμύνειν
1118 4183 1214 4291 αύτῷ
1243 4186 1318 4264 διε-

156 4416 182 4474 5,
200 4400 271 4472 πάθη
285 4401 318 4456 Ε.
637 4418 663 4472 9.
682 4397 879 4472 ἐπιχειρούντων
891 4399 922 4526 ἐξ
931 4397 1052 4456 ἀπονοίας
1063 4399 1170 4454 inverso
1181 4399 1274 4456 ordine
1288 4400 1320 4456 E.

124 4488 166 4562 {5-
183 4495 213 4529 τι
225 4479 397 4597 πευωὲῐυω
409 4489 442 4528 ex
455 4471 488 4528 Ε.
680 4489 722 4543 19.
740 4476 792 4526 τῶν
802 4472 889 4526 τόπων
923 4510 931 4527 .
944 4471 1030 4526 τόπων
1042 4468 1093 4525 Εδ.
1106 4488 1162 4559 mg.
1175 4474 1255 4527 τόπον
1269 4471 1321 4528 Ed.

122 4543 300 4614 παναδρορῆν
338 4581 345 4596 .
515 4558 558 4615 23.
577 4541 754 4615 εἶσφίρωνΕ.
768 4540 850 4598 Cord.
1021 4542 1063 4598 28.
1082 4542 1126 4599 τὸν
1146 4546 1240 4614 Ιησοῦν
1251 4544 1321 4614 φησι

123 4617 228 4672 ἰατοτιο
239 4611 334 4670 ordine
346 4611 380 4669 Ε.
1316 4651 1317 4656 1
