3278 5130
326 247 391 312 344
499 249 538 314 B.
558 246 748 316 OYRILLI
774 248 1038 316 ALEXANDR.
1067 247 1356 314 FRAGMENTA
1449 251 1501 313 iv.
1526 265 1556 328 7.

171 347 303 415 [94³2]

744 719 1006 795 ΤΟΜΟΣ
1062 718 1106 794 Γ.

786 948 982 1023 ΛΟΓΟΣ
1022 949 1066 1023 Α.

687 1183 748 1250 Ἐν
773 1183 977 1274 ὀστρακίνοις
1004 1183 1157 1248 σκεύεσιν.

386 1357 563 1434 ΣΚΕΥΗ
585 1356 760 1461 ὀστράκινα
778 1353 820 1435 τί)
838 1359 901 1454 τῆς
920 1353 1049 1460 λε’ξεως
1068 1350 1228 1454 ὀνομάζει
1246 1352 1373 1449 κοινὸν,
1394 1355 1439 1432 οῦ
1462 1353 1545 1455 γὰρ

329 1478 366 1554 ἐν
386 1475 513 1584 κόμπῳ
537 1478 706 1582 ῥημάτων
728 1485 801 1559 τῶν
821 1481 922 1559 θείων
941 1478 1024 1577 ἡμῖν
1042 1479 1249 1580 μυστηρίων
1269 1477 1290 1576 ἡ
1311 1476 1574 1580 παράδοσις,5

329 1600 414 1677 ἀλλ’
435 1602 481 1682 ὡς
499 1602 537 1678 ἐν
555 1597 649 1706 λε’ξει
675 1606 720 1706 τῇ
743 1608 836 1682 πᾶσι
864 1598 1121 1706 κατειθισμένη,
1138 1600 1198 1679 ἵνα
1217 1597 1355 1683 ’ποίιπες
1382 1601 1537 1697 μανθά-

329 1756 420 1802 νωσι
440 1725 496 1802 καί
516 1732 672 1802 νοοῦσιν.
712 1727 749 1804 τί
771 1727 844 1823 οῦν,
863 1721 892 1804 ὦ
911 1732 1038 1804 Παῦλε
1054 1758 1063 1819 ;
1094 1724 1135 1802 οῦ
1155 1722 1227 1826 γὰρ
1245 1721 1289 1822 ἦν
1307 1720 1457 1829 ἐφικτὸν
1479 1729 1538 1829 τῷ

326 1843 465 1928 πάντας
484 1852 661 1950 σοφοῦντι
680 1851 763 1954 Θειρ
784 1847 865 1932 τοῦς
891 1848 1013 1951 ἁγίους
1037 1845 1266 1931 ἀποστόλους
1290 1843 1533 1942 εῦστομωτσί-

327 2001 409 2052 τους
433 2003 470 2048 τε
493 1967 587 2070 ἄγαν
614 1973 798 2076 ἀποφῆναι
825 1974 953 2078 ῥᾳδίοις
981 1974 1039 2050 καί
1066 1967 1164 2050 πολῦ
1189 1976 1334 2068 μᾶλλον
1354 1967 1376 2068 ἢ
1399 1971 1532 2049 ἐκεῖνοι

327 2093 723 2194 κατευγλωττισμένους
750 2098 809 2173 καί
837 2093 959 2202 κτύπῳ
986 2093 1155 2197 ῥημάτων
1182 2091 1445 2192 καταπλήττειν
1479 2098 1530 2172 εί-
1550 2125 1587 2164 10

327 2214 433 2300 δότας
451 2214 533 2300 τοῦς
557 2217 863 2323 ἐντυγχάνοντας;
897 2219 956 2296 ναί
981 2225 1107 2322 φησιν,
1135 2215 1239 2300 αὐτὸς
1265 2212 1336 2318 γάρ
1354 2217 1434 2293 ε’στι
1459 2220 1528 2314 τῆς

327 2341 462 2445 σοφίας
481 2342 501 2420 ὁ
523 2339 687 2446 χορηγός·
718 2340 802 2420 ἀλλ’
822 2343 852 2422 ἓν
874 2343 1076 2450 ν’στρακίνσις
1103 2339 1250 2430 σκεύεσι,
1270 2337 1466 2436 τουτέστιν,
1487 2341 1528 2417 ἐν

328 2461 399 2568 ἕξει
428 2469 543 2572 μικρῷ
570 2467 622 2545 τὶν
652 2472 747 2546 θεῖον
777 2465 861 2564 ἡμῖν
891 2464 1097 2545 κατέκλεισε
1131 2461 1292 2569 θησαῦροι.
1328 2459 1387 2540 διὰ
1414 2461 1527 2540 ποίαν

326 2585 466 2684 αίτίαν;
506 2588 561 2668 ’ίνσ
586 2593 604 2682 ἡ
628 2586 795 2695 ῦπερβολίτ
823 2586 882 2681 τῆς
907 2584 1077 2692 δυνάμεως
1099 2584 1116 2700 ᾗ
1140 2589 1195 2666 τοῦ
1216 2587 1302 2666 Θεοῦ
1330 2591 1389 2664 καί
1413 2581 1461 2688 μίν
1486 2584 1525 2689 ἐξ

326 2707 425 2812 ἡμῖν.
461 2711 572 2793 οὕτως
590 2708 661 2813 γὰρ
679 2711 825 2790 ἔπεισαν
842 2709 978 2794 πάντας
997 2713 1242 2812 προσδραμεῖν
1259 2713 1304 2813 τῇ
1322 2707 1454 2789 πίστει.
1492 2713 1522 2786 εί
1541 2736 1576 2794 15

325 2829 397 2932 γὰρ
424 2829 469 2930 ἦν
487 2834 525 2912 ἐν
543 2834 661 2916 αῦτοῐς
688 2832 855 2937 λαμπρὸς
880 2835 900 2912 ὁ
925 2831 1048 2935 λόγος,
1067 2831 1194 2939 ἔδοξαν
1220 2830 1264 2912 δν
1290 2830 1371 2910 ἔσθ’
1392 2828 1450 2909 ὅτε
1477 2831 1523 2907 οῦ

325 2959 388 3053 τῆς
407 2958 515 3035 αῦτοῦ
533 2954 712 3053 δυνάμεως
730 2959 948 3057 γεγενῆσθαι
966 2955 1189 3059 κατόρθωσις
1207 2961 1281 3034 τῶν
1296 2952 1521 3052 κεκλημένων

326 3079 348 3175 ἡ
370 3079 503 3162 πίστις.
540 3077 658 3179 ἐπειδὴ
677 3080 714 3159 δὲ
732 3079 791 3158 διὰ
814 3084 937 3185 ψιλῶν
956 3080 1103 3160 ἔπεισαν
1130 3077 1300 3184 ῥημάτων
1325 3078 1435 3160 οῦδείς
1461 3077 1517 3154 ε’ν-

325 3196 451 3300 δοιόζει
470 3199 524 3279 ὅτι
542 3206 637 3281 Θεοῦ
654 3201 777 3304 γε’γονε
792 3202 850 3296 τῆς
867 3204 906 3281 ἐν
923 3200 1038 3311 τούτῳ
1057 3199 1227 3306 δυνάμεως
1246 3207 1263 3297 ἡ
1282 3201 1459 3309 ὑπερβολή.

381 3319 604 3423 Ὀστμοίκινα
626 3325 737 3425 σκεύη
762 3325 915 3427 λε’γομεν
933 3321 958 3404 ἂ
975 3328 1201 3428 περικείμεθα
1219 3325 1373 3421 σώματα
1390 3324 1427 3401 ἐν
1445 3329 1515 3405 τοῖς
1531 3357 1568 3398 ²0

325 3447 509 3540 αἰσθητοῖς
538 3443 647 3546 ὅντες,
675 3448 810 3554 διανοίᾳ
837 3448 994 3554 τοιαύτη·
1034 3452 1109 3530 ἐπεὶ
1140 3449 1190 3527 ἔτι
1219 3447 1340 3549 σάρκα
1363 3447 1509 3546 περικεί·

325 3601 425 3665 μενοι
456 3568 521 3669 τὴν
552 3571 811 3672 ἐμποδίζουσαν
841 3575 886 3675 τῇ
919 3573 1048 3678 θεωρίᾳ
1080 3575 1144 3669 τῆς
1174 3569 1353 3670 ἀληθείας,
1382 3575 1512 3671 γνῶσιν

325 3690 453 3797 ἔχομεν
470 3690 535 3792 τὴν
557 3697 638 3796 περὶ
665 3698 728 3793 τῆς
746 3691 911 3796 Τριόδος,
935 3699 952 3788 τί
978 3692 1145 3799 ὑπερβσλῆ
1174 3701 1238 3773 τοῦ
1264 3691 1435 3794 μεγεθους
1453 3697 1511 3792 τῆς

324 3815 494 3918 γνώσεως
522 3816 584 3897 οῦκ
614 3816 649 3924 ἐξ
677 3816 775 3924 ἡμῶν,
804 3818 889 3895 ἀλλ’
916 3819 955 3897 ἐκ
986 3818 1071 3898 Θεοῦ
1104 3811 1274 3924 δυνάμεως
1307 3813 1510 3921 ὑπάρχουσα

324 3939 410 4037 ἡμῖν
428 3939 642 4044 γνωρίζεται.
1524 3963 1559 4021 ²5

364 4177 388 4226 1,
402 4178 426 4216 2.
447 4161 488 4218 Ita
502 4162 540 4218 H.
664 4182 744 4238 ⁴·19·
764 4165 825 4221 Hoc
838 4165 960 4222 scholion
972 4165 1050 4220 nobis
1063 4183 1114 4236 sup
1133 4163 1215 4219 editat
1228 4163 1266 4219 H.
1391 4160 1418 4216 6.
1436 4183 1506 4215 κατει-

325 4231 404 4298 θισμέ
434 4231 492 4303 ]κα
523 4231 631 4305 θισμίνη
645 4235 713 4291 Cod.
831 4249 857 4305 7.
877 4234 994 4306 νοοῦσιν]
1009 4234 1051 4288 Ita
1064 4233 1131 4288 Co.
1185 4237 1216 4288 τδ
1230 4232 1298 4288 Cod.
1421 4231 1458 4285 18.
1472 4231 1506 4285 ίν·

325 4255 433 4372 δοιάζίίί
448 4302 490 4358 Ita
543 4303 570 4359 d.
652 4319 747 4376 20-25.
766 4304 885 4360 Adnotut
898 4323 926 4360 τε
940 4305 1003 4360 haec
1016 4321 1048 4358 ex
1061 4305 1111 4360 alio
1124 4305 1215 4360 codice
1227 4302 1407 4374 desumpsisse
1420 4301 1505 4356 Maius.
