3300 5138
297 309 361 372 522
529 307 567 370 B.
592 303 779 369 CYllILLI
806 299 1068 368 ALEXANDR.
1096 299 1267 366 FRAGM.

826 543 971 608 Crmnsr.

342 681 429 766 Ergo
447 681 596 767 quoniam
613 681 695 764 quod
715 686 765 744 eet
778 681 893 763 gratia,
915 702 979 743 non
1001 683 1123 756 natura,
1146 683 1180 743 et
1202 677 1283 762 quod
1306 682 1354 742 est
1377 681 1505 752 natura,

299 807 364 848 non
379 784 483 868 gratia
496 808 504 860 ;
519 805 583 848 non
599 788 674 847 sunt
688 782 746 845 filii
761 783 823 846 duo
838 783 1008 846 seeundum
1020 787 1108 845 tuam
1119 781 1283 847 rationem.
1315 780 1380 844 Qui
1395 780 1508 864 gratia

299 887 427 971 quidem
445 891 478 950 et
498 908 562 950 non
579 891 694 949 natura
713 885 798 948 lilius
817 889 877 962 est,
892 906 956 948 non
974 890 1023 948 est
1037 906 1110 948 vere
1126 883 1217 961 filius,
1234 888 1374 968 superest
1393 887 1505 946 autern

298 995 336 1054 ut
356 993 455 1054 staret
471 1010 562 1052 verae
577 986 741 1051 filiationis
759 986 862 1070 gloria
881 987 914 1049 in
934 1008 971 1050 eo
984 985 1040 1070 qui
1057 991 1107 1050 est
1120 991 1234 1051 natura
1253 993 1287 1051 et
1305 1009 1369 1051 non
1384 985 1504 1069 grstia,
1521 1003 1540 1060 5

298 1093 331 1157 id
352 1099 410 1170 est,
426 1092 460 1155 in
475 1091 545 1155 Deo
560 1090 667 1154 Verbo
682 1088 748 1154 Qui
768 1093 817 1153 est
838 1111 877 1152 ex
896 1088 966 1153 Deo
985 1089 1089 1154 Patre.
1134 1089 1295 1173 Expulsus
1317 1095 1365 1152 est
1386 1087 1504 1172 igitur,

298 1195 380 1259 siout
394 1194 469 1270 dixi,
485 1216 551 1258 esse
566 1198 599 1257 et
614 1191 676 1256 diei
692 1191 791 1255 Filius
806 1191 868 1255 Dei
883 1190 1029 1254 Christus
1045 1191 1149 1269 Jesus,
1168 1213 1223 1275 per
1240 1213 1333 1276 quem
1353 1195 1386 1256 et
1405 1189 1503 1254 salvi-

298 1297 384 1362 lieati
410 1318 530 1372 sumus,
558 1299 691 1359 mortem
718 1295 784 1378 ejus
809 1293 1045 1371 annuntiantes,
1072 1301 1106 1359 et
1134 1295 1319 1359 confitentes
1348 1312 1502 1357 resurree-

131 1413 278 1465 Rom.x.8.
298 1401 430 1467 tionem.
478 1398 654 1462 “Verbum
679 1396 765 1460 enim
788 1395 859 1460 fidei
887 1396 970 1480 quod
992 1397 1239 1481 praedicamus,'’
1262 1399 1302 1462 ad
1326 1396 1419 1460 istam
1442 1417 1504 1458 nos

298 1501 524 1568 confessionem
538 1499 691 1584 perducit.
736 1500 824 1582 Ergo
840 1498 874 1562 in
891 1499 1052 1564 hominem
1071 1500 1149 1564 fides
1168 1505 1226 1579 est,
1240 1505 1273 1564 et
1290 1521 1355 1564 non
1375 1498 1410 1561 in
1426 1519 1503 1561 eum
1522 1517 1562 1556 10

298 1606 354 1691 qui
371 1611 405 1669 et
421 1610 536 1669 natura
553 1609 587 1668 et
600 1624 672 1667 vere
687 1600 748 1666 Dei
764 1601 864 1664 Filius
887 1607 945 1665 est.
991 1601 1027 1664 si
1050 1603 1136 1666 enim
1153 1626 1245 1668 verus
1268 1607 1325 1680 est,
1347 1601 1402 1686 qui
1421 1599 1503 1664 dieit

298 1708 404 1792 gratia
417 1706 602 1770 filiationem
616 1704 764 1769 sortitum
786 1726 851 1768 esse
872 1704 987 1788 ipsum,
1003 1705 1203 1770 multitudini
1224 1705 1360 1771 liliorum
1381 1727 1502 1769 oonnu·

298 1810 482 1886 morabitur,
497 1807 530 1872 id
545 1812 594 1872 est
612 1805 715 1884 nobis,
730 1805 845 1891 quibus
862 1828 996 1888 superna
1010 1808 1116 1891 gratia
1135 1808 1319 1873 filiationem
1338 1807 1445 1883 donat,
1459 1807 1504 1870 ad

131 1922 235 1988 Iota
299 1934 393 1997 quam
408 1911 510 1975 vocati
532 1932 641 1974 sumus
663 1931 719 1992 per
734 1909 845 1973 Jesum
861 1908 1035 1988 Christum,
1051 1911 1106 1995 qui
1127 1933 1166 1974 ex
1188 1911 1306 1975 semine
1324 1909 1427 1974 David
1451 1915 1503 1974 est

299 2016 471 2080 seeundum
486 2033 620 2078 earnem.
658 2013 703 2076 Et
719 2017 838 2076 certum
855 2017 887 2076 te
902 2010 999 2076 faeiat
1013 2012 1119 2077 dioens
1134 2013 1261 2078 divinus
1276 2012 1501 2099 Evangelista:
1521 2026 1562 2086 15

131 2122 268 2174 strant
301 2125 321 2155 “
337 2116 402 2182 Qui
416 2137 489 2182 vero
512 2119 700 2199 aeceperunt
721 2115 816 2192 Eum,
838 2114 926 2179 dedit
949 2115 994 2179 eis
1018 2121 1208 2200 potestatem
1231 2117 1312 2182 filios
1334 2116 1395 2182 Dei
1421 2117 1501 2194 lieri,

134 2201 171 2238 ¹²¹
301 2216 534 2284 “credentibus
560 2217 594 2282 in
618 2217 746 2282 nomine
768 2216 878 2302 Ejus.''
930 2216 1052 2283 Deinde
1075 2221 1231 2303 quomodo
1255 2219 1311 2305 qui
1332 2220 1373 2284 ab
1401 2218 1502 2284 altero

299 2323 409 2387 datam
424 2321 616 2406 dignitatem
631 2318 793 2384 filiationis
810 2319 941 2384 sortitus
962 2325 1021 2400 est,
1035 2326 1069 2386 et
1090 2322 1181 2386 nobis
1202 2323 1279 2406 ipsis
1297 2324 1412 2387 donare
1433 2343 1501 2386 non

298 2448 387 2491 suam
402 2425 515 2509 magis,
531 2423 586 2488 sed
600 2422 787 2508 acquisitum
802 2422 831 2487 ei
846 2422 1042 2487 extrinsecus
1055 2425 1219 2509 gratiam?

342 2527 390 2591 Dr
409 2545 484 2591 Post*
503 2544 616 2590 Pnuon.
662 2524 761 2591 Dedit
783 2525 920 2609 seipsum
939 2525 974 2589 in
988 2526 1235 2593 exinanitionem
1251 2527 1360 2606 uilius,
1376 2532 1409 2592 et
1425 2549 1501 2592 eum
1518 2543 1561 2582 20

298 2630 334 2694 in
356 2629 501 2695 omnibus
523 2633 604 2692 esset
626 2628 792 2712 perlectus,
807 2628 911 2693 voluit
933 2630 1001 2712 pati
1023 2629 1247 2709 humilitatem,
1270 2636 1304 2696 et
1328 2630 1502 2696 seeundum

298 2755 423 2798 oamem
449 2754 488 2797 ex
518 2730 646 2795 muliere
669 2731 823 2795 sustinere
848 2731 1061 2811 nativitatem,
1085 2737 1119 2798 et
1142 2734 1316 2818 appellatus
1341 2739 1390 2798 est
1413 2732 1502 2796 filius

298 2836 448 2901 Abrahae
471 2840 504 2899 et
530 2831 644 2897 David.
694 2833 772 2897 Non
795 2833 929 2906 miratus
958 2857 991 2900 es
1022 2839 1087 2900 tam
1110 2836 1229 2902 bonum
1258 2835 1501 2922 dispensationis

298 2937 478 3014 artificium,
504 2935 607 3020 magis
634 2957 706 3000 vere
732 2935 934 3018 reprehendis
955 2938 1160 3023 mysterium:
1190 2939 1338 3024 injuriam
1361 2961 1426 3004 esse
1449 2939 1500 3002 di-

298 3064 372 3107 oens
393 3041 648 3106 Inoamationem
671 3039 852 3125 Unigeniti‚
876 3041 1018 3126 inerepas
1048 3042 1214 3107 eonsilium
1237 3042 1298 3109 Dei
1319 3049 1353 3109 et
1374 3043 1498 3108 Patris:
1517 3065 1558 3122 ²5
1629 3101 1630 3114 .

298 3144 448 3208 inclamas
463 3165 537 3209 vero
552 3143 650 3208 etiam
664 3142 768 3226 ipsum
784 3141 909 3222 Filium,
925 3144 979 3228 qui
996 3145 1063 3229 pati
1077 3146 1179 3212 voluit
1193 3152 1323 3231 propter
1343 3153 1377 3211 te
1391 3146 1498 3211 exina-

299 3246 464 3310 ultionem.
510 3246 591 3310 Cum
613 3245 716 3330 igitur
736 3244 872 3310 audieris
893 3247 1051 3312 dicentem
1070 3248 1110 3312 ad
1132 3250 1297 3314 caelestem
1319 3249 1446 3314 Patrem
1466 3255 1500 3314 et
1629 3263 1630 3266 ’

301 3349 407 3413 Deum
421 3356 443 3387 “
453 3347 648 3412 Sacrificium
661 3354 695 3412 et
709 3347 899 3414 oblationem
913 3349 1054 3428 noluisti,
1069 3350 1251 3417 holocauste
1266 3357 1299 3416 et
1313 3373 1368 3434 pro
1383 3352 1499 3418 delicto

185 3459 192 3474 '
303 3459 322 3488 “
337 3472 402 3515 non
411 3449 587 3534 postulasti,
597 3472 709 3534 eorpus
722 3456 830 3515 autem
841 3452 999 3536 perfecisti
1007 3453 1102 3518 mihi:
1125 3459 1197 3519 tum
1212 3455 1281 3519 dixi
1295 3455 1375 3520 Eooe
1385 3455 1497 3520 venio:

303 3560 321 3591 “
337 3553 373 3616 in
395 3552 498 3636 eapite
519 3551 593 3616 libri
617 3553 768 3636 seriptum
790 3559 839 3618 est
861 3554 900 3619 de
922 3577 981 3633 me,
1004 3562 1042 3620 ut
1062 3556 1175 3622 faeiem
1190 3558 1388 3623 voluntatem
1410 3563 1497 3622 tuam
1514 3581 1557 3638 30

301 3663 322 3694 “
337 3655 434 3736 Deus,
450 3653 537 3721 volui
547 3654 575 3718 :’'
597 3677 661 3720 non
686 3661 772 3720 reeta
794 3657 934 3742 negitare
956 3657 1091 3724 forsitan
1114 3660 1231 3725 Filium
1256 3661 1295 3726 de
1320 3682 1377 3725 sua
1397 3659 1498 3745 gloria

339 3896 363 3935 ι.
383 3878 425 3935 Itu
437 3879 484 3943 D.,
498 3879 602 3947 Surius,
615 3879 732 3950 cyrillus
744 3879 797 3936 Ed.
891 3895 915 3953 7.
934 3881 1000 3936 salvi
1012 3881 1074 3936 facti
1087 3882 1124 3937 D.
1212 3884 1239 3939 8.
1258 3881 1447 3939 adnuntiantes
1461 3885 1496 3939 D.

300 3969 327 4022 9.
346 3949 408 4004 fidei
419 3967 468 4004 om.
483 3948 549 4022 [fide
559 3968 690 4020 suprasor.
704 3969 786 4005 manu
797 3955 830 4005 ut
841 3950 895 4006 vid.
908 3949 1059 4024 recentiori]
1073 3953 1110 4008 D.
1267 3969 1308 4008 ιο.
1326 3953 1448 4024 perducit
1461 3955 1497 4020 D,

301 4027 320 4052 ‘⁸
330 4020 438 4075 Veteres
450 4019 511 4075 libri
519 4020 538 4046 ”
551 4020 655 4085 Belua,
668 4021 790 4091 producit
803 4020 855 4076 Ed.
911 4039 951 4077 11.
964 4031 990 4077 et
1019 4024 1075 4077 πἰιι
1087 4041 1136 4077 om.
1149 4024 1185 4077 D.
1221 4040 1300 4079 verm
1316 4023 1351 4088 D,
1364 4023 1498 4081 “Veteres

300 4089 360 4146 libri
368 4091 385 4116 ”
399 4089 501 4154 Belua,
515 4090 620 4156 Surius,
633 4109 726 4147 verum
740 4091 790 4146 Ed.
918 4108 959 4164 13.
978 4041 1103 4149 filiatione
1116 4095 1152 4149 D.
1207 4092 1306 4149 donata
1318 4111 1401 4149 manu
1414 4096 1498 4164 prime

300 4169 331 4216 ut
342 4160 397 4216 vid.
408 4161 438 4215 iu
450 4177 570 4216 rasuram
585 4161 620 4215 D.
755 4179 796 4228 ιι.
814 4160 887 4215 davit
899 4162 936 4217 D.
1080 4177 1121 4232 15.
1141 4163 1232 4218 diceus
1245 4163 1298 4219 div.
1312 4163 1497 4260 Evangelista]

301 4230 398 4286 dixisse
410 4231 487 4286 etiam
500 4231 601 4302 angelis
613 4232 664 4286 iste
676 4231 737 4299 (sic)
751 4231 787 4286 D.
922 4231 963 4288 16.
981 4251 1038 4288 eam
1053 4234 1089 4289 D.
1135 4235 1200 4288 “Al.
1213 4251 1277 4298 eam,
1291 4235 1347 4290 scil
1360 4235 1488 4306 gretiam’

301 4300 468 4356 llerduiuus.
605 4319 645 4374 ¹9·
663 4301 823 4373 adquisitum
838 4301 874 4356 D.
1008 4320 1052 4359 ιο.
1070 4305 1292 4360 examinationem
1306 4304 1367 4369 Ed„
1379 4307 1498 4360 exiuam-

300 4370 399 4424 tionem
412 4371 487 4424 tabet
500 4369 605 4426 Suriur.
658 4381 685 4426 et
697 4370 771 4442 cum]
785 4371 832 4426 sed
844 4391 906 4428 eum
920 4373 955 4428 D.
1114 4391 1156 4446 23.
1178 4372 1278 4446 David]
1297 4383 1324 4439 ÷
1339 4392 1394 4431 uon
1406 4377 1498 4448 rapine

300 4438 442 4494 arbitratus
454 4449 494 4494 est
507 4441 543 4496 D.
653 4456 695 4512 25.
713 4443 1035 4512 increpans-inclamans
1049 4445 1085 4501 D.
1193 4445 1236 4500 28.
1254 4453 1281 4500 et
1290 4443 1352 4518 alt]
1365 4447 1444 4502 etism
1460 4446 1496 4500 D.

301 4524 344 4579 ²9·
362 4516 427 4563 tune
440 4509 476 4563 D.
617 4529 660 4582 3¹·
679 4522 748 4567 recte
762 4512 799 4567 D.
