3284 5130
295 305 338 373 82
599 307 638 374 B.
663 308 871 376 CYRILLI
902 309 1193 377 ALEXANDR.
1298 307 1363 374 xix.
1379 303 1492 390 17,18.

349 471 487 554 Ἰστέου
505 473 542 554 δὲ
567 473 622 555 ότι
644 477 702 556 καὶ
722 477 742 556 ό
761 476 954 562 θεσπέσιος
975 476 1114 580 Πέτρος
1137 477 1179 557 οῦ
1197 471 1359 584 φορητὴν
1376 469 1494 570 ε’ποιῆ-

294 595 390 676 σατό
418 631 508 679 ποτε
539 598 605 699 τῆν
636 597 848 704 πρόῤῥησιν,
875 599 922 681 τά
954 604 1012 683 ε’πὶ
1042 607 1095 709 τῷ
1124 605 1273 708 σταυρῷ
1304 629 1494 700 προαπαγ-

294 721 481 822 γείλαντος
511 718 611 823 πάθη
638 731 702 803 τοῦ
731 729 899 828 Σωτῆρος
925 724 1027 825 ῆμῶν
1055 731 1233 829 Χριστοῦ·
1275 724 1295 802 ὁ
1327 720 1392 820 μὲν
1422 717 1494 822 γάρ

125 989 193 1066 1ng
207 1001 248 1052 4⁵.
295 977 318 1014 ‘⁶
336 969 527 1073 ἀνθριῦπου
544 973 780 1075 παραδίδοται
799 978 848 1057 εἷς
866 980 986 1078 χεῖρας
1005 975 1242 1076 ἁμαρτωλῶν,
1253 971 1311 1050 καὶ
1328 965 1493 1068 σταυρῶ-
1508 989 1527 1050 5

125 1071 183 1103 Μ’
197 1067 236 1116 ²³⁸
296 1102 318 1140 “
336 1127 470 1174 σουσιν
480 1094 600 1195 αὐτόν,
614 1101 671 1176 καὶ
685 1099 979 1178 ἀποκτενοῦσιυ·”
1011 1100 1031 1177 ό
1046 1096 1085 1177 δὲ
1098 1101 1162 1198 τῆς
1175 1094 1376 1194 οἰκονομίας
1394 1094 1494 1173 οὔπω

295 1221 414 1303 συνεὶς
432 1218 474 1300 τὸ
492 1219 701 1324 μυστήριον,
719 1217 780 1301 ἅτε
799 1219 843 1322 δῆ
861 1219 1031 1327 φιλόθεός
1050 1224 1165 1302 τεκαὶ
1185 1213 1494 1326 φιλοδιδάσκαλος

294 1339 353 1439 ῶν,
372 1342 416 1448 ἐξ
441 1343 631 1437 εὐλαβείας
655 1343 889 1444 κεκιυημείιος,
909 1345 1069 1451 ἔφασκεν
1096 1355 1118 1392 “
1131 1341 1260 1428 Ἵλεώς
1287 1376 1349 1422 σοι
1370 1340 1491 1443 Κύριε,

294 1475 316 1512 “
335 1468 376 1546 οὐ
403 1465 453 1566 μῆ
481 1467 584 1548 ἔσται
611 1503 673 1548 σοι
700 1469 842 1550 τοῦτο·”
891 1473 949 1549 καὶ
976 1469 1015 1550 τί
1043 1467 1135 1573 πρός
1161 1477 1277 1549 ταῦτα
1303 1471 1490 1568 Χριστος;

123 1600 163 1649 1¹²·
176 1614 216 1662 ²³·
294 1600 316 1637 ‘⁶
328 1586 475 1692 Ὕπαγε
496 1593 615 1672 ὀπίσω
633 1626 703 1693 μου
720 1600 863 1673 σατανά
884 1593 1096 1674 σκάνδαλόν
1115 1627 1185 1692 μου
1203 1588 1244 1689 εί,
1264 1590 1319 1671 ότι
1337 1590 1380 1669 οῦ
1399 1594 1491 1694 φρο-
1512 1621 1550 1661 10

295 1723 316 1760 ‘⁴
335 1720 404 1798 υεΐς
430 1714 477 1794 τὰ
504 1724 567 1796 τοῦ
587 1721 682 1796 Θεοῦ
709 1717 809 1796 ἀλλά
838 1714 884 1797 τά
912 1724 985 1800 τῶν
1012 1717 1247 1820 ἀνθρώπων.”
1281 1715 1364 1793 ἀλλ’
1394 1711 1495 1791 ἔστιν

264 1839 453 1918 σε’ντεῦθεν
482 1840 524 1917 οῦ
552 1842 699 1944 μετρίαν
727 1841 812 1941 ῆμιν
840 1841 1022 1949 συλλέξαι
1048 1839 1114 1942 τῆν
1145 1839 1283 1941 ὄνησιν·
1323 1835 1494 1934 εἰσόμεθα

293 1960 366 2064 γάρ
393 1961 448 2042 ὅτι
477 1971 600 2067 καιροῦ
630 1974 826 2050 καλοῦντος
853 1971 901 2052 είς
927 1965 1095 2073 ἐπίδειξιν
1121 1965 1284 2068 ἀνδρείας
1311 1965 1375 2061 τῆς
1403 1956 1495 2039 κατά

293 2083 402 2182 θεὸν,
423 2089 481 2166 καὶ
503 2090 644 2185 ἀγῶνας
662 2087 745 2172 τοῦς
763 2088 855 2198 ,ὑπὲρ
874 2092 1001 2193 ἀρετῆς
1025 2089 1274 2185 εὶσβαίνοιπας
1297 2090 1495 2186 τληπαθεΐν

293 2212 498 2313 ἀναγκαῖον,
517 2212 616 2291 ἀλλά
635 2212 701 2292 κάν
720 2219 752 2294 οἱ
775 2213 925 2319 σφόδρα
945 2217 1116 2314 τιμῶντές
1142 2247 1182 2294 τε
1204 2216 1262 2292 καὶ
1286 2214 1493 2313 ἀγαπῶντες
1512 2235 1549 2295 15

293 2334 540 2416 ἀποκωλόωσί
553 2371 587 2416 τι
605 2339 694 2440 δρᾶν
712 2343 784 2417 τῶν
803 2336 876 2417 ὅσα
892 2347 993 2420 τελεῖ
1007 2337 1098 2443 πρὸς
1116 2335 1342 2441 κατόρθωσιν
1358 2336 1494 2436 ἀρετῆς,

291 2455 359 2558 τῆν
376 2460 413 2538 ἐν
431 2459 632 2564 ἀνθρώποις
659 2460 770 2567 τυχόν
797 2463 946 2571 ἀδοξίαν
970 2464 1222 2566 προτείνοντες,
1241 2459 1354 2561 ἤγουν
1371 2454 1492 2555 ἐννοῆ-

291 2582 420 2668 σαντές
448 2617 482 2664 τι
510 2583 695 2685 κοσμικόν,
717 2587 938 2688 προσεκτέον
965 2590 1140 2684 οὐδαμῶς.
1181 2583 1393 2690 διαφέρουσι
1421 2576 1493 2683 γάρ

292 2703 369 2786 κατ’
382 2708 507 2788 οῦδένα
520 2706 655 2809 τρόπον
668 2717 733 2791 τοῦ
746 2717 899 2808 σατανᾶ,
915 2709 944 2820 ῷ
958 2710 1000 2792 τὸ
1014 2710 1208 2791 σκάνδαλα
1220 2706 1353 2790 τιθέναι
1367 2704 1491 2812 φίλον,

291 2829 520 2932 τετριμμένον
547 2865 585 2912 τε
613 2837 671 2913 καὶ
699 2833 864 2932 σύνηθες,
889 2837 1042 2920 ἀπάταις
1070 2836 1146 2915 τισὶ
1173 2835 1231 2913 καὶ
1261 2831 1385 2934 λόγοις
1410 2827 1490 2910 ἔσθ’
1510 2867 1551 2907 20

124 2950 352 3032 mamre
379 2960 571 3051 μαλακοῖς,
593 2959 656 3053 τῆς
684 2963 747 3035 τοῦ
775 2958 1027 3063 συμφέροντος
1055 2957 1167 3059 θῆρας
1194 2953 1354 3064 ἐξέλκειν
1371 2952 1435 3034 τόν
1454 2953 1493 3030 ἐκ

293 3075 465 3182 φιλοθίου
491 3077 637 3180 γνιόμης
665 3084 714 3164 εἰς
745 3087 852 3161 τοῦτο
885 3081 1181 3186 παρωρμημένον.
1223 3080 1286 3160 καί
1309 3113 1371 3176 μοι
1399 3082 1498 3158 δοκεῖ

123 3217 239 3284 Ilm-²9·
291 3201 453 3280 τοιοῦτόν
480 3235 515 3280 τι
546 3201 750 3298 βούλεσθαι
779 3209 914 3304 δηλοῦν
941 3206 1028 3287 ὅταν
1057 3207 1147 3313 λε’γη
1176 3203 1339 3308 Χριστός
1364 3213 1385 3250 “
1402 3200 1493 3282 Ἐἀν

293 3335 314 3373 “
332 3324 395 3404 οὖν
413 3325 433 3404 ό
452 3325 643 3432 ὀφθαλμός
670 3361 741 3407 σου
760 3330 779 3408 ό
799 3329 915 3435 δεξιὸς
932 3331 1154 3436 σκανδαλίζῃ
1183 3364 1239 3428 σε,
1258 3327 1360 3435 ἔξελε
1386 3325 1494 3406 αὑτὸν

291 3457 314 3495 “
332 3451 391 3528 καὶ
418 3447 513 3544 βάλε
541 3449 614 3530 ἀπὸ
642 3451 747 3532 σοῦ.”
785 3451 828 3533 τὸ
854 3452 927 3557 γάρ
953 3457 1096 3536 ἀδικοῦν
1114 3456 1178 3535 οῦκ
1202 3459 1328 3533 οἰκεῖον
1347 3451 1408 3547 ἔτι,
1426 3447 1494 3530 κάν
1509 3482 1548 3543 ²5

290 3578 342 3680 τῷ
359 3576 422 3672 τῆς
442 3572 584 3676 ἀγάπης
604 3582 729 3684 θεσμῷ
747 3574 837 3677 πρὸς
856 3575 1005 3679 ἑνότητα
1024 3580 1239 3686 σφίγγηται,
1254 3575 1321 3658 κάν
1340 3577 1362 3676 ῆ
1381 3573 1494 3683 φόσις

291 3699 387 3805 αὐτῷ
404 3696 446 3776 τὸ
465 3703 529 3796 τῆς
546 3696 638 3801 πρός
657 3699 749 3798 ἡμᾶς
768 3701 979 3800 οἰκειότητος
998 3703 1182 3808 χαρίζηται
1202 3704 1346 3783 δίκαιον.

348 3827 507 3926 Ληστῶν
535 3821 572 3902 δὲ
600 3822 687 3906 δυάς
713 3825 993 3929 συνεσταυρώθη
1022 3831 1187 3933 Χριστῷ,
1212 3829 1276 3924 τῆς
1305 3831 1378 3903 τῶν
1402 3825 1493 3902 Ἰου-

257 3949 401 4031 οδαίων
434 3947 648 4050 κακουργίας
680 3947 892 4048 ἐπινοούσης
925 3949 983 4030 καὶ
1015 3957 1131 4031 τοῦτο.
1177 3946 1391 4049 ἀτιμότατον
1420 3946 1492 4048 γὰρ

291 4069 416 4173 ῶσπερ
444 4076 501 4152 καὶ
530 4071 639 4152 αὐτὸν
666 4080 729 4151 τοῦ
758 4077 925 4174 Σωτῆρος
953 4073 1206 4158 ἐπιδεικνύντες
1235 4070 1300 4153 τὸν
1327 4069 1492 4170 θάνατον,
1507 4115 1549 4171 30

79 1331 84 1342 ’
124 1329 164 1381 Ib.
179 1333 229 1382 xvi.

126 1412 166 1446 τι.

292 4197 620 4299 συγκατακρίνουσι
647 4200 721 4278 τοῖς
749 4195 893 4293 ἀνόμοις
921 4196 985 4276 τόν
1012 4199 1160 4277 δίκαιον.
1215 4203 1365 4294 σημεῖον
1394 4197 1427 4273 δ’
1448 4191 1492 4274 ἀν

292 4314 360 4397 εἶεν
378 4323 411 4397 οἱ
427 4323 479 4425 τῷ
498 4323 639 4422 Σωτῆρι
657 4317 920 4422 παρηρτημένοι
939 4319 1153 4424 κατάκριτον,
1166 4327 1237 4400 τῶν
1252 4319 1342 4400 όσον
1355 4319 1492 4400 οῦδίττω

332 4503 372 4552 14.
394 4483 584 4556 Legendumne
596 4487 790 4551 elafiat'vonoe?
905 4487 946 4543 18.
965 4510 990 4541 τι
1004 4487 1035 4542 E.
1051 4489 1153 4558 Μίμας.
1166 4511 1193 4542 τε
1208 4487 1280 4543 Aub.
1387 4503 1430 4542 ιο.
1449 4485 1490 4560 τι]

293 4579 317 4611 τι
332 4557 434 4628 Migne.
542 4573 585 4628 νγ.
603 4559 738 4628 χαρίζηται
752 4558 784 4613 Ε.
799 4557 901 4630 Migne.
914 4561 1047 4630 χαρίζεται
1061 4559 1133 4614 Aub.

1618 362 1626 729 ί
