3280 5142
122 367 254 434 xix.11.
398 365 456 432 IN
486 364 520 430 S.
545 364 800 433 JOANNEM.
846 366 945 432 LIB.
968 365 1049 431 XII.
1283 367 1324 431 71

122 527 397 628 ῶτανατείνεται,
417 531 475 610 καὶ
493 529 740 636 παρατρέφειν
758 528 935 611 δύνασθαι
955 533 1014 610 καὶ
1038 529 1106 635 οὐχ
1130 527 1258 611 ἑκόντα
1274 532 1361 637 τῶᾱ

124 651 234 762 φόβῳ
252 651 383 758 νομίζει
401 650 493 757 πρὸς
511 652 683 753 α’νόνητον
701 654 917 756 ἀπολογίαν.
956 653 1080 760 ῥίψειν
1097 651 1169 758 γὰρ
1188 654 1327 755 ἀπαρα-

123 779 309 863 ττοδίατως
326 776 383 884 ἐφ’
403 777 492 882 ὅπερ
510 775 555 857 ἂν
572 775 743 874 βούλοιτό
765 784 892 885 φησιν,
911 777 969 858 εἴτ’
989 778 1052 858 οὖν
1070 776 1241 880 κολάζειν,
1260 776 1328 858 είτε

124 906 184 982 καὶ
201 904 314 983 ἐλεεῖν
333 900 452 982 ἕλοιτο
476 900 599 1007 τυχόν·
633 908 886 1005 παρωθοῦντος
910 901 949 983 δὲ
973 899 1115 988 οὐδενός
1139 908 1188 989 είς
1212 899 1327 998 ἀβού-

93 1036 242 1128 5λητον
268 1026 399 1128 κρίσιν,
427 1027 479 1106 ἐπ’
509 1027 606 1134 αὑτῶ
635 1025 680 1125 δὴ
707 1031 849 1107 κεῖσθαι
878 1029 937 1106 καί
967 1025 1066 1135 μόνιρ
1097 1025 1164 1127 τὴν
1193 1029 1250 1107 ε’ττὶ
1278 1035 1331 1134 τῷ

125 1149 424 1257 κατηγορουμένῳ
450 1147 578 1254 ῥοπήν.
627 1155 847 1232 καταιτιᾶται
874 1150 1003 1250 τοίνυν,
1034 1153 1083 1236 ῶς
1114 1148 1330 1254 ὑβρισμένοι

126 1275 187 1356 διὰ
212 1279 356 1374 σιωπῆς
383 1275 449 1355 οὐκ
475 1273 647 1377 εὐκαίρου,
676 1275 734 1354 καί
762 1273 853 1354 όσον
880 1273 964 1375 ἧκεν
991 1280 1040 1358 είς
1070 1281 1177 1355 τοῦτο
1206 1306 1326 1376 παρα-

126 1397 344 1502 τεθηγμένος
371 1399 439 1499 ἤδη
466 1395 558 1501 πρὸς
584 1396 715 1497 μανίαν
739 1397 805 1500 τὴν
832 1399 908 1479 κατ’
934 1399 1055 1479 αὐτοῦ.
1106 1396 1233 1478 ἐνενόει
1257 1395 1331 1501 γὰρ

127 1523 297 1622 οὐδαμῶς
318 1525 382 1622 τῆς
406 1526 546 1622 σιωπῆς
571 1519 614 1603 τὸ
638 1520 849 1671 μυστήριον.
890 1519 1104 1625 ἐπαθρήσεις
1130 1519 1245 1623 γεμῆν
1263 1522 1365 1604 κείνα

84 1680 116 1722 10
128 1646 247 1754 τοότιρ
264 1651 387 1730 καλῶς
406 1643 711 1747 πληρούμενον
675 1680 718 1726 το
742 1644 868 1726 διὰ
824 1680 888 1745 της
911 1680 976 1726 του
958 1643 1191 1752 προφητου
1209 1647 1332 1752 φωνῆς

129 1768 404 1927 προαγγελθέν
401 1779 422 1818 “
436 1770 503 1855 Ως
520 1767 769 1872 πρόβατον
725 1803 807 1873 γαρ,
826 1771 990 1877 φησίν,’
972 1804 1030 1850 εττι
1016 1767 1201 1876 σφαγὴν
1217 1769 1426 1926 ἤχθη,8
1376 1779 1418 1910 ξ’·
1429 1778 1476 1830 ¹5⁵³·

132 1909 154 1944 “
173 1898 232 1976 καὶ
252 1898 301 1980 ῶς
318 1892 429 1993 ἀμνὸς
453 1893 611 1974 ε’ναντίον
628 1902 694 1974 τοῦ
719 1895 896 1997 κείροντος
918 1892 1028 1973 αὐτὸν
1046 1893 1263 2045 ἄφωνος,
1220 1855 1391 1975 ουτως7

133 2031 155 2069 “
173 2021 238 2100 οὐκ
266 2019 400 2121 ἀνοίγει
428 2015 471 2098 τὸ
498 2014 621 2116 στόμα
648 2019 767 2115 αὐτοῦ,
795 2019 834 2096 ἐν
860 2022 905 2122 τῇ
933 2016 1147 2098 ταπεινώσει
1175 2050 1284 2096 αυτον
1311 2050 1334 2115 η

132 2155 155 2192 “
174 2143 293 2247 κρίσις
328 2144 436 2223 αὑτοῦ
473 2140 602 2244 ἤρθη.”
650 2144 708 2222 καί
746 2143 848 2222 ταυτί
883 2140 949 2240 μίν
985 2141 1070 2241 ἡμῖν
1107 2143 1127 2222 ὁ
1164 2139 1336 2244 μακάριος

87 2285 119 2348 ¹5
132 2267 296 2352 Ησαίας
327 2266 411 2416 ἔφη·
450 2265 494 2346 τὸ
526 2264 564 2346 δὲ
591 2271 758 2370 Χριστοῦ
788 2262 989 2369 πρόσωπον
1016 2264 1213 2360 ἀναλαβών
1240 2266 1341 2418 φησί

133 2427 207 2474 που
233 2390 391 2473 πάλιν
375 2425 395 2469 ο
422 2388 629 2498 μελφδός’
611 2423 649 2470 εν
672 2388 856 2489 Πνετίματι
878 2399 900 2438 “
918 2388 1076 2491 Ἐθέμην
1101 2391 1153 2498 τῷ
1179 2387 1341 2489 στόματί
1380 2407 1423 2457 Pa.
1379 2470 1475 2522 'mvni

134 2527 157 2565 ‘⁴
175 2549 248 2616 μου
280 2513 495 2623 φνλακὴν’
477 2549 516 2594 εν
543 2519 596 2623 τῶ
627 2517 807 2613 συστῆναι
838 2512 903 2595 τόν
932 2510 1195 2616 αμαρτωλον’
1178 2512 1336 2593 εναντίον
1382 2550 1438 2600 33

135 2651 259 2740 “.μον
296 2639 493 2744 ἐκωφῶθην
510 2672 569 2719 και
556 2638 826 2738 ε’ταττεινῶθην
844 2640 902 2717 καί
921 2637 1079 2738 ἐσίγησα
1098 2636 1142 2743 ἐξ
1157 2635 1334 2739 ἀγαθῶνῗ
1348 2650 1504 2709 olom

135 2764 282 2865 νοήσεις
309 2761 347 2844 δὲ
373 2760 417 2843 τό
444 2763 486 2870 ἐξ
513 2764 671 2865 ἀγαθῶν,
694 2763 774 2842 ἀντὶ
802 2769 867 2841 τοῦ
894 2767 1025 2841 κακῶν.
1070 2757 1237 2866 εὐφήμως
1265 2757 1337 2861 γὰρ

88 2888 219 2974 ιοῖθος
246 2894 292 2992 τῇ
320 2885 398 2993 θείᾳ
424 2892 550 2993 γραφῇ
579 2884 798 2966 τὰτοιαῦτα
826 2893 965 2983 λαλεῖν,
991 2882 1078 2965 όταν
1105 2889 1154 2969 είς
1181 2881 1268 2964 αὐτὸ
1295 2881 1339 2964 τό

137 3018 237 3093 θεῖον
260 3011 412 3119 φέρηται
438 3008 650 3114 πρόσωπον.

136 3279 317 3372 Ἀαεκρίθιι
352 3281 443 3367 αὐτῷ
473 3282 492 3348 δ
519 3280 646 3346 Ἰιιοοῦο
678 3278 745 3348 Οὐκ
780 3273 865 3366 εἶχες
899 3277 1051 3348 ἐξουσίαν
1087 3276 1242 3354 οὐδεμίαν
1271 3276 1335 3342 κατΙ
1358 3295 1390 3337 τι

194 3411 285 3488 ἒμοῦ,
313 3403 341 3472 εἰ
370 3407 413 3484 μιί
444 3402 483 3472 ιίν
511 3428 563 3473 σοι
594 3404 770 3482 δεδομένον
800 3404 940 3472 ἄνωθεν.
983 3403 1035 3469 διὰ
1065 3408 1164 3470 τοῦτο
1190 3403 1210 3470 ὁ
1237 3424 1343 3492 παρα-

195 3531 306 3598 διδούς
332 3554 372 3609 με
398 3553 450 3598 σοι
476 3530 603 3621 μείζονα
630 3527 792 3620 ἁμαρτίαν
818 3528 894 3617 ἔχει.

92 3725 129 3785 ²⁵
203 3706 270 3789 Τίς
293 3703 359 3806 μὲν
381 3704 404 3807 ἢ
429 3702 582 3803 πόθενῆ
607 3704 703 3788 τίνος
728 3701 839 3810 ε’ξέφυ
863 3698 1010 3803 πατρὸς,
1028 3702 1286 3803 ἐναργέστερον
1304 3699 1345 3778 οὐ

145 3832 255 3936 φησί.
296 3827 472 3924 μυστικὸν
489 3827 562 3932 γὰρ
580 3828 692 3912 οὕτως
710 3825 1002 3907 ε’ττασοντειίεσθαι
1020 3821 1135 3926 λόγον
1153 3829 1202 3907 είς
1225 3825 1342 3902 ἀλλο·
1357 3825 1380 3891 b

236 3961 252 3980 n
303 3956 312 3981 Ι
364 3953 375 3981 λ
446 3953 455 3979 9
485 3951 496 3982 ἱ
529 3953 539 3978 t
568 3959 585 3976 Α
653 3952 662 3977 Ι
707 3958 724 3975 Α
773 3952 781 3977 Ι
816 3952 826 3980 Ι
953 3948 965 3976 Ι
1143 3944 1154 3972 λ
1330 3941 1342 3972 λ

146 3989 272 4058 γενους
291 3988 399 4038 ακοας
417 3958 496 4034 ουδε
517 3987 602 4054 ημιν
620 3985 738 4036 αυτοις
764 3957 897 4057 εφιησι,
918 3960 1036 4050 λεγων
1055 3957 1077 3994 “
1093 3952 1159 4047 Μη
1187 3950 1276 4026 δῶτε
1301 3980 1347 4025 τα
1391 3945 1514 4064 ΞΜΞΫΜ·

146 4089 170 4128 “
187 4075 277 4182 ἅγια
302 4085 376 4162 τοῖς
403 4079 498 4175 κυσὶ,
526 4075 616 4177 μηδὲ
641 4071 775 4168 βάλετε
801 4072 884 4158 τοὺς
910 4073 1132 4175 μαργαρίτας
1160 4067 1310 4169 ὑμῶν’
1286 4103 1347 4168 εμ-

146 4215 170 4251 “
187 4209 352 4307 προσθεν
382 4208 455 4282 τῶν
484 4198 649 4305 χοίρων·”
688 4194 941 4303 προίσχομένφ
973 4194 1088 4296 γεμὴν
1117 4190 1183 4293 τὴν
1214 4193 1253 4273 ε’κ
1285 4195 1348 4291 τῆς

90 4369 131 4428 3ο
146 4331 264 4436 ἀρχῆς
292 4327 452 4435 ἐξουσίαν,
476 4328 534 4406 καὶ
560 4323 651 4428 πρὸς
678 4330 753 4404 πᾶν
780 4323 897 4401 ότιοῢν
924 4315 1144 4422 περιτρέπειν
1172 4314 1349 4397 δύνασθαι

189 4557 231 4612 τ3.
250 4539 389 4668 αφτὲὓιίι.
401 4536 663 4610 οιεααιριυαιοιΕ.
675 4535 722 4606 (cf.
735 4533 804 4590 Actu
817 4531 868 4588 SS.
880 4531 931 4601 Ap.
940 4529 993 4586 viii
1006 4527 1064 4601 33.)
1215 4543 1258 4583 ιι.
1277 4525 1350 4582 οὐδε·

148 4613 211 4684 μίαν
223 4627 268 4668 om
