3280 5142
300 336 343 399 60
602 333 644 397 Β.
667 330 872 398 CYRILLI
902 330 1190 396 ALEXANDR.
1345 331 1411 396 xix.
1428 349 1501 417 1·3·

300 496 417 597 μάσαι
450 495 564 600 γεμήν
595 499 790 598 ἀναγκαῖον
825 493 891 596 τὴν
923 493 1162 576 θεόπνευστον
1198 493 1346 600 γραφὴν
1380 497 1429 580 ὡς
1461 495 1502 572 ἐκ

301 620 502 726 προσώπου
529 627 696 724 Χριστοῦ
720 622 779 699 καί
803 622 868 719 τής
897 620 1009 704 οὕτως
1037 619 1316 722 ἀπεγνωσμένην
1347 619 1501 722 ἐπιγνω-

268 750 458 837 ᾱσθεῖσαν
485 747 675 844 καταβοής·
711 741 809 845 λέγει
837 740 908 846 γοίρ
937 744 1050 829 οὕτως
1077 743 1097 822 ὁ
1120 741 1310 849 προφήτης
1331 742 1503 845 Ἱερεμίας

134 877 257 992 ΗῑὲΜίῑ·
303 881 324 917 “
343 865 663 971 Ἐγκατολέλοιπο
690 866 754 947 τὸν
783 862 880 947 οἶκόν
907 899 988 965 μου,
1016 869 1140 973 ἀφῆκα
1167 865 1233 966 τὴν
1259 866 1503 970 κληρονομίαν

136 957 158 1006 7»
187 981 193 992 Ι
301 1003 324 1042 “
342 1028 424 1093 μου,
446 992 561 1072 έδωκα
578 990 643 1091 τήν
667 990 899 1094 ἠγαπημένην
916 1025 987 1090 μου
1004 987 1131 1098 ψυχὴν
1153 995 1201 1074 είς
1219 997 1340 1096 χεῖρας
1363 991 1538 1094 ἐχθρῶν5

301 1129 323 1166 “
341 1119 461 1216 αὐτῆς·
501 1113 650 1219 ἐγενήθη
668 1115 691 1214 ή
713 1115 934 1217 κληρονομία
955 1148 1026 1212 μου
1043 1117 1119 1213 ἐμοὶ
1138 1115 1186 1198 ῶς
1202 1110 1294 1194 λέων
1312 1116 1349 1194 ἐν
1367 1115 1503 1220 δρυμῷ,

301 1251 323 1290 “
342 1241 469 1322 έδωκεν
490 1241 543 1320 ἐπ’
564 1238 625 1338 ἐμέ
647 1237 712 1338 τὴν
732 1236 857 1345 φωνήν
875 1239 1013 1338 οῦτής.”
1052 1239 1090 1318 τί
1112 1237 1184 1342 γάρ
1203 1239 1223 1316 ὁ
1245 1238 1338 1318 λέων
1355 1239 1393 1317 ἐν
1412 1240 1500 1340 δρυ·

300 1372 380 1464 μοῖς
408 1363 599 1468 ἐργάζεται,
622 1360 738 1444 καλὸν
758 1367 806 1446 ὡς
829 1363 940 1443 ἐοικεν
958 1367 1077 1443 εἰπεῖν.
1119 1365 1215 1470 φασί
1232 1368 1434 1465 τοιγαροῦν,
1452 1363 1502 1445 ῶς

301 1489 389 1572 ὅταν
417 1523 452 1570 τι
479 1495 552 1569 τῶν
579 1490 617 1566 ἐν
645 1493 722 1570 ταῖς
750 1487 853 1571 ὕλαις
882 1493 1020 1587 κτηνῶν
1048 1489 1224 1589 ἀγρεῦσαι
1253 1484 1428 1585 βούληται
1458 1485 1502 1565 τῦ

300 1614 395 1717 μέγα
417 1615 516 1694 τουτί
538 1614 596 1692 καί
621 1611 915 1718 φρικωδέστατον
933 1611 1067 1714 θηρίον,
1085 1611 1145 1690 ἐπί
1168 1644 1249 1691 τινα
1276 1616 1403 1712 πρῶνα
1429 1615 1503 1690 τῶν
1519 1648 1560 1688 ιο
1635 1631 1636 1634 ’

271 1741 339 1818 οέν
363 1745 437 1821 τοῖς
464 1734 587 1839 ὄρεσιν
614 1737 743 1837 ἀρθείς,
772 1734 955 1839 βρυχᾶταί
981 1768 1015 1814 τι
1040 1736 1135 1837 μέγα
1159 1738 1217 1815 καί
1242 1732 1412 1840 ἐξαίσιον,
1444 1736 1503 1814 καί

301 1859 483 1959 τοσαύτην
501 1855 721 1962 ἐνεργάζεται
748 1865 822 1941 τοῖς
849 1858 1086 1961 ἀκροωμένοις
1113 1857 1179 1958 τὴν
1202 1856 1342 1954 πτοίαν,
1362 1861 1409 1942 ὡς
1438 1859 1502 1937 οῦκ

301 1983 510 2087 ἐνεγκόντας
540 1987 603 2083 τῆς
636 1985 789 2082 ἀπειλῆς·
818 1983 860 2063 τὸ
894 1982 1071 2088 δυσαχθές
1103 1981 1353 2083 ἀποκτόπημα,
1385 2016 1503 2085 παρα-

300 2112 424 2215 χρῆμα
446 2112 581 2206 πεσεῖν,
601 2104 667 2186 κάν
686 2105 874 2209 ἅνθρωπος
891 2105 943 2207 ε’ίη
963 2104 1030 2187 κάν
1047 2106 1138 2215 ζῷον
1156 2107 1284 2209 ἕτερον,
1304 2109 1361 2186 καί
1379 2109 1503 2215 φωνῆς

302 2233 408 2336 ἔργον
434 2239 486 2340 τῷ
512 2234 594 2335 θηρὶ
626 2232 786 2334 γίγνεται
814 2230 857 2311 τὸ
883 2229 1012 2311 πεσόν.
1053 2238 1245 2312 πιστοῦται
1269 2230 1313 2308 δέ
1333 2264 1410 2314 πως
1438 2229 1503 2311 τὸν
1520 2265 1558 2327 15

300 2359 359 2437 ἐπί
386 2355 501 2466 τοότιρ
522 2355 635 2457 λόγον
656 2357 715 2435 καί
739 2352 798 2434 διὰ
826 2363 891 2435 τοῦ
918 2352 1109 2461 προφήτου
1131 2351 1224 2439 Θεὸς
1253 2356 1366 2437 οῦτως
1393 2355 1502 2435 είπῶν

300 2490 322 2528 “
343 2478 443 2561 Λέων
461 2479 647 2587 ἐρεόξετοι,
666 2481 724 2560 καί
750 2479 803 2563 τίς
831 2478 873 2558 οῦ
898 2475 1148 2584 φοβηθήσετοι
1163 2476 1195 2574 ;”
1223 2478 1350 2580 γέγονε
1378 2480 1499 2558 τοίνυν

199 2592 205 2606 ’
299 2605 414 2703 ἡτῶν
445 2606 627 2684 Ἰουδαίων
660 2601 872 2706 Συναγωγή,
906 2600 1069 2705 καθάπερ
1102 2601 1195 2681 λέων
1226 2603 1265 2682 ἐν
1299 2606 1422 2711 δρυμῷ
1451 2607 1503 2709 τῷ

134 2733 443 2832 1043ΑινΣωτῆρι
459 2733 623 2836 Χριστῷ,
642 2727 733 2807 κατά
750 2761 792 2830 γε
814 2726 856 2807 τὸ
878 2727 1072 2831 ἐγχείρημα
1095 2729 1158 2825 τῆς
1179 2727 1233 2807 ἐπ’
1253 2727 1349 2834 αὐτῷ
1367 2736 1500 2829 γλωσ·

301 2853 471 2953 σαλγίος·
511 2851 637 2934 πτοίας
669 2849 740 2955 γάρ
770 2850 865 2936 ὅλως
897 2847 920 2950 ἢ
952 2850 1112 2948 δείματος
1142 2851 1165 2950 ή
1194 2850 1271 2929 θεία
1298 2849 1410 2956 φάσις
1439 2851 1503 2931 οὐκ
1517 2889 1559 2928 20

301 2976 473 3081 ἀνέχεται.
510 2973 777 3074 καταβοήσοσα
795 2972 866 3077 γὰρ
885 2973 1086 3055 ἀπέκτεινεν
1104 2971 1224 3064 αὐτὸν,
1244 2974 1358 3053 καίτοι
1381 2971 1501 3053 Πιλά-

300 3133 365 3179 του
383 3098 628 3201 προτείνοντος
649 3097 799 3177 ἑλέσθαι
821 3097 887 3197 τὴν
906 3097 1050 3203 ἀφεσιν,
1070 3097 1128 3177 ἵνα
1146 3099 1294 3194 καὶτῶν
1312 3096 1371 3176 διά
1393 3097 1503 3200 νόμων

301 3222 590 3322 πεπαιδευμένων
618 3223 780 3319 ἀμείνους
805 3222 1039 3324 εῦρίσκωνται
1063 3218 1121 3300 διὰ
1145 3221 1369 3325 πραγμάτων
1387 3224 1505 3303 αὐτῶν

302 3348 362 3426 καί
378 3351 411 3426 οἱ
429 3343 493 3426 τὸν
513 3352 607 3426 θεῖον
625 3347 724 3426 οὕτω
742 3343 916 3441 μαθόντες
936 3342 1055 3441 νόμον.

138 3519 291 3671 Κεθιθζ
304 3553 389 3622 Τότε
420 3552 477 3619 οὖν
504 3555 621 3633 ἔλαβεν
652 3557 670 3623 ό
702 3557 845 3623 Πιλάτου
876 3557 933 3622 τὸν
960 3557 1088 3624 Ἰιισοῦν
1120 3557 1173 3622 καί
1203 3557 1416 3640 ἑμοστίτωοε,
1450 3557 1560 3638 κοίτης

355 3677 385 3746 οἷ
420 3678 619 3771 στρατιῶται
658 3683 837 3750 πλέξαντες
883 3683 1046 3768 στέφανον
1083 3685 1119 3752 ἐξ
1155 3684 1307 3749 ἀκανθῶν
1339 3685 1503 3750 ὲπὲθιικον
1635 3647 1636 3698 ί

270 3801 292 3866 b
356 3807 454 3872 αὐτοῦ
482 3813 522 3897 τῇ
551 3811 692 3898 κεφαλῇ,
718 3807 771 3871 κοί
799 3805 926 3883 ἱμάτιον
954 3813 1145 3898 πορφυροῦν
1172 3811 1367 3898 περιέβαλον
1394 3810 1504 3891 αὐτόν,

277 3962 294 4019 3
357 3932 411 3998 κοί
441 3932 580 4022 ιίρχοντο
612 3933 695 4022 πρὸς
726 3933 826 4003 αὐτὸν
860 3936 912 3999 κοί
945 3933 1059 4009 ἔλετον
1086 3931 1185 4024 Χαῖρε
1212 3939 1229 4003 ὁ
1257 3937 1406 4016 βασιλεὺς
1437 3937 1504 4003 τῶν

350 4056 531 4125 Ἰουδαίων·
569 4059 623 4124 κοί
649 4057 801 4125 ἐδίδοσαν
829 4060 920 4146 αὐτῷ
947 4059 1144 4148 ῥαπίσματα.

310 4299 312 4304 ,
363 4221 556 4318 Μαστιγοῖ
579 4214 645 4315 μέν
672 4214 811 4314 ἀδίκως,
830 4219 888 4296 καί
916 4215 980 4297 τὸν
1003 4223 1076 4296 τῶν
1098 4225 1331 4321 στρατιωτῶν
1359 4221 1506 4328 ἐφίησιν
1521 4260 1562 4317 30

342 4389 365 4428 ν.
385 4375 603 4446 ἐπιγνωσθεῖσον]
623 4373 693 4447 οἶμοι
711 4375 914 4446 ἐπιμνησθεῖσον
930 4376 1019 4448 Fmg.
1055 4383 1074 4408 “
1082 4378 1194 4450 Trapez.
1211 4381 1308 4451 legisse
1325 4379 1431 4435 videtur
1449 4381 1505 4436 ἐπι-

304 4445 487 4514 μνησθεῖσαν”
506 4447 616 4502 adnotat
634 4447 706 4502 Aub.
720 4450 737 4479 “
747 4447 868 4502 meminit
876 4448 894 4472 ’'
908 4448 1006 4518 Georg.
1019 4447 1101 4520 Trap.
1168 4473 1187 4505 σ
1201 4450 1243 4521 (ut
1255 4451 1362 4522 opinor)
1378 4469 1410 4505 ex
1423 4453 1505 4507 verbo

304 4515 471 4586 praecedenti
482 4517 578 4570 iterum
592 4519 686 4586 repetit
697 4517 804 4573 Codicis
815 4518 887 4572 illius
900 4536 914 4572 ο
926 4537 981 4590 quo
993 4519 1027 4573 E.
1041 4519 1112 4574 simu
1134 4529 1160 4575 et
1174 4521 1202 4574 F.
1214 4521 1310 4576 scriba.
1394 4523 1419 4576 6.
1433 4523 1505 4592 ἐγεν-

305 4585 368 4656 νήθη
382 4587 414 4642 Ε.
487 4600 512 4657 7.
531 4589 578 4657 τήν
590 4597 758 4661 assumptum
771 4606 802 4644 ex
816 4588 848 4643 E.
922 4603 964 4660 ιη.
982 4589 1158 4661 περιέβαλλον
1172 4591 1203 4648 Ε.
1277 4609 1320 4664 29.
1340 4592 1441 4648 ἐδίδουν
1454 4593 1486 4648 Ε.
