3278 5130
306 353 371 417 398
459 355 498 419 Β.
523 353 712 419 CYRILLI
738 351 1004 418 ALEXANDR.
1031 347 1315 415 FRAGMENTA
1368 346 1413 412 iii.
1431 365 1462 425 1,
1476 361 1517 412 2.

136 449 294 586 ΙΕὶίιίίυΜιο]
305 524 412 596 τοῦτο
441 520 499 598 καὶ
528 527 802 623 περιπατοῦντες·
830 520 888 600 ἐπὶ
915 520 992 621 γῆς,
1019 516 1146 621 ἐχομεν
1173 515 1246 592 “ἐν
1273 513 1436 614 οὐρανοῖς
1461 507 1517 590 τὸ

306 649 328 687 “
343 641 576 739 πολίτευμα.”
610 643 651 722 οῦ
669 641 741 745 γὰρ
758 649 832 725 τοῖς
850 640 1011 745 ἀρχαίοις
1029 641 1068 719 ἐν
1085 639 1156 746 ἵσῳ
1173 635 1517 738 προσεληλύθαμεν

136 775 260 892 ξηῐωὶὶ
305 763 404 862 ήμεῖς
422 774 444 811 “
457 766 722 872 ψηλαφωμένῳ
739 767 825 868 πυρὶ
845 767 902 844 καὶ
925 762 1054 870 γνόφῳ
1079 764 1137 841 καὶ
1157 758 1257 869 ζόφῳ
1279 761 1336 840 καὶ
1360 755 1516 862 θυέλλῃ

170 879 176 892 ’
306 895 329 933 “
347 890 405 966 καὶ
423 888 633 990 σάλπιγγος
655 887 734 997 ἤχῳ
756 892 814 968 καὶ
833 890 937 993 φωνῇ
956 883 1155 989 ρημάτων,”
1173 882 1516 986 προσεληλύθαμεν

135 1019 175 1068 1b.
186 1034 274 1083 ²²⁴⁴·
303 1007 342 1090 δέ
367 1016 513 1108 μᾶλλον
531 1010 662 1092 “210311
686 1011 758 1115 ὅρει
786 1014 844 1091 καὶ
870 1009 975 1091 πόλει
993 1015 1089 1089 θεοῦ
1115 1008 1244 1112 ζῶντος
1260 1003 1553 1110 Ἱερουσαλῖγμὸ

303 1142 326 1180 “
344 1134 541 1242 ἐπουρανίῳ
566 1139 625 1216 καὶ
648 1135 820 1239 μυριάσιν
838 1129 1007 1236 ἀγγέλων
1024 1131 1220 1234 πανηγύρει
1245 1135 1305 1211 καὶ
1325 1130 1513 1234 ἐκκλησίᾳ

303 1266 325 1304 “
343 1255 583 1360 πρωτοτόκων
606 1259 935 1362 ἀπογεγραμμεῖιων
959 1259 998 1336 ἐν
1023 1259 1184 1360 οὐρανοῖς
1211 1260 1270 1335 καὶ
1292 1258 1393 1359 κριτῇ
1416 1255 1513 1358 θεῷ

303 1389 325 1427 “
343 1379 490 1462 πάντων
512 1385 571 1462 καὶ
592 1380 774 1480 πνεύμασι
798 1382 942 1462 δικαίων
959 1379 1238 1477 τετελειωμένων
1255 1382 1312 1457 καὶ
1331 1376 1512 1477 διαθήκης·

302 1512 324 1551 “
344 1504 424 1588 νέας
441 1507 572 1610 μεσίτῃ
584 1507 709 1605 Ἰησοῦ
728 1508 785 1585 καὶ
804 1505 925 1602 αἵματι
941 1507 1141 1607 ῥαντισμοῦ
1154 1509 1312 1606 κρεῖττον
1325 1509 1509 1580 λαλοῦντι

303 1639 325 1677 “
342 1628 441 1731 παρὰ
471 1627 514 1708 τό
537 1626 692 1726 Ἀβελ.”
734 1628 776 1710 τό
803 1626 868 1728 μέν
895 1628 967 1732 γάρ
994 1627 1082 1726 αῖμα
1111 1637 1176 1708 τοῦ
1201 1624 1324 1721 ’Ἅβελ
1352 1657 1502 1705 κατεκε-
1531 1661 1575 1700 ιο

302 1750 427 1854 κράγει
450 1760 514 1833 τοῦ
541 1761 714 1857 φονευτοῦ
738 1757 797 1834 καὶ
822 1751 1101 1858 ἀδελφοκτόνου,
1119 1757 1231 1830 λαλεῖ
1248 1747 1286 1830 δέ
1305 1747 1351 1830 τὰ
1367 1750 1508 1829 ἐκείνου

302 1875 485 1976 κρείττονα
514 1875 555 1955 τὸ
587 1879 704 1976 τίμιον
731 1876 830 1976 αἷμα,
857 1877 969 1975 μόνον
996 1874 1069 1978 γάρ
1096 1876 1174 1979 οὐχὶ
1205 1877 1265 1955 καὶ
1291 1874 1423 1981 ἐξαιτεῖ
1445 1878 1507 1980 τῷ

303 1994 431 2104 κόσμῳ
463 1995 528 2078 τόν
554 2002 594 2078 ἐκ
623 1997 769 2105 Πατρός
802 1997 905 2080 ’ἐλεον
935 2000 994 2079 καὶ
1024 1998 1286 2103 ῥεραντίσμεθα
1318 1997 1360 2077 δι’
1389 1997 1506 2075 αὐτοῦ

303 2119 397 2223 πρὸς
424 2121 619 2204 δικαίωσιν.

361 2244 654 2346 Κατανοήσωμεν
671 2248 790 2328 τοίνυν
807 2247 859 2328 τάν
878 2245 1068 2327 ἀπόστολον
1089 2251 1148 2326 καὶ
1168 2245 1325 2355 ἀρχιερέα
1343 2244 1401 2339 αἶς
1418 2253 1506 2349 ὁμο-
1528 2274 1570 2333 ¹5

304 2371 432 2471 λιγίιις
451 2405 539 2474 W
557 2373 676 2464 Ἰησοῦν
693 2372 813 2452 πιστδν
832 2372 911 2451 όντοι
934 2378 982 2478 τῷ
1005 2371 1179 2462 ποιήσαντι
1210 2368 1315 2450 οιῦτόν·
1344 2369 1507 2479 ι’ῳχιερίοι

305 2490 472 2591 δηλονότι
503 2496 562 2572 καὶ
592 2495 795 2592 ἀπόστολον,
827 2492 866 2579 ῦς
898 2496 957 2574 καὶ
989 2492 1113 2595 γέγονε
1145 2493 1267 2576 πιστδς
1301 2495 1360 2572 καὶ
1396 2493 1507 2596 μέχρι

306 2614 462 2696 θανάτου
493 2620 553 2696 καὶ
587 2626 762 2721 σταυροῦ,
798 2621 915 2701 καθεὶς
952 2614 1078 2696 ἑαυτὸν
1115 2617 1154 2694 ἐν
1185 2616 1322 2723 εῦδοκίῳ
1356 2615 1507 2719 Πατρός

305 2738 364 2819 ἵνα
381 2741 439 2818 καὶ
458 2739 551 2839 ἡμᾶς
567 2741 693 2820 ἑαυτοῦ
711 2739 926 2846 καταστήσῃ
950 2736 1116 2838 μιμητάς,
1134 2739 1177 2817 οῦ
1195 2740 1237 2816 δι’
1258 2736 1366 2818 αὐτὸν
1383 2739 1504 2820 δεδιό-

305 2894 371 2946 τας
405 2864 588 2962 ὑπομεῖναι
619 2862 683 2944 τόν
715 2862 882 2961 θάνατον,
914 2869 944 2943 εί
976 2862 1123 2966 προσίοι
1160 2860 1253 2942 κατὰ
1280 2861 1422 2965 καιρυῦς
1456 2864 1504 2943 δι’
1524 2901 1569 2941 ιο

307 2984 491 3081 εὐσέβειαν
520 2990 580 3067 καὶ
611 2986 770 3088 ὑπακοήν
799 3020 893 3070 τινος
924 2982 1015 3090 πρὸς
1046 2984 1150 3067 θεόν.
1194 2983 1431 3092 συλλήψεται
1463 2987 1506 3066 δέ

307 3108 398 3212 πρὸς
422 3119 528 3190 τοῦτο
553 3113 637 3212 ἡμῖν
664 3115 722 3192 καὶ
747 3113 767 3190 ό
792 3109 963 3212 μακάριος
982 3107 1119 3211 Πέτρυς
1140 3110 1233 3188 οὕτω
1258 3110 1377 3212 λέγων
1401 3121 1423 3158 “
1437 3116 1505 3197 Ele

308 3243 331 3280 “
347 3241 453 3314 τοῦτο
471 3233 543 3335 γάρ
561 3237 619 3313 καὶ
645 3233 816 3335 ἐκλήθητε
841 3233 897 3313 ’ότι
914 3231 1077 3337 Χριστὸς
1102 3232 1278 3312 ἀπεθανεν
1295 3233 1384 3335 ὑπὲρ
1403 3235 1505 3334 ήμιῦν

308 3365 331 3404 “
349 3355 432 3454 ἡμῖν
460 3356 718 3455 ὑπολιμπάνων
743 3355 978 3459 ιἠτογραμμὸν
1002 3356 1060 3435 ἵνα
1087 3356 1403 3458 ἐπακολουθήσητε
1430 3366 1504 3442 τοῖς

138 3502 270 3619 1ῳηὶοιῳιιιι
308 3489 330 3525 “
348 3476 487 3583 ἴχνεσιν
519 3479 656 3577 αῦτοῦ,”
685 3483 744 3560 καὶ
775 3478 880 3563 αὐτὸς
914 3480 959 3558 δέ
983 3484 1099 3585 φησιν
1129 3481 1149 3558 ὁ
1180 3478 1308 3580 Σωτήρ
1336 3491 1359 3528 “
1373 3480 1423 3560 Εἴ
1449 3515 1503 3567 τις
1519 3509 1561 3568 ²5

219 3585 243 3635 4
309 3611 330 3650 ‘⁴
348 3599 444 3684 θέλει
469 3605 588 3686 ὀπίσω
615 3639 684 3705 μου
705 3608 830 3699 ἐλθεῖν,
853 3601 1128 3706 ἀπαρνησάσθω
1148 3600 1275 3682 ἑαυτὸν
1296 3605 1354 3682 καὶ
1382 3605 1503 3708 ἀράτω

307 3734 330 3772 “
347 3721 412 3805 τόν
429 3726 588 3832 σταυρὸν
605 3730 712 3808 αὐτοῦ
732 3730 789 3807 καὶ
807 3729 1045 3808 ἀκολουθείτω
1063 3725 1156 3825 μοι.”

363 3852 419 3934 Τό
456 3850 570 3956 γεμὴν
601 3851 811 3950 ὠνομάσθαι
847 3853 966 3932 πιττδν
997 3850 1062 3931 τὸν
1092 3848 1193 3948 Υὶῦν,
1224 3850 1424 3951 ἀδικήσειεν
1458 3851 1504 3930 ἂν

306 3979 407 4064 οὐδὲν
442 3977 509 4078 τήν
540 3975 651 4082 δόξαν
688 3977 809 4072 αὐτοῦ,
844 3974 1156 4077 θεοπρεπεοτάιην
1188 3973 1260 4078 γὰρ
1292 3976 1405 4055 οὖσαν
1436 3973 1504 4075 τήν

307 4105 409 4213 λε’ξιν
436 4102 572 4184 κατίδοι
600 4133 653 4183 τις
683 4096 728 4178 ἀν
756 4101 814 4179 καὶ
841 4097 895 4178 ἐπ’
923 4099 1032 4179 αὐτοῦ
1060 4098 1098 4180 δέ
1128 4097 1288 4198 κειμένην
1313 4106 1379 4177 τοῦ
1407 4104 1503 4179 θεοῦ
1517 4119 1561 4177 30

139 4251 294 4304 οωιωυ.
307 4233 365 4311 καὶ
399 4223 553 4329 Πατρός·
590 4221 789 4326 γέγραπται
822 4228 911 4326 γοῦν
940 4221 993 4301 ὅτι
1023 4233 1046 4270 “
1059 4221 1153 4307 Θεὸς
1183 4218 1315 4306 πιστός
1346 4225 1406 4302 καὶ
1437 4223 1502 4303 οῦκ

139 4334 164 4382 4
1515 4359 1518 4364 Δ

345 4517 356 4555 1
380 4495 710 4582 ,ρεραντίσμεθαειλίδῳὶ
723 4515 746 4552 c.
883 4513 924 4568 19.
943 4497 1021 4551 αῦτον
1032 4495 1107 4564 (err.)
1120 4495 1166 4551 Cr.
1190 4566 1196 4577 ι
1244 4567 1255 4581 .
1298 4509 1341 4566 23.
1359 4495 1505 4568 ήμῦνήμῖιι

307 4569 368 4624 exh1
402 4579 451 4623 tc.
558 4581 600 4637 ιη.
620 4567 698 4622 οὗτοι)
712 4567 787 4636 (err.)
801 4565 846 4621 Or.
955 4567 999 4622 28.
1017 4563 1321 4636 rhemendavmssd.
