3294 5130
450 371 632 437 CONTRA
662 370 1010 437 SYNOUSIAS'PAS.
1260 372 1321 435 481

126 541 152 582 “
171 533 249 618 τίας
276 535 340 614 οὐκ
367 533 582 634 ηῦδόκησας,
600 541 710 635 σῶμα
735 532 773 613 δὲ
792 534 996 636 κατηρτίσω
1018 561 1089 632 μοι·
1118 531 1199 614 τότε
1226 531 1326 615 εἷπον

126 667 152 704 “
170 654 265 736 Ἰδοῦ
282 658 369 757 ἥκω·
399 659 438 736 έν
456 657 624 765 κεφαλίδι
646 656 796 752 βιβλίου
814 657 1013 760 γέγραπται
1031 660 1111 760 περὶ
1131 660 1231 755 ἐμοῦ·
1263 666 1327 738 τοῦ

126 791 151 828 “
167 783 319 879 ποιῆσαι
348 781 368 860 ὁ
399 777 492 864 Θεὸς
519 779 562 860 τὸ
592 779 734 880 θέλημά
761 813 831 860 σου
863 779 1099 880 ἐβουλήθην.”
1133 782 1259 861 οὐκοῦν
1290 785 1328 859 αἱ

127 901 253 982 θυσίαι
269 901 335 1001 μέν
351 899 449 1002 ἦσαν
468 909 504 983 αἱ
527 902 619 983 κατά
641 937 684 1006 γε
710 905 804 1011 φημὶ
825 901 890 982 τόν
908 902 1097 988 Μωιίσεως
1116 903 1225 1003 νόμον
1243 908 1324 984 ἀνε-

90 1047 113 1107 5
128 1023 283 1125 θέλητοι
297 1023 364 1123 μὲν
382 1029 434 1134 τῷ
451 1030 582 1130 Ποτρὶ,
597 1025 718 1130 αἱρετὴ
744 1026 782 1106 δέ
807 1032 953 1125 μᾶλλον
969 1027 992 1126 ἡ
1010 1035 1074 1106 τοῦ
1091 1023 1215 1128 Λόγου
1231 1026 1327 1130 σόρ-

130 1182 242 1234 κωσις
269 1149 383 1252 ἤγουν
410 1150 688 1253 ε’νανθρῶπησις,
708 1147 770 1229 ἅτε
798 1149 843 1249 δὴ
871 1149 936 1249 τὴν
955 1148 1014 1228 διά
1040 1151 1197 1235 πίστεως
1223 1150 1330 1255 χάριν

130 1272 384 1374 εἷσκομίζουσα
403 1281 476 1359 τοῖς
491 1275 547 1354 ὑπ’
563 1270 724 1376 οὐρανόν,
738 1273 1011 1381 φιλανθρωπίας
1028 1307 1067 1354 τε
1086 1281 1144 1354 καὶ
1159 1274 1330 1377 ἡμερότη-

131 1431 195 1481 τος
213 1402 430 1499 θεοπρεποῦς
457 1399 516 1477 καὶ
543 1397 838 1496 τεθαυμασμένην
855 1396 1066 1496 ποιουμένης
1084 1395 1150 1495 τὴν
1167 1395 1327 1502 ἔνδειξιν.

131 1527 236 1600 ποῖον
253 1517 299 1600 ἀν
316 1518 390 1624 ἔγω
406 1518 519 1622 λόγον
537 1519 580 1600 τὸ
599 1519 710 1628 φάναι
737 1528 877 1619 τολμᾶν
903 1523 951 1605 ὡς
979 1518 1190 1618 ἀπόβλητον
1207 1519 1329 1619 ε’ποιή·

72 1676 118 1718 ιο
131 1676 238 1741 σατο,
257 1641 418 1746 καθάπερ
443 1643 536 1751 ἔφην
554 1644 693 1748 ἀρτίως,
711 1641 777 1744 την
795 1646 888 1724 οὕτω
913 1640 1053 1742 σεπτὴν
1073 1646 1130 1724 καὶ
1153 1643 1332 1746 σωτήριον

132 1767 347 1866 οἰκονομίαν,
366 1765 463 1869 εἴπερ
484 1767 585 1846 ἐστὶν
602 1764 735 1866 ἀληθές
762 1769 810 1852 ὡς
837 1769 987 1848 ἀπέθετο
1014 1776 1080 1848 τοῦ
1108 1764 1194 1847 εἶναι
1223 1765 1332 1874 σὰρξ,

132 1888 352 1988 μεταβαλὼν
370 1887 480 1989 αὐτὴν
497 1895 545 1974 είς
564 1888 679 1993 φύσιν
698 1888 874 1992 θεότητος,
892 1892 1006 1971 καίτοι
1026 1891 1209 1997 γέγραφεν
1227 1893 1329 1994 ε’ναρ-

133 2018 209 2113 γῶς
237 2015 258 2092 ὁ
285 2009 477 2118 πάνσοφος
506 2018 655 2097 Παῦλος
684 2017 765 2117 περὶ
797 2023 860 2095 τοῦ
892 2014 996 2117 ἀγίου
1029 2013 1198 2112 σώματος
1225 2015 1334 2094 αὐτοῦ

135 2145 160 2182 “
176 2136 243 2215 Ἐν
274 2132 303 2244 ᾧ
335 2134 408 2238 γάρ
440 2135 617 2217 πέπονθεν
653 2135 759 2223 αὐτὸς
791 2137 937 2217 δυ’ναται
969 2145 1043 2221 τοῖς
1075 2138 1334 2240 πειραζομένοις
1346 2159 1414 2210 Eeb·
1426 2158 1452 2208 ῑῑ-
1464 2158 1501 2208 ¹8·

78 2295 120 2356 15
136 2267 160 2305 ‘⁴
177 2261 395 2359 βοηθῆσαι.”
424 2265 453 2338 εί
473 2258 510 2339 δὲ
528 2257 570 2339 τὸ
594 2261 632 2338 έν
651 2257 680 2367 ᾧ
704 2261 880 2340 πέπονθεν
898 2259 1148 2362 ἀναιρήσομεν,
1166 2261 1336 2366 συνοιχή-

136 2414 241 2462 σεται
259 2381 403 2467 πάντως
419 2383 517 2489 αῦτῷ
541 2385 679 2482 καὶτῆς
696 2384 861 2482 δοθείσης
879 2384 963 2482 ἡμῖν
986 2383 1186 2485 ἐπικουρίας
1210 2385 1230 2462 ό
1254 2384 1335 2486 τρό-

137 2531 218 2589 πος·
249 2503 291 2586 τό
323 2503 396 2608 γάρ
423 2504 624 2612 μεταφιίναι
651 2504 717 2603 τὴν
740 2503 861 2608 σιίρκα
889 2506 1007 2607 λέγειν
1032 2511 1080 2591 εἰς
1107 2506 1235 2585 οὐσίαν
1259 2504 1336 2586 θεό-

136 2659 254 2728 τητος,
273 2627 512 2730 ἀναιρούντων
528 2627 629 2708 ἔστιν
654 2631 762 2725 αὐτῆς
785 2628 827 2708 τὸ
852 2625 940 2708 εἶναι
967 2630 987 2708 ό
1016 2631 1127 2726 ε’στιν,
1147 2629 1190 2709 οῦ
1213 2663 1356 2731 παρα-·

138 2751 325 2856 δεχθέντος
341 2757 389 2836 είς
403 2749 583 2850 ἀλήθειαν,
598 2755 677 2831 οὔτε
691 2752 794 2858 σὰρξ
805 2751 855 2832 ἔτι
873 2753 977 2833 νοοῖτ’
994 2749 1038 2830 ἀν
1056 2749 1079 2851 ἢ
1098 2753 1251 2854 λέγοιτο,
1262 2754 1337 2832 ἐπεὶ

81 2909 125 2950 ιο
139 2875 178 2954 τί
200 2875 242 2955 τὸ
269 2879 391 2980 χρῆμα
417 2879 481 2975 τῆς
510 2878 726 2974 μεταβολῆς,
752 2883 782 2954 εἰ
807 2876 1000 2976 μεμένηκεν
1027 2874 1115 2978 ῦπερ
1143 2873 1188 2974 ἦν
1200 2909 1211 2975 3
1251 2877 1338 2956 ποία

138 2999 257 3078 τοίνυν
275 2997 399 3100 ὅνησις
416 3005 490 3081 τοῖς
511 2997 691 3100 ἡμετέροις
716 2999 897 3098 σώμασιν,
916 2997 938 3100 ἢ
968 2999 1040 3079 ἀπό
1063 3033 1104 3101 γε
1132 3007 1196 3078 τοῦ
1225 3032 1335 3098 μετα-

139 3129 244 3226 σχεῖν
261 3126 324 3221 τῆς
341 3125 518 3223 μυστικῆς
543 3125 602 3202 καὶ
621 3123 725 3224 ἁγίας
743 3122 993 3228 δορυφορίας,
1025 3119 1049 3223 ἦ
1069 3122 1107 3201 τί
1120 3121 1162 3202 τὸ
1181 3124 1340 3202 έντεῦθεν

139 3244 343 3349 χρησιμον;
372 3251 401 3326 εί
419 3243 491 3349 γὰρ
511 3245 773 3344 μεταπλάττειν
791 3243 920 3345 ἤθελεν
937 3243 1047 3344 αὐτὴν
1066 3251 1114 3329 εἷς
1131 3245 1198 3345 τὴν
1215 3245 1341 3326 ἑαυτοῦ

140 3369 255 3474 φύσιν
273 3371 293 3449 ὁ
313 3372 453 3454 ένωθεὶς
471 3371 562 3474 αὐτῇ
576 3367 707 3472 Λόγος,
722 3370 802 3448 ἀνθ’
824 3367 908 3449 ὅπου
924 3367 1014 3471 πρὸς
1033 3369 1125 3469 ἡμᾶς
1143 3370 1341 3473 εὑρίσκεται

84 3512 127 3574 25
142 3488 262 3593 λέγων
281 3502 303 3540 “
321 3492 421 3595 Ἐγώ
436 3496 506 3591 εἶμι
524 3493 544 3571 ὁ
566 3493 674 3595 ἄρτος
691 3497 755 3592 τῆς
773 3492 863 3596 ζωῆς
881 3493 901 3572 ὁ
920 3495 958 3572 ἐκ
976 3500 1042 3572 τοῦ
1057 3495 1208 3596 οὐρανοῦ
1226 3525 1336 3572 κατα·
1351 3508 1463 3622 Βὲῦων·
1475 3507 1506 3556 vi·

141 3625 163 3662 “
182 3614 252 3708 βὰς
281 3617 339 3693 καὶ
363 3612 454 3717 ζωὴν
479 3614 598 3699 διδοῦς
625 3618 678 3722 τῷ
707 3615 845 3724 κόσμιρ,
864 3617 922 3694 καὶ
949 3615 970 3693 ὁ
1000 3615 1107 3717 ἄρτος
1136 3614 1173 3695 δὲ
1200 3613 1242 3694 δν
1270 3587 1443 3715 έγὼίοῖἓί.

94 3799 96 3804 2
142 3747 164 3786 “
182 3735 291 3815 δώσω
324 3737 347 3836 ἡ
380 3735 482 3843 σάρξ
511 3771 581 3836 μου
613 3741 713 3819 ἐστὶν
742 3737 786 3839 ἢν
818 3737 889 3842 ε’γῦι
921 3737 1030 3817 διόσω
1063 3737 1149 3840 ῦπέρ
1182 3741 1246 3835 τῆς
1277 3745 1342 3816 τοῦ

141 3873 164 3910 “
183 3857 324 3957 κόσμου
354 3859 475 3961 ζωῆς,”
504 3863 563 3940 καὶ
590 3859 703 3942 πόλιν
734 3873 756 3910 “
773 3863 821 3942 'O
849 3861 999 3964 τρώγων
1027 3894 1097 3960 μου
1129 3860 1194 3960 τὴν
1221 3857 1343 3964 σάρκα
1355 3882 1444 3946 1b.56.

142 3995 164 4033 “
181 3987 239 4064 καὶ
270 3982 384 4064 πίνων
415 4017 485 4082 μου
519 3980 561 4064 τό
593 3981 681 4081 αἷμα
713 3986 751 4064 έν
782 3987 858 4085 ἐμοὶ
891 3985 986 4085 μένει
1020 3983 1120 4085 κάγὼ
1150 3988 1187 4063 έν
1216 3981 1342 4092 αῦτῷ.”

87 4151 129 4209 30
142 4109 269 4189 οῦκοῦν
286 4111 316 4188 εί
334 4107 679 4213 μεταπεφοίτηκενὴ
703 4106 806 4216 σὰρξ
827 4115 877 4192 εἱς
899 4106 986 4211 όπερ
1005 4107 1070 4186 οῦκ
1094 4105 1148 4205 ἦν,
1165 4113 1237 4190 τοῖς
1257 4105 1344 4209 ὑπὲρ

181 4339 205 4377 1.
224 4322 365 4390 εὐδόκησας
377 4321 405 4377 b.
531 4342 556 4389 4.
576 4322 703 4380 Μωυσέος
715 4322 743 4378 b.
867 4324 894 4380 6.
911 4321 1004 4396 ἤγουν]
1020 4328 1049 4389 -1-
1065 4319 1121 4390 ἧί).
1247 4337 1271 4393 7.
1290 4325 1345 4379 τοῖς

143 4390 290 4476 οαιιοδοιί.
303 4394 407 4448 favente
419 4401 445 4448 et
455 4392 521 4448 Maii
533 4393 662 4450 versione.
674 4393 755 4476 τῆλῑ)
768 4393 820 4449 b.c.
927 4413 953 4464 9.
965 4395 1020 4466 ἔχει
1033 4411 1056 4448 c.
1168 4408 1209 4446 ιο.
1221 4391 1344 4464 ἁμαρτίαι

144 4463 207 4532 (ιιο)
220 4481 268 4533 pro
280 4462 373 4533 ἀρτίως
385 4482 409 4519 ο.
560 4481 601 4518 11.
619 4463 726 4534 ἀληθέι]
740 4482 792 4521 mc.
805 4464 881 4520 brol.
898 4481 938 4520 ιο.
1077 4479 1118 4534 13.
1135 4463 1284 4520 ἀπόστολοι
1297 4483 1345 4534 pro

143 4535 286 4602 πάνσοφος
296 4553 321 4588 c.
442 4549 483 4605 15.
502 4533 534 4589 δν
546 4553 594 4604 pro
606 4534 629 4587 εἷ
641 4535 668 4588 δι’
681 4553 705 4588 c.
812 4534 986 4624 συνηχφσετοι
1001 4533 1062 4605 (sic)
1076 4535 1104 4600 b.
1211 4551 1248 4605 ¹9.
1267 4534 1343 4589 νοοῖτ’

145 4601 190 4672 δν]
203 4605 259 4656 νοοῖ
270 4626 309 4658 τις
320 4603 351 4658 δν
363 4623 387 4660 c.
483 4621 525 4676 23.
544 4603 687 4676 χρήσιμον]
701 4606 788 4676 χρῆμα
800 4607 842 4660 καὶ
854 4627 984 4677 χρησιρον
996 4623 1020 4661 c.
1117 4603 1160 4659 26.
1179 4605 1207 4659 δέ
1219 4623 1272 4660 om.
1286 4623 1309 4661 c.

190 4691 260 4738 von.
278 4693 329 4736 111.
719 4697 737 4760 3
757 4695 779 4754 q
