3278 5130
126 333 165 400 ii.
182 354 232 416 ¹4·
379 334 433 398 IN
459 335 718 400 EPISTOLAM
743 336 807 401 AD
834 337 1086 404 HEBRAEOS.
1264 342 1328 406 393

189 499 406 599 Ἀναγκαῖον
431 494 527 598 οἶμαι
553 497 626 601 πρό
655 532 698 601 γε
723 505 795 579 τῶν
822 500 949 582 ἄλλων
975 509 1329 606 πολυπραγμονῆσαι
1344 439 1355 506 [
1370 441 1488 507 ¹¹4M·]

129 627 275 706 λειττιῦς
299 625 381 725 περὶ
407 623 520 702 ποίων
537 623 633 730 αύτῷ
657 624 807 704 παιδίων
826 627 846 705 ὁ
873 625 1038 728 λάγος,ιῖι
1061 627 1106 726 δὴ
1131 627 1268 731 σαρκός
1289 663 1328 708 τε

130 747 192 824 καὶ
225 744 373 844 αἵματος
406 747 688 846 κεκοινωνηκέναι
722 750 819 853 φησὶ
849 750 909 828 καὶ
939 752 991 833 τίς
1022 752 1043 829 ὁ
1073 754 1328 857 παραπλησίως

129 867 363 974 μετεσχηκῶς
390 868 450 950 τάν
477 869 592 951 αὐταῖν.
629 869 688 950 ὅτε
716 873 834 951 τοίνυν
858 874 880 951 ὁ
906 872 1116 975 Μονογενὴς
1143 882 1207 954 τοῦ
1232 880 1331 954 θεοῦ

91 1015 113 1076 5
133 988 255 1093 Λόγος
272 991 385 1072 καίτοι
402 992 496 1078 Θεὸς
519 995 577 1073 καὶ
599 991 732 1096 Κύριος
756 991 806 1074 σῦν
824 993 914 1076 κατὰ
941 997 1055 1101 φύσιν
1073 1000 1133 1077 καὶ
1156 995 1329 1101 σύνεδρος

132 1121 187 1222 τῷ
206 1117 289 1222 Θεῷ
306 1118 365 1195 καὶ
385 1119 504 1218 Πατρὶ
530 1120 682 1216 καθῆκεν
701 1116 809 1197 αὐτὸν
828 1123 876 1202 εἰς
899 1117 941 1198 τὸ
966 1124 1029 1216 τῆς
1055 1118 1330 1222 άνθρωπότητος

131 1237 275 1338 μέτρον,
308 1239 541 1319 συντέτακται
577 1238 615 1319 δέ
648 1238 706 1320 διὰ
739 1249 845 1320 τοῦτο
877 1245 935 1321 καὶ
973 1244 1021 1325 ὡς
1059 1242 1218 1346 ἀδελφὸς
1255 1251 1330 1328 τοῖς

133 1362 360 1460 κεκλημένοις
385 1362 444 1443 διὰ
467 1364 625 1446 πίστεως
651 1369 701 1448 είς
725 1367 907 1444 υἱοθεσίαν
924 1370 1033 1446 Θεοῦ·
1064 1363 1144 1445 τότε
1175 1365 1218 1464 δὴ
1248 1363 1328 1446 τότε

131 1489 199 1584 τῆς
216 1488 413 1583 οἰκονομίας
431 1483 473 1566 τδ
492 1486 650 1591 εύτεχνές
673 1488 711 1566 εὖ
733 1487 836 1586 μάλα
861 1487 1058 1592 τετηρηκιῦς
1084 1487 1222 1596 ἔφασκε
1247 1493 1329 1593 περὶ

70 1649 116 1690 10
132 1609 236 1708 ἡμῶν
252 1609 340 1689 ποτὲ
356 1607 421 1707 μέν
438 1609 492 1689 ὅτι
512 1620 534 1658 “
546 1611 767 1712 Ἀπαγγελῶ
786 1608 827 1691 τὸ
848 1609 961 1710 ὄνομά
978 1645 1049 1690 σου
1066 1619 1140 1697 τοῖς
1158 1615 1328 1718 ἀδελφοῖς
1342 1627 1424 1692 Supra
1435 1643 1487 1677 ver.

132 1742 156 1780 ‘⁶
173 1733 274 1830 μου,”
293 1730 380 1836 ποτὲ
408 1733 487 1813 δέ“
501 1731 595 1812 Ἰδοὺ
622 1732 692 1835 ε’γιῦ
720 1736 780 1814 καὶ
805 1732 852 1813 τὰ
876 1736 1000 1815 παιδία
1024 1734 1049 1814 ά
1075 1769 1136 1834 μοι
1154 1737 1282 1816 ἔδωκεν
1307 1706 1381 1816 big:
1398 1771 1436 1822 τυ

132 1865 155 1904 “
175 1853 299 1940 Θεύς.”

190 1979 438 2082 Παραδέδοται
466 1978 538 2082 γὰρ
566 1980 662 2086 αὐτῷ
689 1977 788 2082 παρὰ
815 1988 880 2061 τοῦ
902 1986 999 2062 Θεοῦ
1026 1985 1084 2062 καὶ
1109 1983 1256 2086 Πατρὸς
1283 1981 1329 2062 τῦ

131 2101 262 2200 πάντα,
281 2105 341 2183 καῖ
362 2107 496 2206 κλῆρος
514 2104 624 2183 αὐτοῦ
648 2101 846 2204 γεγόναμεν
874 2105 988 2184 καίτοι
1015 2102 1131 2185 πάλαι
1157 2117 1179 2154 “
1191 2108 1328 2209 μερίδες
1343 2132 1384 2182 Ρι.
1396 2131 1496 2180 μασι.

71 2256 114 2317 ι5
132 2235 156 2273 “
174 2225 394 2306 ἀλωπέκων”
413 2227 523 2323 ὄντες,
541 2225 635 2307 καθά
659 2234 776 2332 φησιν
798 2229 819 2306 ὃ
839 2228 982 2307 Δαυείδ.
1024 2229 1233 2326 ῦπεκείμεθα
1258 2228 1329 2331 γάρ
1436 2321 1441 2330 ,

132 2350 202 2454 οὐχ
231 2347 369 2434 ἑκόντες
396 2355 431 2429 οἱ
457 2349 605 2431 δείλαιοι
633 2357 704 2434 τοῖς
733 2357 804 2429 τῶν
833 2350 1024 2447 δαιμονίων
1051 2352 1211 2452 ἀγέλαις·
1242 2354 1327 2432 ἀλλ’

132 2473 256 2570 αἵματι
277 2475 328 2580 τῷ
354 2473 430 2580 ἔδίιρ
457 2471 594 2557 πάντας
621 2471 714 2572 ἡμᾶς
742 2471 987 2572 κατεκτήσατο
1018 2477 1076 2553 καὶ
1110 2477 1324 2577 κεκληρονό·

129 2629 242 2693 μηκεν
261 2596 281 2674 ὃ
300 2594 472 2696 Χριστός.
514 2599 572 2676 καῖ
600 2605 690 2698 γοῦν
712 2595 782 2702 ἔφη
804 2593 896 2698 πρὸς
918 2595 982 2676 τὸν
1006 2599 1043 2676 ἐν
1066 2604 1140 2680 τοῖς
1169 2601 1330 2699 οὐρανοῖς

131 2718 279 2820 Πατέρα
310 2723 369 2799 καῖ
393 2716 489 2800 Θεόν
512 2729 534 2766 “
547 2719 624 2803 Οῦς
657 2718 812 2804 δέδωκάς
843 2753 904 2818 μοι
934 2722 971 2799 έκ
999 2729 1064 2801 τοῦ
1095 2721 1236 2817 κόσμου
1266 2724 1451 2821 πίθηαι.

69 2869 117 2910 20
131 2851 153 2888 ‘⁴
170 2838 268 2940 ἦσαν
288 2843 395 2940 κάμοὶ
417 2840 543 2926 αὐτοὺς
566 2843 732 2941 δέδωκας,
755 2841 855 2944 κάγυῖ
877 2841 944 2944 τῖρν
966 2841 1078 2950 δόξαν
1102 2841 1147 2943 ἣν
1174 2843 1329 2930 δέδωκάς
1340 2807 1437 2922 ῖῖίιῖῖῖ

130 2973 154 3010 “
170 2999 232 3062 μοι
250 2964 385 3044 δέδωκα
403 2965 551 3050 αύτοῖς.”
587 2968 700 3046 καίτοι
719 2965 791 3069 γάρ
809 2964 897 3050 Υἱὸς
916 2964 1007 3046 κατὰ
1026 2965 1140 3072 φύσιν
1159 2964 1329 3071 ὑπάρχων

129 3084 249 3191 χάριτι
269 3089 350 3186 μεθ’
371 3087 472 3187 ἡμῶν
490 3093 555 3186 τῆς
577 3093 722 3170 τοιᾶσδε
748 3088 856 3195 δόξης
880 3089 1138 3194 μετεσχηκέναι
1157 3093 1251 3192 φησὶ
1270 3088 1328 3170 διά

130 3207 174 3289 τῖι
192 3210 426 3312 ἀνθρώπινον,
443 3208 544 3309 πλὴν
568 3209 772 3310 μεμενηκιῦς
800 3211 889 3315 ὅπερ
916 3211 960 3313 ἦν
984 3211 1134 3292 δέδωκεν
1159 3213 1242 3312 ἡμῖν
1263 3212 1329 3311 τὴν

129 3333 257 3413 ἑαυτοῦ
285 3332 408 3440 δόξαν.
447 3333 721 3441 κατεσφράγισε
746 3334 818 3438 γάρ
846 3341 896 3442 τῷ
926 3336 1001 3441 ἰδίῳ
1030 3334 1214 3432 Πνεύματι
1238 3335 1330 3438 πρὸς

71 3487 115 3547 α5
131 3456 311 3536 υἱοθεσίαν
329 3460 388 3537 καὶ
412 3458 451 3536 έν
468 3458 565 3563 αύτῷ
591 3469 612 3505 “
626 3455 797 3561 κράζομεν
813 3460 939 3554 Ἀββᾶ
964 3460 984 3538 ὁ
1008 3458 1163 3560 πατήρ.”
1201 3460 1328 3538 ούκοῦν
1340 3469 1413 3596 ἔξω·
1428 3469 1481 3518 Vffi·

130 3578 228 3677 ἡμεῖς
257 3583 290 3658 οἱ
315 3581 353 3659 έν
370 3579 505 3663 τέκνοις
531 3580 761 3683 ἠριθμημέναι
781 3587 878 3663 Θεοῦ
899 3578 1199 3680 κεκοινωνήκαμεν
1217 3581 1324 3678 αἵμα-
1376 3571 1381 3584 ’

128 3736 192 3787 τος
218 3707 276 3782 καὶ
301 3700 448 3803 σαρκὸς,
465 3703 651 3784 τουτέστιν
668 3705 707 3782 έν
724 3705 850 3802 α’ίματί
871 3737 908 3782 τε
934 3702 1043 3804 ε’σμέν
1061 3705 1119 3782 καὶ
1142 3706 1252 3806 σαρκὶ
1270 3707 1328 3782 καὶ

128 3829 167 3905 ἐν
194 3831 368 3932 φθαρτοῖς
393 3829 450 3905 καὶ
476 3826 610 3926 γηΐνοις
637 3825 800 3926 σώμασι.
840 3824 971 3926 ταύτης
998 3826 1097 3906 ἕνεκα
1125 3829 1188 3924 τῆς
1216 3827 1329 3908 αἰτίας

131 4135 150 4162 “
162 4130 191 4185 έν
205 4125 230 4253 ᾗ
244 4132 326 4198 ζῶμεν
341 4131 383 4185 καὶ
400 4130 536 4199 κινούμεθα
554 4131 597 4186 καί
613 4127 718 4199 ε’σμεν.”
742 4130 870 4198 ἐπειδὴδὲ
887 4129 1022 4185 κεκένωκεν
1034 4131 1132 4193 έαυτδν,
1145 4129 1190 4183 οῦκ
1202 4128 1329 4200 ἐπαισχύ-

130 4223 216 4325 ῖῦῖαέδ
227 4222 318 4326 ῖτῖιιωδνία
335 4201 1173 4344 &Agamem661'35'?''oycyzffpteesssszloqogeofiffaffixssv
1185 4201 1328 4340 ῦῖιδδωγέῖῖύιῖ

130 4339 509 4422 τοῦπάντωνῆρῦνῑωπῆρος.
719 4358 743 4396 1.
762 4359 812 4396 ec.
825 4342 872 4396 fol.
886 4354 972 4410 255V.
1006 4339 1331 4420 οἰόμιικιὶριοςκύριλλός

130 4413 217 4536 gum
229 4419 382 4482 praemunt.
519 4424 561 4483 25.
580 4411 708 4482 κράξομεν
721 4411 766 4466 Cr.
973 4427 988 4464 2
1026 4429 1052 4480 p.
1062 4427 1124 4480 394,
1135 4421 1247 4480 ρςιιιιοι
1261 4409 1329 4464 Cod.

153 4481 276 4536 inniticus
295 4481 338 4536 alii
357 4499 390 4535 ue
410 4480 539 4536 catenam
559 4481 766 4536 oecumenicam
784 4482 961 4544 continentes,
974 4479 1035 4536 vide
1056 4490 1083 4534 et
1104 4482 1131 4534 in
1154 4480 1228 4534 Maio
1248 4498 1330 4551 supra

130 4571 158 4623 p.
176 4568 226 4618 ¹04
237 4569 253 4605 ο
265 4549 333 4606 cod.
374 4551 478 4606 κτίσασα
491 4551 560 4606 2062
573 4552 620 4606 fol.
637 4553 695 4622 187.
805 4565 847 4622 τη,
866 4573 894 4605 τε
906 4569 960 4606 om.
974 4550 1088 4604 Catenae
1102 4562 1151 4605 σει.

175 4655 246 4700 τοι.
263 4656 313 4701 111.
712 4658 731 4723 3
747 4659 767 4700 π
