3268 5130
297 359 360 421 222
406 355 445 419 Β.
465 354 653 419 CYRILLI
679 352 944 418 ALEXANDR.
970 351 1253 417 FRAGMENTA
1297 349 1362 416 viii.
1375 369 1492 436 31-34.

185 473 197 507 ς
210 458 249 508 Μ.

128 457 272 598 είῖιιιυιιιί
297 532 317 566 “
338 527 449 599 Δεῦτε
477 516 568 623 πρὸς
600 517 643 617 μί
671 517 802 602 πάντες
833 523 865 598 οί
894 525 1084 602 κοπιῶντες
1114 521 1172 596 καὶ
1203 513 1495 620 πεφορτισμείιοι,

128 631 162 663 ¹¹'
176 615 214 662 '⁸'
297 656 318 692 “
337 642 439 744 κάγὼ
464 643 664 723 ἀναπαύσω
689 645 811 740 ύμάς.”
849 639 926 722 ίδού
944 640 1012 743 ἤδη
1031 639 1247 740 σύμπαντας
1265 640 1384 719 ἐκάλει
1402 638 1496 739 πρὸς

296 765 433 848 ἑαυτόν·
477 766 680 869 ἀμοιρήσειε
717 768 751 848 δ’
784 765 829 846 ἀν
866 767 977 848 ούδείς
1012 769 1076 864 τῆς
1114 767 1170 845 ε’πί
1207 769 1258 871 τῷ
1295 766 1495 862 κεκλῆσθαι

296 889 450 996 χάριτος·
493 894 531 970 ε’ν
565 890 636 994 γὰρ
668 894 719 1000 τῷ
750 891 887 975 ποίντας
921 895 1041 986 εἰπεῖν,
1077 885 1313 986 ἀπόπεμπτον
1344 892 1495 966 ποιεῖται

299 1021 484 1100 παντελῶς
513 1015 648 1095 οὐδένα.

181 1167 223 1221 33
238 1164 285 1220 Μ.

247 1279 282 1336 31
299 1258 339 1323 Τί
365 1255 421 1323 οὖν
448 1259 584 1346 ἐροῦμεν
611 1257 694 1346 πρὸς
725 1263 825 1324 ταῦτα
840 1287 849 1339 3
890 1257 916 1323 εί
941 1257 960 1325 ὁ
989 1258 1073 1325 Θεὸς
1100 1257 1182 1346 ὑπὲρ
1210 1255 1315 1335 ἡμῶν,
1342 1254 1390 1320 τίς
1419 1254 1488 1318 καθ’

246 1407 283 1464 32
482 1385 597 1466 ἡμών;
632 1386 668 1451 ὃς
696 1407 730 1459 τε
757 1387 813 1449 τοῦ
842 1381 924 1449 ἰδίου
950 1380 1029 1448 Υίού
1057 1383 1117 1448 οὐκ
1142 1382 1308 1471 ἐφείσατο.

352 1561 439 1639 Τοῖς
467 1557 697 1657 ἀγαθοεργεῖν
715 1554 902 1659 ᾑρημένοις
929 1551 1048 1633 ποῖντα
1072 1561 1248 1656 συνεργεῖ,
1269 1557 1365 1632 θεοῦ
1391 1553 1494 1652 ύπερ-

298 1680 523 1782 ασπίφιντος·
565 1679 585 1758 ὃ
617 1677 687 1782 γάρ
718 1687 781 1758 τοῦ
812 1678 902 1758 κατὰ
936 1677 1051 1782 φύσιν
1083 1677 1282 1779 ἠφειδηκῶς
1313 1682 1413 1774 Υίοῦ,
1438 1677 1498 1755 ἵνα

298 1804 408 1908 σώσῃ
426 1802 700 1898 κινδυνεύοντας,
721 1805 778 1882 καί
797 1800 997 1908 ἀπαλλάξῃ
1020 1802 1204 1898 κινδύνων,
1227 1808 1303 1884 πῶς
1331 1803 1410 1907 ούχί
1437 1803 1496 1880 καί
1516 1841 1557 1880 ιο

299 1925 369 2004 σύν
390 1927 486 2033 αύτῷ
504 1924 549 2005 τά
567 1923 687 2005 πάντα
704 1927 787 2024 ἡμῖν
806 1932 1001 2029 χαριεῖται;

187 2182 235 2238 33»
247 2181 286 2238 34
323 2167 381 2233 Τίς
407 2168 576 2242 ἑτκαλὲοει
603 2169 684 2233 κατὰ
712 2167 877 2233 ἐκλεκτῶν
904 2167 988 2232 Θεοῦ
998 2199 1006 2249 i
1042 2167 1126 2234 Θεὸς
1153 2169 1171 2234 ὁ
1200 2167 1346 2247 δικαιῶν,
1373 2167 1420 2233 τίε
1447 2168 1465 2234 ὁ

786 2292 991 2383 κατακρίνων
1003 2323 1012 2374 ;

354 2459 462 2569 Τάχα
486 2463 522 2544 δὲ
549 2466 606 2542 καί
632 2469 859 2560 οἰκονομικῶς
882 2464 902 2542 ὁ
923 2468 1072 2546 Παῦλος
1097 2465 1160 2542 ούκ
1182 2465 1222 2569 έρῖ
1242 2460 1304 2542 τὸν
1324 2471 1407 2543 νοῦν
1424 2470 1498 2542 τῶν

299 2586 523 2686 κεκλημένων
546 2594 594 2672 είς
619 2587 821 2691 ἀμηχανίαν
839 2590 1015 2684 ἐμπεσεῖν,
1035 2585 1136 2665 ἀλλὰ
1161 2587 1321 2666 διδάσκει
1345 2587 1400 2666 ὅτι
1425 2593 1498 2666 τῶν
1517 2630 1556 2688 15

298 2709 365 2810 μίν
399 2713 557 2814 ἀρχαίων
594 2713 775 2813 ἁμαρτιῶν
812 2708 1173 2811 ἐλευθερωθήσονται,
1201 2710 1499 2809 δικαιωθήσονται

301 2832 348 2931 δέ,
369 2840 464 2913 θεοῦ
482 2833 745 2918 κατανεύοντος.
777 2839 807 2912 εί
835 2833 984 2934 γὰρκαὶ
1006 2840 1112 2914 πᾶσα
1136 2834 1291 2934 ἁμαρτία
1315 2842 1380 2912 τοῦ
1403 2835 1498 2914 θείαν

302 2955 411 3054 νόμον
431 2957 642 3058 παράβασιν
661 2957 732 3061 ἔχει
757 2959 815 3036 καὶ
843 2957 1042 3058 κατακρίνει
1065 2955 1129 3035 τὸν
1154 2959 1392 3062 ῥᾳθυμοῦντα,
1411 2959 1496 3039 ἀλλ’

301 3086 331 3159 εῖ
356 3084 413 3159 καί
438 3078 543 3163 αύτδς
561 3083 580 3159 ὁ
599 3088 664 3159 τοῦ
683 3077 794 3178 νόμον
814 3078 946 3182 Κύριος
970 3086 1163 3184 συγχωρεῖ,
1186 3083 1237 3166 τίς
1257 3089 1271 3161 ί
1294 3085 1500 3190 κατακρίνειν

301 3200 365 3281 τὸν
385 3202 634 3303 ἡμαρτηκότα;
1517 3250 1559 3290 20

341 3402 365 3439 α.
385 3386 416 3454 δὴ
428 3403 477 3456 pro
489 3387 535 3456 ἤδη
550 3389 582 3442 Α.
785 3404 811 3460 5.
830 3388 935 3461 οὐδένα]
950 3389 1006 3445 des.
1019 3392 1052 3444 Α.
1090 3389 1166 3449 Quae
1179 3389 1359 3460 sequebantur
1371 3407 1386 3443 e
1399 3387 1501 3444 Catenu

304 3455 442 3524 Vaticana,
458 3475 543 3528 quum
556 3459 592 3512 D.
603 3459 695 3529 cyrilli
711 3477 769 3514 esse
786 3478 840 3514 non
854 3461 1001 3529 videantur,
1015 3459 1062 3514 sed
1080 3463 1168 3530 potius
1182 3459 1313 3514 Gennadii
1329 3459 1398 3514 forte
1415 3460 1499 3528 aliive,

305 3527 412 3581 nomine
424 3527 451 3580 in
464 3528 582 3597 margine
594 3531 701 3597 omisso,
715 3530 758 3585 hic
770 3531 816 3586 do.
851 3531 896 3586 οὓς
908 3531 981 3588 είδὼς
992 3531 1133 3602 πόρῤωθεν,
1146 3531 1239 3601 φησίν,
1252 3531 1337 3584 ὁποῖοί
1348 3552 1414 3586 τινες
1425 3531 1500 3584 ἕσαν-

304 3618 355 3660 ται,
367 3597 502 3686 ἀφώρισεν
514 3599 549 3654 είς
563 3601 592 3652 τὸ
606 3606 657 3654 τῶν
668 3602 818 3669 μελλόντων
828 3605 970 3671 μετασχεῖν
981 3601 1092 3672 ἀγαθῶν,
1105 3601 1212 3656 τούτους
1228 3601 1269 3654 καί
1286 3601 1418 3662 ἐκάλεσεν,
1431 3601 1501 3654 ὥστε

305 3667 347 3721 διὰ
360 3669 405 3744 τῆς
420 3665 459 3720 επ’
473 3667 550 3722 αῦτδν
561 3671 673 3726 πίστεως
684 3671 832 3725 ἀπολαῦσαι
848 3671 1013 3736 δικαιώσεως,
1025 3672 1146 3741 ἁμαρτεῖν
1158 3673 1204 3724 οὐκ
1221 3670 1418 3740 ε’πιδεχαμέναυς
1432 3673 1500 3724 τότε·

305 3737 320 3808 ἡ
336 3737 366 3792 δέ
380 3760 411 3808 γε
427 3738 498 3805 δόξα,
513 3739 540 3793 έν
551 3739 686 3811 ἀφθαρσίᾳ
703 3763 731 3795 τε
744 3743 785 3795 καὶ
797 3741 923 3812 ἀθανασίᾳ
937 3745 1060 3813 γεγονόσι
1075 3743 1200 3809 καθάπαξ,
1213 3743 1312 3795 ἅπαντα
1323 3741 1409 3808 μέντοι
1421 3745 1501 3794 ταῦτα

304 3808 428 3862 ἀπέδωκε·
447 3809 513 3879 πρὸς
529 3812 568 3877 τὸ,
581 3808 685 3879 οἴδαμεν
697 3811 725 3864 δὲ
738 3812 777 3865 ὅτι
793 3814 847 3868 τοῖς
858 3812 979 3882 ἀγαπῶσι
991 3816 1036 3867 τὸν
1048 3813 1107 3867 θεὸν
1118 3815 1199 3866 πάντα
1213 3815 1336 3882 συνεργεῖ
1346 3812 1383 3868 είς
1394 3809 1500 3880 ἀγαθόν,

305 3879 406 3947 διδάξαι
423 3881 591 3947 βουλόμενος,
604 3882 638 3936 ὥς
655 3881 685 3935 οῦ
703 3888 830 3952 περιορῶν
846 3883 937 3937 αὐτούς
955 3885 969 3936 ὁ
987 3883 1054 3944 θεὸς,
1069 3883 1097 3936 έν
1107 3885 1162 3939 ταῖς
1172 3881 1319 3954 παρούσαις
1336 3881 1501 3951 ε’ξετάζεσθαι

304 3952 373 4004 ποιεῖ
385 3952 542 4020 συμφοραῖς·
561 3955 615 4006 πῶς
630 3954 695 4021 γάρ;
715 3951 772 4023 ὅγε
789 3953 831 4006 ε’πί
847 3951 978 4006 τοσούτων
990 3952 1092 4042 ἀγαθῶν
1108 3953 1255 4007 ἀπόλαυσιν
1271 3952 1385 4008 καλέσας
1400 3952 1500 4017 αίιταίις,

305 4021 346 4074 καί
362 4018 469 4076 τούτους
484 4022 514 4074 οίι
532 4025 576 4075 νῦν
586 4022 656 4075 ἀλλά
668 4024 749 4077 πιίλαι
763 4023 805 4076 καί
819 4026 951 4093 πρόπαλαι
964 4024 993 4091 ἐξ
1006 4047 1048 4077 οτε
1060 4045 1110 4094 περ
1122 4024 1209 4078 αὐτοῖς
1221 4023 1285 4076 κατδ
1298 4023 1344 4091 τὴν
1356 4021 1502 4093 ἀπόῤῥητον

305 4092 397 4144 ίαντοῦ
414 4095 564 4162 πρόγνωσιν
581 4090 708 4160 ἠπίστατο
726 4096 810 4147 ὁποῖοι
828 4095 894 4149 τινὲς
911 4095 1015 4148 ἔσονται
1034 4095 1075 4148 καί
1091 4095 1142 4163 πρὸ
1159 4095 1205 4147 τοῦ
1216 4092 1346 4163 γενέσθω·
1366 4093 1439 4148 είδιίις
1450 4094 1501 4163 γὰρ

305 4161 402 4215 ι’ίνωθεν
413 4161 543 4218 τοιούτους
560 4163 699 4232 ἐσομένους
711 4164 811 4227 αὐτούς,
823 4164 938 4234 ἀνιίλογα
956 4167 987 4231 τῇ
1005 4166 1065 4233 περί
1083 4165 1166 4218 αὐτῶν
1177 4163 1293 4218 διαθέσει
1310 4162 1445 4232 πόρῤωθεν
1456 4164 1503 4218 αιἰ·

305 4234 359 4286 τοῖς
376 4231 524 4302 ηὔτρέπιζεν
541 4233 633 4304 ἀγαθά·
657 4239 712 4290 πῶς
729 4233 775 4289 οὖν
786 4234 878 4290 αὐτούς
894 4235 1017 4304 περιιδεῖν
1028 4233 1083 4288 οἶόν
1098 4257 1125 4289 τε
1145 4235 1185 4286 καί
1200 4235 1252 4304 πρὸ
1264 4237 1310 4288 τοῦ
1324 4235 1446 4304 γενέσθαι
1458 4237 1503 4302 τῆς

305 4301 481 4370 προαιρέσεως
498 4304 581 4359 αὐτῶν
596 4307 641 4360 τὰς
659 4303 769 4374 ἀμοιβὰς
787 4305 981 4374 εὐτρεπίσαντο,
1001 4305 1042 4359 καί
1060 4305 1101 4359 ε’πί
1120 4303 1220 4361 τούτοις
1238 4304 1329 4360 αὖτοὺς
1347 4303 1505 4372 καλέσαντα,

306 4373 374 4424 ὥστε
387 4372 430 4424 δια
442 4394 486 4440 της
498 4395 531 4428 επ
551 4375 627 4429 αυτδν
639 4375 752 4431 πίστεως
763 4380 814 4428 τῶν
825 4374 1045 4444 προσδοκωμένων
1056 4375 1175 4445 ἀγαθῶν;
1327 4375 1407 4429 8-11.
1427 4375 1504 4429 Haec

306 4441 381 4510 quusi
395 4441 513 4496 scholion
528 4461 636 4511 novum,
648 4444 680 4498 Β.
693 4445 849 4499 auctoritate
861 4446 946 4500 fretus
958 4445 1076 4512 exhibui,
1089 4463 1173 4516 quum
1186 4445 1214 4499 in
1228 4444 1279 4499 Ed.
1293 4445 1426 4515 prioribus
1437 4462 1505 4500 con-

302 4509 493 4578 jungebantur.
520 4580 524 4591 Ι
617 4514 682 4568 Post
694 4515 766 4582 haec,
780 4515 900 4569 scholion
912 4533 926 4569 e
940 4515 1001 4569 dial.
1015 4515 1049 4570 αδ
1064 4515 1157 4570 Herm.
1171 4515 1206 4570 iv.
1219 4517 1272 4586 508
1285 4533 1299 4569 c
1310 4515 1327 4570 d
1337 4533 1351 4570 e
1363 4531 1416 4588 509
1429 4533 1445 4570 α
1456 4515 1504 4571 δα·

307 4587 454 4647 sumptum,
467 4579 572 4635 exhubet
585 4587 618 4636 A.
763 4601 804 4638 τι.
827 4584 899 4640 Ηαες
913 4585 993 4640 nobis·
1003 4585 1154 4656 suppeditat
1167 4586 1191 4639 A
1202 4604 1228 4657 p.
1244 4602 1305 4656 229.
