3268 5130
301 337 368 400 204
469 334 509 400 Β.
532 332 721 399 CYRILLI
746 329 1011 396 ALEXANDR.
1039 329 1323 396 FRAGMENTA
1374 333 1430 398 vii.
1444 351 1458 395 ι
1466 345 1497 416 5.

122 373 279 502 ἐπα]

304 509 326 548 “
344 499 475 604 χρόνον
502 497 593 602 §fif
624 497 770 601 κυριεύει
798 496 842 596 δή
867 496 930 576 οὖν
955 529 1035 576 τινα
1061 493 1196 599 τρόπον
1220 501 1293 575 τοῖν
1321 492 1503 596 ζόντωνὸ

305 621 426 722 νόμος·
464 621 686 726 ἀπρακτήσει
713 619 779 721 μὲν
796 619 869 722 γάρ
897 619 1079 723 ἀραρότως
1107 622 1164 700 έπί
1192 627 1266 703 τοῖς
1294 625 1499 699 τεθνεῶσιν·

305 745 456 850 ὁρίζεται
493 745 531 825 δὲ
569 747 632 826 οῦκ
664 745 819 827 έκείνοις·
863 741 998 838 πόθεν;
1041 741 1141 823 ἀλλὰ
1172 750 1247 826 τοῖς
1280 742 1331 822 ἔτι
1367 738 1431 822 τὸν
1466 745 1505 822 ἐν

306 870 450 968 σώματι
474 870 640 973 τρίβουσι
662 866 754 964 βίον·
786 870 844 946 καί
863 873 1042 974 στεφανοῖ
1062 865 1128 966 μέν
1146 864 1299 949 ἐπαίνοις
1317 863 1381 945 τὸν
1400 866 1500 946 εύδο·

306 1000 419 1090 κιμεῖν
447 991 606 1089 εἰωθότα,
625 990 909 1098 καταψηφίζεται
939 990 976 1070 δὲ
1004 996 1076 1070 τῶν
1094 989 1266 1089 βεβήλων
1294 987 1360 1088 τήν
1388 989 1542 1090 δίκην·5

306 1113 382 1196 εἰτα
403 1122 480 1200 τοῖς
499 1117 519 1196 ὁ
539 1113 730 1214 νομοθέτης
755 1113 856 1197 ὅσιος
881 1112 984 1193 ἔσται
1012 1113 1133 1214 κριτής
1160 1111 1321 1215 κολάζων
1340 1112 1501 1215 ἡμαρτη-

306 1239 412 1324 κότας
439 1237 522 1324 τοῦς
548 1244 597 1323 εἰς
623 1244 728 1318 τοῦτο
757 1243 883 1318 πεσεῖν
904 1236 1115 1328 ἀβουλήτως
1140 1237 1179 1316 ἐκ
1203 1234 1314 1341 τύχης
1340 1236 1503 1337 ἠναγκα-

306 1362 485 1461 σμέναυς;
515 1359 723 1462 μᾶλλονδὲ
747 1360 786 1439 τί
808 1363 866 1439 καὶ
890 1360 984 1444 ὅλως
1009 1356 1072 1440 τὸν
1091 1357 1200 1455 νόμον
1218 1359 1400 1462 ὡρίσατο;
1431 1365 1507 1443 τοῖς

305 1487 371 1585 μέν
389 1485 460 1589 γὰρ
480 1484 625 1590 ἔχουσιν
642 1484 695 1564 ἐπ’
715 1483 883 1590 έξουσίας
907 1480 932 1563 εἰ
958 1482 1003 1564 ἂν
1025 1483 1217 1578 βούλοιντο
1242 1485 1341 1585 δρῦν,
1360 1484 1468 1562 ὁσίαν
1485 1483 1507 1561 ὁ

308 1607 416 1708 νόμος
443 1608 546 1712 ὁρίζει
573 1607 640 1707 τήν
667 1607 777 1706 δίκην,
801 1614 830 1687 εἰ
857 1606 974 1711 παρὸν
997 1608 1191 1705 εὐδοκιμεῖν
1216 1613 1292 1690 ταῖς
1320 1607 1501 1709 ἀγαθονρ-
1527 1643 1566 1686 ιο

307 1733 402 1832 γίαις
428 1729 612 1814 ἐπιδόντας
641 1728 703 1810 τὸν
729 1739 822 1828 νοῦν,
847 1732 947 1810 αὐτοὶ
974 1729 1020 1809 τά
1048 1730 1179 1834 αἰσχίω
1207 1728 1507 1830 τετιμήκασι,καί

308 1860 381 1934 τῶν
399 1851 593 1952 ἀμεινόνων
611 1853 820 1960 ἠλλάξαντο
837 1853 884 1934 τὰ
902 1852 960 1934 διὰ
986 1853 1096 1951 νόμον
1114 1854 1402 1955 κατεγνωσμένα·
1432 1859 1507 1936 τοῖς

308 1977 423 2081 γεμήν
441 1977 681 2080 ἐπηρτημένον
700 1978 825 2084 έχουσι
848 1975 912 2058 τὸν
935 1981 999 2076 τῆς
1016 1976 1175 2079 ἀνάγκης
1189 1971 1320 2079 ζυγὸν,
1339 1980 1397 2056 καί
1415 1972 1508 2081 ᾗπερ

309 2099 354 2182 ἂν
378 2108 453 2185 τοῖς
477 2108 649 2202 κρατοῦσι
673 2105 760 2206 δοκῇ
787 2099 1014 2204 τρεπομένοις
1041 2102 1104 2198 ἀεὶ,
1123 2097 1289 2201 περιττὸν
1312 2096 1412 2198 οἶμαί
1435 2133 1508 2180 που

308 2222 352 2306 τὸ
371 2225 573 2323 θέσπισμα.
614 2226 727 2304 καίτοι
745 2231 823 2309 πῶς
841 2225 905 2304 οῦκ
923 2222 1056 2324 ἀληθές
1074 2230 1181 2303 εἰπεῖν
1200 2227 1248 2306 ὡς
1266 2224 1339 2302 οῦδ
1359 2220 1404 2304 ἂν
1422 2224 1507 2323 ἡμῖν
1526 2249 1566 2310 ¹5

309 2350 331 2428 ὁ
357 2346 476 2428 πάντα
504 2347 602 2432 εἰδὼς
629 2345 693 2428 τὸν
719 2351 759 2428 ε’κ
786 2356 850 2428 τοῦ
878 2345 988 2448 νόμον
1015 2345 1122 2451 ζογὸν
1147 2348 1311 2445 ἐπετίθει,
1342 2343 1383 2427 τὸ
1411 2348 1509 2454 αύτῷ

309 2476 438 2552 δοκοῦν
466 2471 505 2551 εὖ
537 2470 639 2568 μάλα
669 2469 896 2575 βραβεύοντα
926 2473 984 2550 καί
1016 2473 1315 2573 παιδαγωγοῦντα
1344 2469 1435 2574 πρὸς
1465 2469 1509 2551 τὸ

308 2594 508 2702 συμφέρον,
537 2601 566 2675 εἰ
598 2603 672 2680 τοῖς
705 2597 914 2698 εἱμαρμένης
945 2593 1093 2700 βρόχοις
1121 2595 1392 2694 ἐνειλημμένους
1420 2595 1506 2695 ἠττί-

308 2752 451 2815 στατο;
482 2717 507 2819 ἢ
529 2717 602 2823 γάρ
624 2721 734 2799 έκεῖνο
763 2716 944 2820 λεγόντων
966 2723 999 2798 οἰ
1027 2718 1070 2798 δι’
1090 2719 1260 2816 ἐναντίας,
1280 2721 1328 2803 ὧς
1355 2719 1510 2821 ήγνόηκε

308 2850 414 2923 τοῦτο
433 2841 537 2938 θεὸς,
555 2839 578 2943 ἢ
598 2841 695 2943 εἰπερ
719 2840 811 2947 ὁρθά
836 2848 981 2946 φρονεῖν
999 2839 1167 2945 ᾑρημένοι
1193 2841 1332 2922 δεδίασι
1359 2841 1511 2949 σφόδρα
1527 2875 1570 2917 το

309 2963 352 3044 τὸ
379 2969 443 3064 τῆς
471 2964 626 3069 ἀῤῥήτου
654 2964 762 3072 δόξης
789 2965 959 3070 καταχέαι
988 2963 1055 3063 τὴν
1082 2963 1241 3066 ἄγνοιαν·
1279 2973 1510 3066 νενομοθετη-

310 3087 408 3169 κέναι
435 3087 477 3168 δέ
493 3095 600 3194 φασι,
619 3092 676 3168 καί
704 3087 776 3187 μὴν
801 3091 860 3168 καί
887 3095 960 3168 τῶν
988 3087 1300 3188 πλημμελούντων
1319 3092 1511 3193 καθαρίσαι

194 3239 238 3294 82
251 3235 299 3294 Π.
310 3210 375 3295 τάς
398 3210 497 3295 δίκας
526 3211 821 3313 ὁμολογήσουσιν
838 3215 1007 3316 έναργῶς·
1047 3209 1123 3292 οἶδε’
1141 3247 1212 3292 πον
1237 3211 1381 3297 πάντως
1405 3215 1507 3292 ε’λευ-

311 3335 404 3442 θέρῳ
423 3333 627 3441 φρονήματι
651 3335 824 3439 διαζῶντα
841 3335 905 3416 τὸν
923 3337 1113 3439 ἄνθρωπον
1131 3338 1190 3415 καὶ
1215 3338 1343 3440 ῥοπαῖς
1360 3338 1506 3417 έθελου-

311 3457 404 3541 σίοις
422 3458 477 3562 ἐφ’
498 3456 586 3560 ὅπερ
605 3457 653 3537 ἂν.
668 3461 727 3538 καί
745 3458 916 3553 βούλοιτο
935 3457 1088 3539 διάττειν
1105 3459 1289 3565 ἰσχύοντα,
1303 3460 1505 3564 παραποδί-
1528 3487 1569 3549 25

312 3580 433 3684 ζοντος
460 3578 610 3664 οὐδενός.
650 3583 815 3687 ταύτητοι
836 3586 894 3662 καί
913 3585 933 3662 ὁ
952 3582 1144 3668 θεσπέσιος
1166 3587 1316 3668 Παῦλος
1344 3583 1511 3686 κυριεύειν

312 3703 382 3811 ἔφη
410 3711 474 3784 τοῦ
501 3704 693 3807 ἀνθρώπου
720 3703 784 3784 τὸν
812 3704 921 3802 νόμον
948 3708 1003 3811 ἐφ’
1024 3705 1115 3786 ὅσον
1142 3703 1272 3811 χρόνον
1297 3705 1354 3812 ζῇ·
1384 3707 1511 3786 ούκοῦν

312 3830 380 3933 οῦχ
418 3831 467 3911 ὡς
498 3833 562 3928 τῆς
593 3827 784 3931 ἀνθρώπου
821 3830 976 3915 διανοίας
1012 3837 1086 3914 τοῖς
1123 3832 1251 3933 ἑτέρων
1283 3831 1512 3930 ῦποκειμείιης

313 3949 465 4051 νεύμασι
490 3950 537 4031 τά
557 3951 675 4032 τοιάδε
704 3952 811 4059 φησί·
851 3959 1054 4060 φιλοσοφεῖ
1078 3953 1117 4034 δὲ
1145 3957 1203 4033 καὶ
1230 3958 1295 4054 τῆς
1321 3954 1512 4056 ἀνθρώπου

347 4162 373 4216 3.
393 4147 483 4228 τδνᾉ.
498 4145 601 4217 Migne.
613 4150 665 4201 τιῦν
678 4144 711 4201 Β.
725 4145 776 4200 Ed.
975 4167 1002 4216 4.
1021 4151 1127 4219 σώμασι
1139 4151 1173 4204 Α.
1373 4163 1399 4221 7.
1415 4147 1509 4222 τύχης]

310 4215 402 4286 ψυχῆς
414 4214 476 4286 (εις)
491 4218 524 4270 Α.
711 4234 752 4271 10.
770 4217 951 4289 ἀγαθοεργίαις
962 4219 996 4274 Α.
1184 4236 1224 4275 11.
1242 4218 1405 4292 τετιμήκασι]
1419 4223 1510 4274 τετολ-

311 4283 409 4352 μ’κασι
421 4286 457 4339 Α.
660 4302 702 4357 13.
718 4283 785 4355 ᾗπερ
798 4291 832 4341 Α.
845 4287 919 4358 οἵπερ
933 4288 965 4342 Β.
980 4287 1066 4358 οἷπερ
1079 4289 1130 4345 Ed.
1335 4289 1376 4345 16.
1393 4291 1462 4362 αῦεηῖ
1476 4291 1511 4347 Α.

346 4355 415 4425 igne.
428 4356 490 4410 αῦτδ
503 4355 555 4410 Ed.
749 4357 790 4411 18.
809 4358 969 4430 εἰμορμένοις
980 4359 1049 4431 (εἰς)
1063 4359 1097 4414 Β.
1288 4378 1331 4416 21.
1349 4361 1467 4433 ἄγνοιαν]
1481 4363 1511 4414 ἀ-

312 4423 409 4492 νοιανή
422 4426 468 4494 τήν
478 4426 583 4497 ἄγνοιαν
594 4444 642 4496 pro
654 4445 727 4482 more
741 4426 864 4482 codicum
881 4431 1073 4485 nonnullorum
1088 4449 1135 4501 per
1146 4428 1310 4486 additionem
1322 4431 1458 4502 corrigens
1476 4431 1511 4486 A.

312 4494 669 4640 fffflssffiffloff'n
746 4514 789 4570 23.
808 4497 833 4553 οἰ
844 4499 875 4554 δέ
885 4500 919 4556 Α.
1021 4515 1064 4572 25.
1083 4502 1124 4556 καί
1135 4501 1259 4566 βούλοιτο
1272 4502 1306 4558 Α.
1318 4500 1444 4568 ε’βαύλετο
1457 4502 1511 4557 Ed.
