3278 5130
135 341 160 406 i.
174 362 205 428 3.
381 343 435 408 IN
463 342 722 410 ωςιασοωΑΜ
752 341 815 408 AD
846 343 1098 409 Ηςοιιαοος.
1261 317 1336 412 σοι

652 489 659 498 .
1377 457 1408 495 ιο
1436 445 1474 496 M.

135 509 400 610 γεγεννημένος,
438 510 492 592 ἔπ’
531 509 678 607 ε’σχιίτυυ
715 508 777 590 τάν
811 510 930 616 ῆμερύν
967 509 1082 592 τούτων
1119 445 1363 612 γεγενῆσθαι[
1410 453 1423 509 ⁷
1486 443 1499 510 ]

136 631 284 734 λέγεται
307 639 487 736 σαρκικῶς
509 636 547 714 ἐκ
572 633 750 736 γυναικός.
788 632 951 734 ἀδικήσει
978 634 1016 714 δὲ
1044 633 1140 718 ὅλως
1166 630 1267 713 οὐδέν
1288 636 1336 717 είς

137 753 357 860 ἀρχαιότητα
377 761 556 860 θεοπρεπῆ
579 756 642 838 τὸν
661 759 772 843 οὑτως
790 759 918 863 ἔχοντα
942 757 1034 837 κατὰ
1053 755 1168 864 φύσιν
1185 754 1228 837 τδ
1246 757 1333 836 νειό-

137 913 244 981 τερον
262 884 326 980 τῆς
341 882 540 979 οἰκονομίας
559 881 637 962 οὔτε
656 879 728 982 μὴν
745 886 808 980 τῆς
827 881 1012 988 ὑπσίρξεως
1031 883 1140 962 αὑτοῦ
1157 879 1200 961 τὸ
1216 913 1334 984 πρεσ-

101 1003 299 1099 5βύτατου
328 1003 394 1104 τῆν
424 1006 553 1085 οἰκείαν
584 1005 758 1086 ἀπολέσει
788 1003 910 1112 δόξαν·
951 1010 1148 1109 γέγραπται
1181 1003 1253 1108 γὰρ
1282 1003 1338 1085 ὅτι

140 1137 163 1176 “
182 1127 344 1229 Χριστὸς
366 1130 508 1230 Ἰησοῦς
535 1129 619 1234 χθὲς
646 1131 704 1208 καὶ
731 1128 891 1231 σήμερον
919 1131 939 1209 ὁ
967 1127 1073 1214 αὑτὸς
1095 1132 1153 1209 καὶ
1182 1136 1231 1214 είς
1255 1127 1338 1214 τοὺς
1351 1151 1485 1204 Infmxiii·

139 1259 163 1296 ‘⁴
182 1253 341 1336 αἱῶνας.”
373 1251 428 1332 ὅτι
455 1250 494 1332 δὲ
522 1253 580 1332 καὶ
597 1255 635 1331 ἐν
652 1250 762 1356 σαρκὶ
783 1250 953 1357 πεφηνὼς
970 1251 1337 1356 προσμεμαρτύρηκεν
1351 1217 1374 1268 ⁸⁸

139 1373 255 1482 ἐαυτῷ
273 1373 315 1454 τὸ
343 1378 391 1459 ὡς
414 1377 452 1455 έν
469 1376 546 1482 θείᾳ
564 1375 674 1482 φύσει
691 1375 954 1479 πρεσβύτατον,
974 1375 1197 1455 πιστώσεται
1220 1375 1339 1478 λέγων

138 1495 232 1600 πρὸς
259 1497 450 1584 Ἰουδαίους
478 1509 500 1547 “
517 1497 626 1599 Ἀμῆυ
643 1497 739 1597 ἀμῆυ
755 1497 851 1600 λέγω
880 1501 961 1596 ὑμῖν
982 1501 1067 1598 πρὶν
1085 1496 1247 1600 Ἀβραὰμ
1272 1533 1332 1599 γε·
1351 1519 1460 1601 83310211.

82 1660 125 1702 10
139 1632 163 1670 “
182 1619 307 1701 νέσθαι
324 1623 395 1725 ε’γοί
409 1623 512 1718 εἶμι·”
541 1622 612 1729 ἔφη
626 1621 666 1702 δέ
684 1623 776 1701 καὶὸ
791 1621 983 1706 θεσπέσιος
1001 1620 1169 1722 Ἰωάννης
1187 1623 1208 1702 ό
1226 1621 1335 1723 εὑαγ·
1350 1589 1453 1651 'MS'

137 1744 313 1847 γελιστῆς
337 1756 359 1794 “
372 1748 421 1827 ‘O
441 1746 559 1827 ὀπίσω
577 1779 647 1844 μου
665 1743 853 1850 ἐρχόμενος
877 1744 1080 1849 ἔμπροσθέν
1097 1779 1167 1845 μου
1190 1744 1338 1848 γέγονεν
1351 1772 1391 1823 lb.
1404 1772 1472 1836 i.15.

139 1880 162 1916 “
182 1869 236 1953 ότι
255 1868 397 1973 πρῶτός
424 1904 494 1969 μου
515 1867 594 1969 ἧυ·”
631 1875 784 1949 πλουτεῖ
807 1867 879 1970 γὰρ
897 1872 935 1949 ἐν
958 1875 1051 1950 πᾶσι
1078 1872 1136 1950 καὶ
1163 1870 1336 1973 πρωτεύει

138 1991 315 2095 Χριστός.

450 2183 511 2249 ‘Oc
538 2181 585 2248 ὧν
612 2183 807 2261 ἀπαύγασμα
834 2191 891 2251 τῆς
918 2184 1026 2254 δόξειε.

79 2379 124 2441 15
192 2353 339 2458 Ὥσπερ
364 2358 464 2437 ἐστὶν
482 2357 655 2459 ἄτρεπτος
674 2359 694 2437 ὁ
714 2357 843 2459 Πατὴρ
861 2360 914 2438 ἀεὶ
934 2357 1107 2456 διαμένων
1128 2358 1228 2438 τοῦθ’
1249 2355 1337 2460 ὅπερ

139 2482 232 2574 ἐστὶ,
244 2478 374 2583 Πατῆρ
392 2478 558 2580 δηλονότι
577 2481 644 2586 οὑχ
657 2478 756 2578 Υίδς,
768 2481 860 2561 οὑτω
879 2483 936 2560 καί
955 2480 1077 2564 ὑΥίδς
1093 2483 1339 2586 ε’μφιλοχωρεῖ

138 2610 214 2687 τοῖς
239 2605 347 2702 ἰδίοις,
366 2602 454 2688 Υἱὸς
474 2606 526 2682 ἀεὶ
548 2604 664 2702 μεύων
683 2606 741 2683 καὶ
759 2610 806 2688 εὶς
825 2604 972 2708 Πατέρα
999 2603 1049 2704 μῆ
1067 2601 1337 2703 μεθιστάμενος,

138 2727 200 2808 ἵνα
218 2727 386 2833 φαίνηται
414 2730 472 2807 καὶ
500 2729 574 2807 κατ’
594 2727 681 2808 αὑτὸ
704 2726 748 2827 δῆ
772 2731 870 2808 τουτὶ
896 2727 1071 2836 χαρακτῆρ
1090 2727 1261 2833 ὑπάρχων
1279 2726 1338 2822 τῆς

139 2848 361 2937 ὑποστάσεως
385 2859 448 2931 τοῦ
469 2849 623 2951 Πατρός.
652 2849 717 2930 ’ίδοι
735 2848 769 2930 δ’
790 2851 835 2930 ἀν
854 2885 907 2934 τις
926 2852 1022 2957 αὑτῷ
1038 2854 1101 2950 τῆς
1128 2859 1191 2930 τοῦ
1209 2849 1330 2932 τεκόν-

81 3006 127 3046 20
139 3007 202 3058 τος
230 2975 405 3078 ὑπεροχῆς
434 2977 491 3053 καὶ
518 2973 591 3072 μὴν
617 2977 675 3053 καὶ
707 2975 866 3058 εύκλειάς
895 2973 1076 3075 ἐμπρέπον
1103 2971 1146 3054 τδ
1179 2972 1330 3059 κάλλος.

139 3093 235 3186 θεδς
261 3097 332 3201 γάρ
350 3100 450 3178 ε’στιν
468 3094 638 3198 ἀληθινὸς
659 3096 704 3204 ἐξ
727 3100 899 3196 ἀληθινοῦ
918 3103 1024 3195 Θεοῦ,
1045 3105 1122 3203 φῶς
1143 3099 1183 3177 ε’κ
1201 3096 1334 3201 φωτὸς,

139 3217 211 3321 ζωή
226 3253 265 3299 τε
284 3220 412 3317 ὁμοίως
429 3223 467 3300 ἐκ
485 3219 586 3323 ζωῆς·
623 3221 885 3323 ὑτερσνείττηκε
903 3218 942 3301 δὲ
960 3229 1135 3302 τοσοῦτον
1153 3217 1219 3320 τῆν
1235 3219 1333 3318 σύμ·

137 3378 265 3424 πασαν
282 3345 401 3425 κτίσιν
418 3343 509 3424 ὅσον
526 3343 570 3423 ἂν
588 3350 704 3424 νοοῖτο
728 3346 785 3423 καὶ
811 3343 917 3430 αὑτὸς
935 3347 956 3424 ὁ
976 3344 1117 3446 Πατήρ.
1157 3342 1337 3448 ἔστιγὰρ

139 3468 309 3568 ἀγένητος
327 3468 371 3575 ἐξ
384 3466 569 3569 ἀγενήτου,
589 3469 648 3547 καὶ
666 3468 707 3546 ού
725 3475 798 3551 τοῖς
820 3469 864 3575 ἐξ
889 3468 953 3548 οὑκ
980 3465 1093 3548 ὄντων
1112 3473 1160 3552 είς
1187 3467 1230 3548 τὸ
1249 3464 1336 3548 εἶναι

84 3621 126 3682 25
139 3591 454 3694 παρενηνεγμένοις
468 3590 677 3693 ἐναρίθμιος·
706 3587 752 3689 ἦν
762 3588 834 3691 γὰρ
848 3591 868 3669 ὁ
880 3591 998 3696 Λόγος
1010 3593 1048 3670 ἐν
1063 3593 1157 3697 ἀρχῇ
1172 3593 1230 3670 καὶ
1241 3589 1337 3674 Θεὸς
1352 3616 1389 3666 1b.
1398 3616 1415 3666 1.
1427 3631 1448 3670 ι.

140 3712 186 3813 ἦν
203 3713 366 3817 ὁΛόγος·
396 3722 473 3798 πῶς
491 3715 553 3794 οὖν
566 3714 637 3817 ἄρα
654 3710 697 3794 τό
710 3715 792 3793 Ούκ
811 3711 855 3811 ἦν
868 3712 1001 3814 ἀληθές
1018 3715 1121 3795 ἔσται
1140 3711 1336 3816 λεγόμενον

140 3839 193 3919 ἐπ’
213 3839 322 3918 αὑτοῦ
349 3837 449 3940 παρὰ
476 3845 549 3918 τῶν
576 3845 651 3921 ταῖς
679 3836 788 3920 θείαις
816 3837 1070 3934 πολεμούντων
1093 3845 1278 3942 γραφαῖς;
1306 3841 1335 3915 εί

139 3961 212 4065 γάρ
232 3964 312 4042 ε’στι
339 3959 485 4062 γενητὸς
512 3963 589 4041 κατ’
609 3959 749 4050 αύτοὺς,
768 3961 1064 4041 συνυποκείσεται
1092 3959 1235 4043 πάντως
1260 3967 1335 4042 τοῖς

140 4084 269 4170 ἄλλοις
287 4083 403 4165 ἅπασι
425 4089 483 4165 καὶ
505 4084 569 4165 τὸν
587 4088 650 4184 τῆς
668 4084 829 4166 δουλείας
853 4084 1090 4191 παραδέξεται
1108 4081 1226 4187 ζυγὸν,
1244 4084 1332 4163 διοί-

179 4387 202 4423 ι.
219 4367 386 4492 γεγενημένος
399 4366 584 4424 ωεοάοεοῡτ.
781 4366 807 4422 6.
824 4367 938 4437 Χριστὸς
949 4364 1051 4449 Ἰησοῦς
1061 4364 1113 4420 hoc
1124 4363 1218 4448 οταίορ
1229 4363 1337 4420 exhibet

140 4447 167 4494 et
179 4439 220 4494 Co
240 4479 248 4494 .
469 4509 475 4522 ⁸
488 4456 529 4494 ιο.
547 4435 754 4530 &whom-{351
763 4437 910 4528 Βαπτιστῆς
921 4446 1035 4492 current
1046 4437 1116 4491 male
1127 4435 1337 4519 mtelhgemncr.

140 4503 1337 4652 3⁵:35‘zsstfflmxsffi‘z‘ssfzstzzzzt3‘ffl⁹‘”⁶⁹‚3t²3;;„÷33:b50135¹⁰“
