3294 5130
141 439 154 506 [
226 441 257 492 M
277 345 369 507 1414
477 346 517 410 Β.
537 345 726 410 CYRILLI
752 344 1017 410 ALEXANDR.
1045 344 1327 410 FRAGMENTA
1402 342 1456 406 xii.
1468 360 1498 408 α.

168 453 214 504 ¹²4
258 479 265 492 .

462 576 521 642 Ἐν
548 577 639 668 δεξιᾷ
666 601 702 644 τε
729 581 786 644 τοῦ
811 579 929 666 θρόνου
955 583 1012 644 τοῦ
1039 577 1124 642 θεοῦ
1151 577 1331 644 κεκάθικεν.

359 746 504 848 Δανιὴλ
525 757 615 850 γοῦν
637 751 802 834 θεοπτίας
824 751 909 849 ἡμῖν
926 749 1147 854 ἀναγράφων
1168 751 1226 828 καὶ
1244 745 1388 850 ὁράσεις
1405 778 1499 847 προ-

133 889 252 1004 amit
266 905 290 956 9·
303 871 466 976 φητικάς,
485 872 614 975 καθίζει
632 873 698 972 μὲν
715 876 772 954 ε’πὶ
791 873 920 974 θρόνου
944 871 1007 953 τόν
1024 871 1181 954 παλαιόν
1199 873 1352 974 ἡμερῶν·
1381 870 1499 972 πἐριί-

167 990 174 1002 ’
303 1028 417 1093 στησι
449 994 488 1075 δὲ
517 997 613 1104 αι’πῷ
644 997 764 1100 χιλίας
795 995 861 1095 μὲν
892 997 1057 1100 χιλιάδας
1088 1003 1162 1075 τῶν
1192 992 1415 1093 τεταγμένων
1451 998 1502 1076 είς

302 1120 542 1221 λειτουργίαν,
563 1119 689 1221 μυρίας
708 1117 747 1198 δὲ
765 1121 939 1223 μυριάδας·
956 1127 1028 1199 τῶν
1045 1126 1300 1220 παραστατῶν·
1339 1115 1500 1200 Ἡσαΐας
1515 1144 1533 1203 5

205 1253 219 1299 '·
248 1288 255 1301 ·
302 1239 340 1319 δὲ
359 1242 423 1321 ούκ
440 1243 478 1321 ἐν
495 1243 608 1339 μείονι
626 1241 717 1348 δόξῃ
729 1245 925 1323 τεθεάσθαί
939 1249 1036 1348 φησι
1051 1241 1116 1321 τόν
1130 1240 1219 1322 Υίόν
1237 1253 1259 1288 “
1271 1237 1410 1338 Elam?
1426 1238 1500 1341 γάρ

301 1361 382 1466 ἔφη,
411 1364 506 1444 “τόν
533 1364 669 1469 Κύριον
695 1367 852 1462 σαβαῶθ
881 1366 1080 1465 καθήμενον
1109 1368 1166 1445 ε’πὶ
1193 1365 1323 1468 θρόνου
1351 1366 1500 1468 ῦφηλοῦ

302 1497 324 1534 “
342 1492 401 1568 καὶ
422 1487 629 1592 ἐπηρμένου,
648 1492 708 1568 καὶ
731 1489 873 1592 πλήρης
895 1493 916 1569 ό
937 1487 1032 1574 οἶκος
1053 1493 1118 1589 τῆς
1136 1487 1244 1596 δόξης
1263 1488 1407 1567 αῦτοῦ.”
1440 1490 1501 1566 καὶ

198 1677 205 1688 .
301 1621 323 1658 “
343 1615 510 1719 Σεραφὶμ
531 1611 759 1714 είστήκεισαν
781 1612 902 1722 κύκλῳ
925 1612 1064 1712 αι’ποῦ,”
1094 1617 1153 1693 καὶ
1176 1610 1417 1714 ἐκεκράγεσαν
1434 1609 1501 1690 τόν

197 1799 203 1812 .
300 1737 338 1814 ε’ν
365 1738 495 1842 τριττῷ
522 1735 588 1835 μὲν
616 1739 654 1816 ἐν
681 1739 786 1841 α’ρχῇ,
805 1736 1058 1838 καταλήγοντα
1084 1737 1123 1816 δὲ
1155 1743 1203 1819 είς
1225 1734 1335 1814 ἕνάδα
1363 1738 1422 1813 καὶ
1451 1741 1499 1818 εἰς
1517 1769 1555 1810 10

242 1919 246 1928 ,
300 1857 489 1961 κυριότητα
516 1861 612 1958 μίαν,
640 1861 832 1962 ἁγιασμόν.
871 1857 942 1962 ἆρά
970 1895 1032 1940 σοι
1060 1857 1224 1940 δοκεῖτὸ
1256 1854 1431 1959 ἲσοπαγές
1461 1859 1500 1935 ἐν

301 1979 391 2087 δόξη
409 1985 479 2089 ἰδίῳ
497 1988 692 2081 κεκτῆσθαι
710 1984 839 2065 λοιπόν
858 1982 1003 2080 όΥἱός;
1034 1984 1125 2064 ὅπου
1139 1982 1212 2086 γάρ
1230 1981 1357 2086 θρόνος
1374 1983 1501 2062 όάνω-

299 2105 407 2202 πάτον,
426 2109 485 2185 καὶ
513 2104 713 2205 ἱσοδασμός
742 2108 765 2207 ἦ
793 2106 962 2212 ὑπεροχὴ,
980 2109 1039 2187 καὶ
1066 2113 1140 2186 τῶν
1158 2107 1196 2186 ε’ν
1217 2107 1358 2213 οὐρανῷ
1385 2104 1496 2185 δυνά-

299 2229 435 2328 μεωνὴ
457 2232 505 2314 ῶς
527 2231 566 2309 ἐν
584 2230 705 2338 κύκλῳ
729 2232 873 2328 στάσις,
890 2229 933 2311 τό
960 2235 1024 2330 τῆς
1052 2227 1214 2312 δουλείαις
1239 2235 1313 2314 τῶν
1339 2235 1500 2330 γενητῶν

299 2349 544 2456 ἐμφανίζουσα
561 2352 700 2458 μέτρον,
714 2357 773 2434 καὶ
791 2354 857 2453 τὴν
874 2359 938 2453 τῆς
957 2351 1161 2456 κυριότητος
1179 2349 1291 2459 δόξαν
1308 2385 1499 2455 προσμαρ·
1515 2381 1554 2443 ¹5

299 2483 458 2577 τυροῦσα
484 2481 536 2583 τῷ
561 2478 758 2585 καθημένῳ,
777 2484 882 2558 ποῖον
907 2475 953 2556 όν
976 2477 1050 2582 ἔχοι
1074 2475 1186 2556 τόπον
1204 2479 1429 2574 ἐνδοιασμοῦ,
1447 2472 1498 2575 μὴ

299 2603 345 2702 τῇ
370 2605 433 2677 τοῦ
454 2598 598 2702 Πατρός
623 2599 800 2704 κυριότητι
819 2606 957 2706 φυσικῇ
976 2597 1277 2702 καταγλαίζεσθαι
1296 2597 1361 2677 τὸν
1379 2595 1495 2694 Υὶόν;

298 2719 399 2818 πλὴν
425 2724 539 2802 καίτοι
561 2723 728 2824 ίσοκλεὴς
756 2727 814 2804 καὶ
843 2722 1037 2826 όμόθρονος
1064 2721 1113 2800 ῶν
1138 2725 1158 2802 ό
1179 2721 1321 2823 Κύμας,
1339 2724 1390 2805 ῶς
1412 2719 1500 2804 Υἱός

303 2847 422 2945 Πατρὶ
451 2850 510 2926 καὶ
540 2845 634 2931 Θεός
661 2850 756 2954 Θεῳ,
781 2849 970 2951 μονονουχὶ
998 2849 1057 2925 καὶ
1089 2851 1137 2927 εἰς
1168 2842 1281 2949 ἀρχάς
1310 2848 1374 2943 τῆς
1405 2845 1499 2924 οὕτω

298 2975 516 3070 περιφανοῦς
540 2973 598 3050 καὶ
623 2972 864 3074 ῦπερκοσμίου
890 2968 998 3076 δόξης
1017 2967 1301 3069 άναβιβάζεσθαι
1323 2972 1421 3047 δοκεῖ
1439 2964 1500 3045 διό
1514 3011 1556 3052 20

299 3089 365 3189 τὴν
383 3089 505 3193 σάρκα
523 3096 581 3173 καὶ
600 3092 666 3194 τὴν
684 3092 775 3193 μετὰ
792 3092 927 3197 σαρκός
946 3093 1158 3190 οἰκονομίαν,
1178 3091 1317 3171 ἀκούων
1335 3101 1358 3137 “
1374 3090 1500 3171 Κάθου

299 3225 321 3260 “
340 3218 379 3295 ἐκ
405 3217 531 3321 δεξιῶν
548 3253 618 3316 μου
636 3218 701 3301 ἕως
720 3217 765 3298 ἂν
783 3223 836 3297 θῶ
854 3216 936 3300 τοῦς
956 3215 1102 3321 ε’χθρούς
1126 3249 1197 3295 σου
1215 3213 1410 3294 ὑποπόδιον
1427 3220 1501 3293 τῶν

299 3347 321 3384 “
339 3343 462 3417 ποδῶν
480 3343 587 3420 σου.”
622 3340 642 3420 ό
660 3339 733 3443 γὰρ
751 3340 796 3421 ἂν
815 3339 1091 3442 ῦποστορίσειεν
1109 3340 1216 3443 ἑαυτῇ
1235 3334 1501 3439 κατεννάζουσα

298 3459 321 3558 ἡ
350 3461 426 3539 θεία
454 3463 578 3567 φύσις,
608 3472 714 3544 τοῦτο
747 3463 791 3565 δὴ
823 3463 968 3546 πάντως
999 3469 1073 3546 τοῖς
1105 3471 1169 3542 τοῦ
1198 3465 1366 3564 Σωτῆρος
1396 3461 1500 3561 ἡμῶν

299 3585 514 3689 ῦποφέρεται
541 3590 663 3684 ποσὶν,
691 3589 756 3668 οῦκ
784 3586 1014 3692 ἀνθρωπίνως
1042 3585 1288 3688 ἐνηργηκότος,
1317 3584 1397 3664 οὐδὲ
1424 3584 1504 3664 ἐπεί
1513 3619 1554 3680 ²5

297 3739 354 3786 τοι
377 3707 501 3810 γε’γονε
527 3710 636 3818 σάρξ,
656 3711 714 3790 διό
738 3719 845 3792 τοῦτο
873 3716 1014 3813 κρατεῖν
1032 3716 1105 3788 τῶν
1132 3708 1375 3809 ἦπειθηκότων
1394 3707 1500 3813 ἰσχύ-

298 3857 412 3915 οντος·
450 3835 536 3912 ἀλλ’
557 3833 612 3914 ότι
638 3839 701 3934 τῆς
729 3832 1002 3938 ἀνθραητότητος
1027 3830 1070 3913 τό
1093 3832 1357 3935 σμικρσπρεπές
1381 3838 1429 3916 είς
1456 3829 1499 3910 τό

297 3959 361 4054 τῆς
379 3955 550 4037 ἀνωτάτω
570 3956 715 4063 φύσεως
733 3961 873 4043 ἀναθεὶς
892 3957 1046 4062 ἀξίωμα,
1068 3962 1126 4036 καὶ
1150 3963 1223 4039 τοῖς
1241 3960 1305 4054 τῆς
1333 3953 1500 4055 θεότητος

298 4079 425 4163 θώκοις
452 4079 640 4184 ε’νιδρύσας
667 4078 793 4161 ἑαυτὸν
819 4083 878 4160 καὶ
902 4079 993 4178 μετὰ
1011 4078 1147 4182 σαρκός
1166 4082 1186 4159 ό
1208 4079 1418 4181 Μονογενὴς
1434 4087 1500 4158 τοῦ

298 4207 395 4283 Θεοῦ
413 4202 544 4306 Λόγος,
563 4203 800 4307 κατακυριεύει
817 4209 890 4283 τῶν
909 4202 1006 4283 όλων
1025 4205 1066 4283 οῦ
1086 4202 1168 4308 δίχα
1188 4199 1346 4306 Πατρός·
1380 4198 1501 4282 πάντα
1514 4239 1556 4296 30

298 4324 371 4428 γάρ
388 4327 431 4405 δι’
452 4329 588 4433 ἀμφοῖν
605 4330 643 4407 ἐν
661 4327 743 4436 ἰ’σῳ,
761 4327 987 4428 ἐνεργοῦντος
1012 4325 1078 4424 μέν
1096 4335 1160 4406 τοῦ
1181 4323 1336 4429 Πατρός,
1355 4324 1502 4430 ἔχοντος

299 4515 391 4624 MR!
396 4505 489 4574 τριττᾷ
501 4501 582 4558 habet
595 4501 663 4558 cod.
879 4519 920 4576 13.
940 4501 1086 4574 ἶσοδασμοι·
1099 4501 1167 4558 cod.
1180 4501 1336 4574 ίσαδῦναμος
1347 4499 1501 4558 emendavit
