3294 5130
308 331 378 396 *478
548 331 586 395 Β.
611 327 798 394 OYRILLI
828 328 1092 394 ALEXANDR.
1115 328 1285 394 FRAGM.

314 490 509 589 άσῶματον
527 493 592 570 οῦκ
619 491 680 588 ἔτι,
701 489 895 587 δυνάμενον
921 487 959 570 δέ
986 488 1054 589 ἤδη
1081 493 1141 570 καὶ
1169 492 1207 570 ἐν
1232 487 1332 598 τόπερ
1359 497 1520 571 νοεῖσθαι

314 621 453 712 λαβεῖν,
485 614 568 693 ἴσον
599 647 638 694 τε
669 614 838 715 γενέσθαι
870 617 1108 717 περιγραφῆς·
1163 608 1237 692 εἶτα
1274 611 1365 716 πρὸς
1401 615 1519 722 τούτῳ

314 739 455 815 κάκεῖνο
480 741 654 839 περινοεῖν
672 742 750 819 πῶς
771 737 835 817 οῦκ
859 736 927 816 ἔδει
951 733 1034 818 τοῦς
1058 733 1102 814 δι’
1121 735 1279 819 ἐναντίας
1307 738 1354 820 ῶς
1378 738 1520 816 ὑποκει-

314 859 422 956 μένου
443 864 494 965 τῷ
513 859 623 966 Λόγιρ
644 858 814 956 σώματος
836 857 912 942 ἑνὸς
935 860 1083 936 ὁτουοῦν
1102 855 1189 958 άπερ
1209 854 1255 937 ἂν
1272 857 1382 937 πάθοι
1397 860 1520 960 μέρος,

313 989 422 1062 ,τοῦτο
440 976 484 1078 δὴ
502 980 645 1064 πάντως
663 983 826 1061 πείσεται
848 984 906 1060 καὶ
927 978 970 1059 τὸ
991 987 1065 1061 πᾶν
1084 978 1234 1061 κατὰτὸ
1253 981 1446 1083 ἐγχωροῦν·
1476 983 1552 1071 οῦς

315 1103 387 1206 γὰρ
405 1101 451 1183 άν
468 1105 519 1183 ένῖ
540 1110 613 1184 τῶν
631 1105 764 1208 μορίων
782 1103 918 1202 συνέβη
942 1101 984 1182 τὸ
1007 1109 1145 1200 παθεῖν,
1163 1107 1193 1181 εῖ
1217 1099 1268 1200 μὴ
1294 1109 1357 1181 τοῦ
1381 1101 1521 1186 παντὸς

316 1226 486 1334 σώματοςΙ
512 1223 651 1326 δεκτικὴ
670 1234 734 1306 τοῦ
758 1231 885 1307 παθεῖν
903 1227 926 1326 ἡ
946 1224 1057 1331 φάσις
1082 1222 1136 1324 ἦν·
1174 1225 1238 1304 οὐκ
1263 1226 1406 1326 ἐπείπερ
1424 1226 1521 1324 ἡμᾶς

316 1350 375 1428 καῖ
401 1349 469 1453 οῦχ
499 1348 643 1430 ἑκόντας
671 1347 918 1451 καταβιάζεται
949 1354 1022 1427 τῶν
1049 1350 1191 1426 ἐννοιῶν
1219 1347 1242 1446 ἡ
1272 1345 1438 1440 βάσανος
1467 1353 1520 1432 εῖς

316 1470 550 1568 άνεθελήτους
577 1471 695 1550 ’ίεσθαι
721 1469 863 1572 λόγους,
881 1471 1143 1572 συγγνώμονας
1167 1471 1331 1570 γίνεσθαι
1353 1504 1521 1572 παρακα-

314 1600 464 1677 λοῦντες
491 1591 555 1674 τὸν
578 1602 642 1673 τοῦ
662 1598 758 1672 Θεοῦ
777 1591 909 1694 Λόγον,
932 1591 1041 1672 ε’κεῖνό
1068 1598 1198 1698 φαμεν,
1220 1595 1269 1675 ῶς
1296 1592 1392 1695 ε’ίπερ
1416 1597 1520 1672 ἐστὶν
1536 1632 1576 1670 10

317 1714 460 1815 ἀληθές,
479 1713 532 1793 ὅτι
555 1714 597 1794 τὸ
621 1712 712 1794 εἷναί
732 1749 767 1793 τι
791 1719 1025 1818 παρατροπῆς
1053 1716 1116 1794 οὐκ
1141 1715 1223 1818 ἔχει,
1242 1717 1321 1796 οὔτε
1339 1715 1410 1815 μὴν
1432 1715 1517 1794 ἀνέ-

284 1851 449 1944 φικτον
476 1839 571 1944 αὐτῷ
597 1837 640 1916 τὸ
667 1842 794 1918 παθεῖν
814 1836 935 1937 αὐτὴν,
953 1836 1167 1934 διαβήσεταί
1190 1870 1261 1917 που
1288 1834 1431 1920 πάντως
1458 1842 1520 1916 καῖ

318 1964 366 2042 είς
394 1957 501 2038 αὐτὸν
528 1957 592 2038 τὸν
617 1957 765 2062 Πατέρα
796 1961 854 2038 καὶ
888 1965 936 2042 είς
966 1958 1010 2037 τὸ
1039 1962 1188 2054 Πνεῦμα
1219 1957 1263 2037 τὸ
1288 1956 1421 2059 Ἀγιον
1452 1963 1521 2058 τῆς

313 2081 527 2187 δυσφημίας
562 2081 585 2180 ἡ
623 2081 784 2179 δύναμις·
835 2081 1009 2180 ὁμοουσία
1046 2078 1118 2182 γάρ
1150 2083 1252 2159 ἐστιν
1282 2081 1305 2180 ἡ
1337 2083 1421 2183 ἁγία
1458 2084 1521 2160 καὶ

317 2203 496 2308 ἄχραντος
520 2201 642 2307 Τριάς.
680 2200 755 2284 εἶτα
786 2204 893 2283 ποίαν
920 2203 971 2282 ἔτι
1003 2201 1069 2302 τὴν
1097 2201 1196 2305 παρὰ
1225 2207 1320 2282 Θεοῦ
1352 2207 1516 2305 προσδο·
1538 2243 1579 2302 15

319 2331 436 2425 κῶμεν
454 2326 662 2433 ἀσφάλειαν
680 2327 718 2405 έν
735 2360 778 2428 γε
796 2333 869 2409 τοῖς
888 2326 970 2404 καθ’
992 2323 1144 2421 έαυτοῦς,
1163 2329 1194 2403 εί
1220 2326 1278 2404 καῖ
1305 2323 1409 2409 αὐτὸς
1432 2324 1519 2422 μεθ’

320 2448 420 2547 ἡμῶν
439 2451 586 2529 ἀσθενεῖ
599 2452 657 2529 καὶ
675 2445 738 2528 τὸν
755 2449 811 2553 ἐφ’
832 2444 856 2528 ἃ
879 2447 930 2549 μὴ
955 2447 1053 2545 θέμις
1079 2453 1186 2527 εἰπεῖν
1206 2448 1402 2552 ὑφίσταται
1425 2446 1518 2527 κλό-

155 2599 301 2653 Μαῑαο.
321 2603 403 2668 νον,
435 2571 547 2651 καίτοι
576 2570 748 2672 λέγοντος
774 2572 931 2672 ἐναργῶς
958 2569 1162 2670 ἠκούσαμεν
1190 2581 1212 2618 “
1224 2566 1338 2650 Ἴδετε
1365 2569 1420 2650 ότι
1446 2571 1520 2671 ε’γοί

322 2704 345 2741 “
362 2699 433 2794 εῖμι
454 2697 513 2773 καὶ
535 2695 599 2773 οῦκ
621 2693 853 2793 ἠλλοίωμαι,”
878 2690 1020 2799 ψάλλει
1042 2693 1086 2771 δέ
1103 2726 1175 2773 που
1204 2696 1264 2772 καὶ
1288 2692 1521 2776 ὁθεσπέσιος

155 2840 241 2892 Paci.
255 2816 484 2924 ισ-μελερδὸς
507 2815 562 2896 ὅτι
580 2825 601 2862 “
616 2817 703 2918 ἔργα
721 2821 794 2896 τῶν
816 2821 944 2919 χειρῶν
966 2849 1037 2894 σου
1056 2819 1147 2895 εἰσὶν
1170 2821 1203 2894 οἱ
1226 2816 1378 2917 οὐρανοί.
1419 2816 1520 2894 αὐτοὶ
1537 2861 1581 2900 20

158 2905 196 2956 ’δ’
324 2950 345 2987 “
363 2940 592 3035 ἀπολοῦνται,
620 2937 670 3018 οῦ
698 2937 735 3018 δὲ
762 2937 941 3037 διαμένεις·
970 2939 1029 3017 καὶ
1049 2934 1178 3020 πάντες
1207 2939 1255 3020 ῶς
1283 2938 1422 3035 ἱμάτιον
1448 2971 1521 3018 πα-

323 3071 346 3109 “
363 3062 638 3160 λαιωθήσονται,
670 3063 728 3140 καὶ
761 3063 848 3142 ῶσεῖ
879 3055 1111 3161 περιβόλαιον
1142 3057 1269 3164 ἑλίξεις
1302 3059 1427 3152 αὐτοῦς
1460 3063 1521 3139 καῖ

323 3192 345 3230 “
363 3181 651 3282 ἀλλαγήσονται·
681 3181 731 3260 σῦ
763 3181 801 3261 δέ
833 3183 853 3260 ὁ
885 3179 991 3266 αῦτδς
1024 3177 1064 3278 εἶ,
1094 3183 1152 3260 καὶ
1183 3180 1230 3259 τὰ
1260 3181 1320 3280 έτη
1352 3215 1423 3263 σου
1455 3184 1521 3262 οῦκ

158 3323 239 3374 ιοοι.
251 3324 301 3376 xiv.
323 3313 346 3351 “
364 3304 641 3408 έκλείφουσιν;”
680 3305 779 3403 ἄθρει
797 3303 841 3400 δὴ
860 3304 922 3383 οῦν
941 3302 994 3382 ὅτι
1014 3301 1196 3404 μυστήρια
1214 3309 1342 3382 λαλῶν
1359 3305 1397 3382 έν
1413 3305 1521 3384 πνεά-

157 3403 180 3437 ²⁹
322 3458 408 3524 ματι
435 3427 494 3504 καὶ
522 3425 744 3508 θεοδίδακτος
766 3423 889 3529 θνητῇ
914 3424 1108 3532 μὲνφύσει
1130 3431 1204 3505 τῶν
1221 3431 1381 3524 γενητῶν
1397 3460 1517 3528 προσ-
1537 3460 1577 3518 ²5

311 3546 447 3651 ’έῤῥιφε
465 3545 531 3644 τὴν
549 3543 697 3647 τροπὴν,
715 3549 763 3629 ῶς
787 3548 825 3626 έν
849 3545 948 3654 τάξει
975 3547 1262 3651 παραδείγματος
1289 3546 1400 3648 ἤγουν
1422 3551 1516 3628 άπο·

322 3667 474 3773 δείξεων,
492 3666 816 3768 παλαιωθήσεσθαι
843 3670 961 3770 λέγων
983 3668 1065 3753 τοῦς
1095 3667 1272 3770 οῦρανοῦς,
1290 3659 1458 3772 τετήρηκε
1481 3670 1520 3750 δὲ

322 3788 364 3870 τὸ
387 3790 561 3892 ἄτρεπτον
586 3797 637 3898 τῷ
664 3793 722 3870 ε’πὶ
747 3790 884 3875 πάντας
905 3797 999 3899 Θεῷ·
1031 3791 1074 3873 τὸ
1101 3790 1174 3893 γάρ
1201 3786 1291 3870 εἶναί
1314 3825 1353 3872 τε
1380 3795 1433 3871 ἀεὶ
1459 3797 1520 3873 καὶ

322 3912 575 3997 άναλλοιῶτως
594 3914 687 4018 ἔχειν
704 3913 1070 4016 προσμεμαρτύρηκεν
1088 3916 1195 4019 αὐτῷ.
1234 3911 1359 4017 ῶσπερ
1384 3913 1421 3992 δὲ
1446 3922 1521 3994 τῶν

322 4033 516 4140 ἀμηχάνων
547 4032 634 4116 εἶναι
665 4038 898 4117 πεπίστευται
929 4034 971 4114 τὸ
1000 4036 1176 4116 δύνασθαι
1207 4043 1424 4134 μεταβαλεῖν
1453 4035 1521 4136 τὴν
1536 4077 1576 4132 30

359 4256 384 4294 2.
402 4237 474 4311 ἴσον]
490 4238 646 4311 legendum
658 4250 689 4294 ut
701 4238 806 4294 videtur
818 4238 890 4294 εἴσω.
996 4243 1073 4296 τοῦτο
1086 4259 1109 4296 c.
1263 4259 1289 4307 ⁴·
1307 4237 1376 4362 ἐνδη]
1390 4239 1483 4294 ἐνασει
1495 4257 1520 4294 c.

321 4308 415 4431 ρέτρος
426 4327 450 4363 c.
473 4379 481 4396 Ι
598 4323 622 4380 7.
634 4308 694 4379 οῦκ]
710 4308 866 4380 Legendum
880 4317 910 4364 ut
922 4309 1026 4365 videtur
1038 4312 1138 4396 οὐκοῦν.
1262 4327 1288 4381 9.
1307 4309 1361 4399 θνα,
1372 4308 1486 4394 ελίγτους
1492 4308 1522 4365 b.

346 4377 421 4448 σθαι]
435 4379 542 4433 ἑλεσθαι
554 4396 578 4434 c.
707 4395 748 4434 11.
766 4401 791 4433 τι
804 4397 857 4434 om.
871 4397 895 4434 c.
949 4379 1125 4452 παρατροπης]
1139 4378 1316 4450 legendumne
1327 4401 1393 4450 τερα
1405 4383 1521 4448 τροπηςῖ

326 4459 366 4514 15.
385 4468 406 4500 π
423 4449 582 4518 οσδοκοῦμεν
594 4467 617 4504 c.
785 4451 826 4504 18.
845 4448 925 4520 ἰ’δετε]
943 4457 971 4514 †
985 4472 1018 4518 με
1029 4468 1053 4505 c.
1216 4465 1257 4520 19.
1276 4448 1417 4506 θεσπέσιος
1428 4466 1484 4504 om.
1498 4467 1523 4505 ο.

323 4530 366 4581 24.
384 4537 429 4570 ουν
440 4533 494 4572 om.
508 4535 531 4572 c.
570 4569 573 4576 ,
640 4530 682 4585 25.
701 4516 916 4576 θεουδίδακςυςο.
1024 4537 1068 4591 29.
1086 4519 1259 4575 ἀναλλοίωτον
1271 4536 1295 4574 c.
