3280 5142
295 337 337 401 12
596 334 637 398 B.
660 329 873 398 OYRILLI
902 327 1193 395 ALEXANDR.
1350 325 1426 392 xvii.
1441 325 1494 394 263

262 504 359 600 (Ιτῆς
388 497 549 606 ἐμφύτου
579 533 641 598 μοι
673 494 783 605 δόξης
809 498 868 577 καί
892 501 1111 599 θεοπρεποῦς
1140 491 1243 600 ἀξίας
1275 493 1317 572 οῦ
1346 487 1495 599 σφόδρα

296 625 506 731 φροντίσας,
520 620 673 723 ἐμαυτὸν
687 621 864 702 κεκένωκοι
880 624 939 700 καὶ
957 625 1006 705 είς
1024 617 1252 723 ἀνθρωπίνην
1265 613 1496 714 καταβέβηκα

295 747 486 852 πτωχείαν,
503 746 562 827 ἵνα
589 745 705 826 σώσω
732 743 824 825 κατὰ
850 743 924 844 σὴν
946 744 1107 823 εὐδοκίαν
1127 740 1170 822 τὸ
1194 744 1259 841 τῆς
1286 736 1496 837 οἰκειότητος

294 875 360 970 τῆς
383 870 473 973 πρὸς
495 870 587 972 ἡμᾶς
609 873 853 969 διολισθῆσαν
871 866 984 971 γένος.
1024 863 1240 969 ἠγνοηκότας
1256 861 1295 943 δέ
1313 864 1371 943 καὶ
1389 869 1497 942 τοῦτο

295 1003 360 1076 τοῦ
379 992 529 1095 κόσμου,
547 991 823 1094 πεπλουτήκασι
842 988 909 1093 τὴν
927 997 1066 1095 γνῶσιν
1085 995 1117 1070 οῖ
1139 990 1309 1089 μαθηταὶ,
1328 985 1496 1068 συνέντες
1511 1021 1532 1082 5

296 1117 388 1200 κατὰ
416 1117 590 1220 ἀλήθειαν
622 1118 669 1199 ’ίτι
703 1115 748 1198 σύ
773 1151 820 1222 με
851 1115 1079 1206 ἀπέστειλας,
1108 1111 1285 1209 τουτέστι,
1315 1117 1388 1194 τοῖς
1416 1115 1498 1192 σοῖς

295 1247 452 1352 ἀφῖγμαι
479 1242 632 1344 νεύμασι
658 1243 769 1345 πέρας
788 1238 972 1340 ἐπιθήσων
990 1235 1033 1319 τό
1051 1233 1200 1341 ἀγαθόν,
1218 1234 1278 1317 διά
1295 1241 1361 1316 τοῦ
1378 1238 1499 1315 κινδυ-

298 1366 474 1449 νεύουσαν
491 1369 683 1448 ἀνασῶσαι
700 1364 767 1467 τὴν
785 1368 867 1468 γῆν.

268 1533 286 1579 ο

247 1607 284 1663 ²⁶
300 1609 358 1676 Καὶ
383 1608 545 1700 ὲτνώριοα
573 1605 683 1676 αὐτοῖο
708 1608 747 1676 τὸ
770 1609 874 1686 ὄνομά
902 1629 960 1675 οοο
988 1605 1037 1674 καὶ
1066 1605 1224 1697 τνωρίσω·
1261 1606 1314 1672 ἵνα
1342 1605 1361 1671 ἡ
1386 1604 1498 1680 ἀτάπιι

449 1736 489 1802 ιίν
517 1733 688 1809 ιίτάττιισάο
713 1757 754 1812 με
780 1735 815 1801 ἐν
843 1729 954 1800 αὐτοῖς
982 1727 1013 1825 ᾖ,
1040 1731 1132 1808 κάτώ
1158 1733 1193 1799 ἒν
1220 1728 1342 1798 αὐτοῖς,
1516 1760 1556 1800 ιο

353 1906 570 2008 Ἐγνωκένσι
598 1909 693 2012 φησὶ
719 1903 783 1988 τὸν
812 1905 959 2008 Πατέρα
987 1907 1046 1985 καὶ
1065 1903 1173 2004 Θεὸν,
1200 1901 1325 1986 ἑαυτόν
1353 1937 1392 1984 τε
1423 1900 1500 2002 ἅμα

298 2030 357 2108 καὶ
377 2027 459 2113 τοῦς
487 2031 584 2138 αὐτῷ
604 2027 910 2134 προσεδρεύοντας
934 2026 1107 2130 μαθηταῖς.
1146 2028 1204 2109 ίνα
1232 2025 1270 2107 δὲ
1290 2024 1342 2128 μή
1366 2060 1421 2112 τις
1449 2033 1499 2111 είς

296 2152 464 2237 ὑπονοίας
487 2151 657 2237 ἐκτύπους
684 2153 728 2260 ἐξ
750 2151 888 2254 ἀπάτης
913 2155 1125 2258 ὑπενεχθείς,
1145 2154 1182 2232 ἐν
1204 2151 1276 2259 ἰ’στρ
1294 2157 1347 2257 τῷ
1372 2147 1499 2260 τρόπῳ

296 2274 464 2377 γενέσθαι
491 2275 557 2376 τὴν
575 2283 714 2379 γνῶσιν
736 2277 868 2378 οἰηθείη
895 2274 1005 2383 τυχόν
1029 2277 1066 2357 ἐν
1084 2311 1122 2356 τε
1150 2282 1247 2384 αυτῷ
1273 2281 1326 2383 τῷ
1343 2279 1500 2381 Χριστῷ
1630 2381 1631 2384 ¹

295 2401 353 2476 καὶ
387 2406 459 2484 τοῖς
487 2407 672 2500 μαθηταῖς,
704 2399 914 2481 διαστέλλει
948 2404 1169 2505 παραχρῆμα
1200 2402 1259 2480 καὶ
1288 2396 1499 2507 φωιοτάτην
1517 2432 1555 2493 15
1630 2389 1631 2411 ί

129 2521 478 2627 1009Μέργοίφεται
506 2523 573 2625 τὴν
602 2524 789 2633 διαφορὰν,
821 2524 946 2606 ἑαυτὸν
974 2523 1039 2623 μέν
1068 2522 1381 2622 ἀποκαλύπτοντα,
1415 2521 1499 2607 τοῦς

297 2646 336 2727 δέ
360 2646 426 2749 τὴν
444 2656 582 2751 γνῶσιν
599 2649 749 2736 ἑλόντας
773 2650 815 2729 δι’
836 2650 946 2730 αὐτοῦ
963 2653 1184 2754 παραχρῆμα
1203 2647 1347 2732 δεικνύς.
1389 2647 1499 2748 ὁμέν

296 2768 368 2874 γὰρ
384 2772 516 2876 Κύριος
535 2775 635 2875 ἡμῶν
650 2777 793 2873 Ἰησοῦς
812 2777 832 2854 ὁ
852 2773 1025 2877 Χριστὸς,
1044 2774 1187 2875 ἐπείπερ
1205 2774 1285 2852 ἐστὶ
1303 2775 1362 2852 καὶ
1377 2770 1500 2876 Λόγος
1630 2793 1631 2798 ’

297 2898 355 2975 καὶ
382 2895 501 2996 βουλὴ
524 2903 581 2977 καὶ
609 2899 726 3002 σοφία
753 2906 816 2977 τοῦ
844 2895 1001 2999 Πατρός,
1027 2893 1119 2978 οἶδεν
1149 2893 1348 2982 ἀδιδάκτως
1380 2895 1427 2978 τὰ
1460 2899 1500 2977 ἐν

297 3019 404 3125 αύτῷ,
416 3022 474 3099 καὶ
490 3029 553 3101 τοῦ
571 3019 735 3107 τεκόντος
753 3019 860 3101 αὑτὸν
873 3019 920 3102 τά
935 3021 1034 3122 βοίθη
1047 3018 1320 3123 περιεργόζεται,
1334 3017 1498 3125 καθάπερ
1515 3057 1556 3098 ιο

296 3141 419 3238 ἀμέλει
448 3147 506 3223 καί
530 3147 550 3224 ὁ
572 3153 653 3229 νοῦς
676 3145 936 3248 ὁάνθριόπινος
964 3144 1010 3225 τά
1036 3147 1074 3225 ἐν
1099 3147 1205 3251 αύτῷ,
1231 3145 1290 3223 καὶ
1314 3143 1337 3244 ἡ
1357 3148 1395 3225 ἐν
1413 3144 1500 3247 ἡμῖν

296 3299 336 3344 τε
363 3269 422 3346 καὶ
450 3269 532 3347 καθ’
562 3269 654 3369 ἡμᾶς
680 3270 850 3370 νοουμένη
871 3268 1019 3354 σύνεσις
1043 3267 1143 3349 οὐδὲν
1161 3266 1204 3348 τὸ
1226 3267 1399 3371 παράπαν
1425 3277 1500 3350 τῶν
1630 3255 1631 3346 ί

264 3388 335 3466 δέν
352 3389 437 3488 ἡμῖν
455 3394 639 3494 ἀγνοοῦσα
661 3395 836 3500 φαίνεται·
875 3399 909 3474 οἱ
937 3392 980 3475 δέ
1002 3427 1044 3496 γε
1067 3390 1254 3475 θεσπέσιοι
1272 3396 1430 3492 μαθηταὶ
1455 3392 1499 3474 τὸ

295 3509 361 3608 μέν
379 3513 557 3596 δύνασθαι
575 3522 666 3597 νοεῖν
683 3550 717 3596 τι
736 3519 817 3620 περὶ
829 3523 925 3598 θεοῦ
943 3515 1081 3620 καρπόν
1098 3521 1163 3616 τῆς
1182 3516 1271 3602 ἰδίας
1289 3518 1354 3597 οὐκ
1372 3517 1499 3624 έχουσι

296 3636 475 3737 γνώσεως,
507 3641 831 3746 φωταγωγούμενοι
864 3640 902 3721 δέ
935 3640 993 3721 διά
1020 3649 1085 3721 τοῦ
1113 3640 1323 3741 Πνεῦματος
1350 3646 1396 3747 τῇ
1424 3649 1499 3723 τῶν
1514 3674 1554 3734 ²5

294 3762 504 3864 μυστηρίων
539 3766 702 3871 ἀκριβείᾳ
735 3765 1023 3867 προσβάλλουσι
1050 3772 1114 3845 τοῦ
1143 3770 1245 3866 Υίοῦ,
1272 3763 1430 3846 συνιέναι
1459 3802 1498 3847 τε
1630 3833 1631 3912 φ

296 3883 389 3964 οὕτω
417 3884 585 3966 δύνανται
610 3885 674 3966 τὸν
704 3888 861 3989 Πατέρα.
909 3890 1097 3994 χρησίμως
1126 3891 1189 3971 οῦν
1218 3890 1288 3995 ἀρα
1321 3892 1379 3970 καὶ
1412 3889 1498 3972 λίαν
1630 3919 1631 4000 γ

295 4008 437 4093 εἰκότως
467 4007 660 4111 ἐπήνεγκεν
689 4012 709 4091 ό
738 4009 901 4114 Χριστὸς
939 4013 994 4094 ὅτι
1029 4022 1088 4096 καί
1121 4014 1283 4125 ἒγιοίρισα
1316 4019 1429 4101 αὐτοῖς
1461 4013 1498 4097 τῦ

295 4133 399 4238 ἀνομά
417 4170 476 4213 σου
497 4142 556 4215 καὶ
576 4139 734 4244 γνωρίσω.

349 4255 532 4358 Ἐπιτήρει
560 4257 598 4337 δέ
626 4257 723 4346 ὅπως
747 4260 811 4361 ἴση
834 4264 876 4341 δι’
897 4264 1033 4367 ἀμφοῖν
1049 4261 1215 4364 ἐνέργεια,
1235 4265 1330 4368 φημὶ
1359 4261 1403 4363 δὴ
1432 4271 1496 4344 τοῦ
1511 4300 1553 4358 30

297 4378 442 4482 Πατρός
471 4383 529 4460 καὶ
558 4390 622 4462 τοῦ
644 4389 748 4480 Υίοῦ,
774 4384 865 4486 πρὸς
891 4385 955 4485 τὴν
985 4390 1048 4484 τῆς
1080 4387 1245 4471 θεοπτίας
1275 4384 1492 4494 κατάληψιν

439 4557 481 4613 16.
499 4558 545 4628 τὴν
557 4568 727 4632 assumptum
740 4579 773 4616 ex
786 4561 819 4616 E.
1059 4580 1103 4634 30.
1123 4563 1155 4632 δὴ
1169 4563 1201 4620 Ε.
1213 4563 1241 4619 δὲ
1254 4563 1286 4634 δὴ
1300 4563 1352 4621 Ed.
