3294 5150
191 369 210 433 i.
228 371 265 434 18
281 393 347 456 sqq.
392 371 446 436 IN
470 371 537 438 ων.
559 372 606 436 11.
633 373 697 438 AD
723 349 1015 441 οοιιῘΝοΗιοο.
1052 377 1138 443 αις.
1162 377 1189 440 1.
1315 378 1379 440 ατο

1430 477 1445 524 8
1473 477 1510 526 M.

190 540 296 639 φορεῖ
315 536 433 636 λόγων
450 537 495 617 Ὁ
513 537 618 638 λόγος
640 537 727 644 ήμων
746 547 760 619 o‘
780 538 861 645 πρῦς
884 543 976 644 ῦριῖις
1002 547 1061 621 οῦκ
1087 538 1208 643 ε’γένιτο
1237 547 1288 620 ναί
1318 548 1378 621 καί
1406 477 1417 540 [
1447 493 1463 538 ⁴
1523 476 1535 540 ]

190 657 233 736 οῦ·
262 658 444 740 τουτέστιν
466 661 529 740 οὐκ
551 661 656 745 αὐτὸς
672 664 784 770 ἑαυτῷ
809 661 1011 766 μαχόμενος
1035 665 1093 743 καὶ
1119 661 1319 762 νενοσηκὸς
1336 661 1379 742 τὸ

187 781 410 880 ἀσύμβατον,
436 784 522 863 ποτὲ
549 783 614 884 μὲν
641 793 747 864 τοῦτο
773 788 935 882 ἐπαινεῖν,
957 786 1044 866 ποτὲ
1071 785 1108 866 δὲ
1136 785 1273 893 φέγειν,
1292 785 1377 866 ἀλλ’

187 905 372 1005 ἀληθεύων
399 909 437 986 ε’ν
464 910 516 1014 τῷ
533 907 742 1010 κηρύγματι·
780 911 903 996 πιστῦς
921 911 983 990 οὖν
1002 913 1101 990 ε’στιν
1119 920 1134 991 ι’
1154 912 1249 1000 Θιῦς,
1269 944 1374 989 τουτ-

156 1029 287 1108 δέστιν
305 1028 465 1135 ἀψευδής
483 1065 520 1110 τε
539 1033 596 1110 καὶ
615 1031 763 1131 ἀληθής.

242 1153 433 1250 Ἑλλήνων
450 1159 482 1232 οί
505 1152 656 1256 λογάδες
681 1159 761 1258 περὶ
780 1162 852 1235 τῶν
868 1157 951 1258 παρ’
973 1157 1089 1241 αὐτοῖς
1109 1154 1379 1254 ὑπειλημμένων
1429 1167 1435 1174 “

187 1280 277 1355 θεῶν
305 1276 506 1381 δοξάσονσι
535 1275 723 1383 διαφόρως,
744 1281 799 1358 ναί
823 1311 862 1357 τε
891 1288 949 1359 καὶ
976 1279 1010 1358 ού
1034 1279 1210 1381 λέγοντες·
1242 1281 1283 1358 οῦ
1308 1279 1378 1380 γάρ

185 1400 264 1477 ε’στι
280 1397 364 1502 παρ’
383 1402 501 1485 αὐτοῖς
519 1400 541 1499 ή
560 1398 710 1499 ἀλήθεια
727 1399 827 1480 ἀλλά
844 1406 990 1500 μᾶλλον
1008 1399 1050 1480 τῦ
1069 1404 1214 1507 ψεῦδος·
1247 1399 1377 1482 διὸκαὶ

185 1520 369 1627 διαφόροις
396 1523 611 1603 σαλεύονται
639 1522 772 1630 δόξαις·
805 1523 881 1604 ὁδέ
899 1527 1044 1623 ἀληθῶς
1069 1527 1126 1604 καὶ
1151 1522 1242 1603 κατά
1264 1526 1377 1630 φύσιν

134 1643 273 1728 ῐῡΥίῦς
289 1655 353 1725 τοῦ
376 1643 494 1726 πάντα
520 1646 707 1750 ἰσχύοντος
727 1652 831 1744 Θεοῦ,
849 1655 926 1730 πῶς
952 1647 996 1725 ἀν
1014 1648 1150 1748 γε’νοιτο
1170 1651 1219 1726 νοῦ
1240 1655 1300 1726 καὶ
1320 1646 1355 1726 ού
1365 1686 1374 1740 3

186 1829 194 1847 .
213 1829 248 1849 ..
270 1832 278 1848 .
296 1768 496 1871 ἀναγκαίως
514 1769 551 1849 δὲ
569 1772 626 1848 καὶ
645 1772 665 1849 ὁ
683 1771 727 1876 ἐξ
743 1772 851 1850 αὐτοῦ
870 1767 960 1849 κατά
979 1769 1092 1874 φύσιν
1108 1769 1195 1856 Υίῦς
1214 1779 1229 1850 ι’
1249 1771 1278 1850 ἐν
1301 1774 1375 1875 ὑμῖν
1387 1811 1438 1844 ver.
1454 1808 1492 1858 ¹9·

185 1890 226 1972 δι’
255 1892 342 1994 ήμων
371 1890 537 1999 κηρυχθείς
565 1889 605 1972 δι’
625 1894 704 1999 ἐμοῦ
733 1901 792 1973 καί
822 1896 1002 1978 Σιλουανοῦ
1031 1904 1090 1973 καὶ
1119 1891 1287 1997 Τιμοθέου,
1316 1899 1375 1973 οῦιι

185 2012 310 2116 ἐγένετο
332 2023 382 2095 ιἰιὶ
408 2021 467 2095 καὶ
493 2014 538 2095 οῦ·
577 2022 647 2100 πᾶς
673 2016 745 2119 γὰρ
763 2019 817 2097 ἐπ’
837 2018 933 2124 αὐτῷ
951 2017 1062 2118 λόγος
1080 2014 1218 2116 ἀληθής
1236 2013 1295 2095 διά
1311 2019 1376 2115 τῆς

184 2145 257 2216 τιῦν
288 2135 469 2240 θεηγόρων
499 2138 624 2240 γε’γονε
655 2144 788 2244 φωνῆς.
837 2143 894 2219 καὶ
926 2141 1002 2219 ἰ’σοιι
1037 2139 1081 2240 δή
1110 2146 1225 2245 φησιν
1253 2141 1372 2240 ἑπαγ-
1388 2175 1487 2212 vomo.
1567 2241 1572 2250 ἱ

133 2292 171 2352 15
184 2261 303 2360 γελίοιι
327 2263 384 2341 τοῦ
402 2263 496 2356 Θεοῦ,
516 2263 545 2341 ἐν
569 2262 659 2368 αὐτῷ
685 2263 719 2342 τῦ
747 2271 808 2359 ναὶ,
832 2263 996 2342 τοιττείττι
1021 2262 1230 2366 φιλοτιμίαν
1254 2295 1292 2341 τε
1318 2266 1376 2342 καὶ

185 2381 385 2487 ῦιτόσχεσιν
414 2381 561 2463 ἅπασαν
588 2385 626 2462 ἐν
658 2387 753 2492 αὐτῷ
790 2384 889 2488 παρὰ
917 2392 981 2464 τοῦ
1011 2390 1107 2464 Θεοῦ
1142 2386 1200 2463 καὶ
1232 2382 1375 2486 Πατρῦς

183 2505 395 2610 ἐσχήκαμεν·
424 2510 480 2585 καὶ
500 2515 605 2587 τοῦτο
624 2510 662 2587 ε’ν
680 2513 731 2614 τηῦ
749 2516 833 2606 Ναί,
851 2509 1036 2588 τουτέστιν
1053 2509 1091 2585 ἐν
1109 2506 1269 2612 ἀληθείη·
1300 2506 1375 2604 ἥκει

183 2626 254 2731 γάρ
284 2637 395 2708 ταῦτα
425 2628 517 2732 πρὸς
547 2631 656 2733 πίρας
686 2629 744 2710 διῦι
775 2635 953 2730 Χριστοῦ·
1003 2641 1024 2678 “
1042 2629 1221 2729 κατεπόθη
1252 2626 1324 2732 γάρ
1353 2630 1468 2767 ἀέξοι·
1481 2655 1521 2688 ¹v·

184 2761 205 2799 “
223 2751 374 2837 θάνατος
398 2758 446 2836 είς
468 2755 590 2851 νῖκος,”
615 2757 672 2832 καὶ
694 2750 736 2832 τῦ
759 2758 823 2852 τῆς
840 2758 980 2860 φθορᾶς
997 2751 1212 2851 κατεσείσθη
1229 2749 1371 2854 κράτος,

131 2907 170 2945 20
182 2874 359 2955 παύσεται
384 2875 421 2955 δὲ
446 2880 504 2956 καὶ
525 2875 566 2955 τὸ
585 2875 714 2957 ἀναλκι
733 2879 790 2956 καὶ
808 2876 899 2978 πρὸς
919 2875 1057 2960 τούτοις
1075 2877 1097 2975 ἡ
1116 2876 1249 2973 ἀτιμία·
1280 2873 1374 2954 καθά

181 2997 251 3102 ἔφη
273 3001 332 3078 καὶ
350 3001 371 3078 ὁ
388 2997 603 3103 σοφώτατος
623 3005 771 3083 Παῦλος
796 3002 855 3081 καὶ
878 3004 915 3079 ἐν
933 3005 978 3104 τῇ
998 3000 1155 3104 προτέρᾳ
1179 3000 1370 3101 ἐπιστολῇ·

181 3122 459 3222 ἀποδεδείγμεθα
484 3123 522 3202 δὲ
546 3125 604 3202 καὶ
629 3125 736 3222 αὐτῆς
762 3127 826 3222 τῆς
850 3130 923 3202 τῶν
942 3123 1053 3224 ἁγίων
1070 3120 1260 3230 βασιλείας
1278 3129 1370 3219 κλη-

180 3243 325 3345 ρονόμοι
354 3248 413 3324 καὶ
444 3245 598 3350 με’τοχοι·
644 3247 715 3348 ε’ρεῖ
740 3244 812 3349 γάρ
844 3246 927 3345 ήμῖν
960 3244 1064 3328 αῦτὸς
1096 3245 1153 3324 ε’πί
1184 3251 1248 3321 τοῦ
1278 3243 1373 3322 θείου

180 3366 343 3465 βήματος
370 3365 488 3476 ὁένῷ
512 3366 550 3448 τῦ
573 3373 627 3448 ναί
652 3373 799 3449 “Δεῦτε
827 3372 860 3448 οἱ
888 3367 1118 3469 εύλογημίνοι
1145 3375 1208 3446 τοῦ
1227 3365 1372 3468 Πατρός
1385 3383 1517 3432 &Mm-

130 3506 168 3566 ²5
181 3497 203 3536 ‘⁶
220 3524 299 3587 μου,
330 3489 624 3592 κληρονομήσατε
661 3490 727 3589 τήν
763 3491 1030 3592 ἡτοιμασμένην
1067 3493 1148 3588 ῦμῖν
1180 3491 1373 3584 βασιλείαν
1385 3465 1443 3499 xxv.
1458 3461 1497 3522 ³⁴⁸

181 3621 203 3659 “
221 3610 292 3691 ἀπὸ
306 3617 512 3714 καταβολῆς
531 3611 705 3708 κόσμου.”
736 3614 866 3694 οίκίται
884 3613 949 3711 μὲν
968 3612 1039 3717 γὰρ
1050 3614 1148 3713 ήμεΐς
1166 3611 1208 3692 τό
1226 3647 1268 3714 γε
1286 3613 1372 3713 ήκόν

181 3741 229 3820 είς
253 3733 319 3836 τὴν
347 3738 472 3839 φύσιν·
507 3738 591 3814 ἀλλ’
619 3736 690 3817 ἀπὸ
718 3737 859 3817 δούλων
887 3743 935 3820 είς
963 3737 1147 3840 ἐλεύθερον
1173 3736 1373 3836 ε’κλήθημεν

180 3858 322 3965 ἀξίωμα
344 3861 387 3938 δι’
407 3861 528 3956 αὐτοῦ,
549 3857 621 3940 ἀπὸ
641 3865 778 3964 φθορᾶς
804 3867 853 3944 είς
874 3861 1093 3964 ἀφθαρσίαν,
1113 3860 1185 3940 ἀπὸ
1203 3867 1267 3939 τοῦ
1285 3864 1369 3939 δον·

180 3983 295 4063 λεύειν
317 3986 368 4089 τῷ
395 3983 557 4090 διαβόλῳ
584 3980 860 4084 ἀπαλλάγημεν.
898 3989 1002 4062 πᾶσα
1029 3985 1147 4062 τοίνυν
1174 3981 1372 4082 ἐπαγγελία

218 4247 242 4285 1.
260 4229 343 4318 ήμῶν]
356 4231 426 4300 ἀμῶν
438 4229 506 4287 Cod.
677 4251 702 4300 4.
720 4231 772 4302 γάρ
781 4247 833 4354 Ero
844 4228 890 4286 οῦν
903 4229 940 4284 Η.
1109 4241 1135 4296 5.
1152 4227 1250 4298 ἀληθής
1261 4229 1318 4284 dee.
1332 4228 1371 4285 Η.

181 4300 259 4354 6-ιο
278 4303 326 4355 ε’λλ
344 4301 601 4356 νον-κοὶοοοοδίο
614 4301 766 4374 suppeditat
810 4341 817 4355 .
1001 4317 1093 4366 11-13.
1113 4299 1372 4370 ἀναγκαίως-καλοῦ

181 4371 281 4453 δεεριις
292 4371 321 4426 in
328 4324 372 4434 δῦ,
385 4372 481 4426 retinui
493 4389 525 4425 ex
538 4371 589 4426 Ed.
683 4387 724 4442 13.
742 4369 806 4442 γὰρ]
821 4378 849 4435 ÷
864 4373 879 4426 ό
892 4370 943 4426 Εδ.
1035 4387 1075 4437 14.
1093 4372 1182 4441 φωνῆς
1194 4368 1249 4424 des.
1265 4371 1311 4434 H„
1324 4369 1371 4424 εεά

180 4441 275 4512 ιοςιρὶς
287 4439 319 4496 δε
332 4459 402 4496 novo
413 4445 463 4499 πᾶς
474 4440 524 4497 ἐπ’.
583 4441 865 4497 ὅσαι-τουτέστιοιο.
881 4441 917 4497 Η.
1165 4453 1205 4510 15.
1224 4457 1318 4495 nom.
1335 4439 1371 4494 Η.

184 4511 278 4636 ιγ-ριό.
296 4511 485 4584 ἥκει-κόσμου
497 4528 551 4567 om.
566 4510 604 4567 Η.
797 4511 893 4584 26-29.
911 4510 1225 4582 οἶκὲτοι-ἅτιιλλόγημω
1235 4519 1373 4582 assumpta

179 4601 212 4636 ex
257 4623 263 4637 .

713 4671 795 4731 τοο
