3278 5130
152 425 302 492 [nou]

148 1241 192 1292 Es.
206 1241 266 1292 xlix.
279 1255 303 1307 9.

313 325 379 390 380
480 325 520 389 B.
546 323 735 388 OYRILLI
761 321 1028 386 ALEXANDR.
1057 319 1340 386 FRAGMENTA
1442 321 1515 406 i.9.

314 492 434 570 δοῦναι
462 486 504 569 τῦ
529 493 686 588 Πνεῦμα,
719 490 873 594 ῦφοῦται
903 486 941 568 δὲ
969 485 1136 585 δηλονότι
1165 485 1225 566 ὅτε
1254 484 1514 566 τεταπείνωκεν

314 609 452 692 ἑαυτόν·
493 609 618 714 ὥσπερ
637 611 709 714 γὰρ
736 615 889 709 καθῆκεν
915 607 1042 690 ἑαυτὸν
1068 615 1116 693 είς
1148 616 1255 688 τοῦτο
1282 607 1384 698 ἑκὼν,
1414 610 1516 688 οὕτω

313 733 427 815 πόλιν
453 733 578 814 ἑαυτὸν
606 736 699 840 ῦφοῖ
723 736 781 813 καὶ
807 731 897 830 μετά
923 730 1061 835 σαρκὸς
1086 730 1191 816 αὐτὸς
1220 729 1270 810 οῦν
1292 731 1315 831 ἡ
1340 733 1419 835 χείρ
1446 737 1518 810 τοῦ

316 854 476 959 Πατρός,
508 858 553 936 δι’
581 856 623 957 ἧς
658 855 705 936 τά
735 854 855 937 πάντα
890 859 1096 957 θεοπρεπῶς·
1124 853 1315 958 ἐργάζεται.
1352 855 1518 958 ὑψοῦται

314 979 434 1058 τοίνυν
452 980 494 1058 δι’
514 981 639 1060 ἑαυτοῦ
667 976 758 1058 κατά
786 977 938 1077 θέλησιν
960 985 1025 1058 τοῦ
1049 976 1208 1080 Πατρός,
1229 975 1289 1056 ὅτε
1317 975 1553 1082 διαρῥὴξαςᾱ

313 1101 362 1182 τά
389 1112 454 1181 τοῦ
480 1101 635 1182 θανάτου
664 1099 783 1200 δεσμά
814 1103 873 1181 καὶ
902 1107 976 1184 τοῖς
1005 1098 1102 1180 κάτω
1133 1099 1333 1199 πνεύμασιν
1364 1097 1520 1200 είρηκῶς

314 1235 337 1274 “
354 1224 577 1332 Ἐξέλθετε,”
598 1220 779 1304 κεκάθικεν
796 1225 834 1304 έν
852 1223 954 1330 δεξιᾷ
971 1231 1034 1303 τοῦ
1053 1222 1210 1325 Πατρός.

373 1349 573 1453 Κέχρισται
608 1347 727 1426 τοίνυν
763 1351 814 1453 τῷ
851 1347 960 1454 ἓλαίερ
991 1349 1056 1444 τῆς
1084 1342 1339 1446 ἀγαλλιάσεως
1368 1346 1388 1424 ῦ
1420 1344 1519 1424 κατὰ

313 1469 430 1580 φύσιν
448 1469 547 1566 Υἱὸς,
569 1469 627 1549 ὅτε
647 1471 704 1548 καὶ
724 1466 818 1553 θεὸς
838 1470 948 1548 αῦτοῦ
969 1468 1223 1572 κεχρημάτικεν
1241 1469 1262 1546 ό
1280 1467 1410 1572 Πατὴρ
1428 1470 1516 1548 καθ’

294 1595 408 1694 γἡμῦις
426 1591 627 1696 γεγονότος.
668 1591 803 1672 ἀτοπον
821 1591 858 1672 δὲ
877 1599 981 1672 τοῦτο
1000 1591 1118 1694 λέγειν
1137 1592 1311 1689 οῦδαμῶς·
1350 1591 1422 1696 ἔφη
1441 1591 1517 1696 γάρ
1535 1621 1573 1665 ιο

149 1741 258 1792 Mean.

149 1822 192 1856 xx.
203 1817 242 1870 ιη.

314 1751 388 1797 που
413 1723 488 1800 τοῖς
516 1715 629 1818 ἁγίοις
649 1713 870 1798 ἀποστόλοις
896 1725 920 1762 “
935 1712 1138 1818 Πορεύομαι
1164 1714 1256 1816 πρὸς
1281 1713 1346 1793 τὸν
1365 1715 1517 1817 Πατέρα

318 1849 340 1888 “
357 1872 428 1937 μου
454 1836 514 1918 καῖ
543 1836 689 1938 Πατέρα
716 1840 815 1936 ῦμῶν
841 1841 900 1918 καὶ
933 1835 1029 1916 Θεόν
1058 1871 1128 1935 μου
1157 1839 1216 1916 καὶ
1248 1835 1344 1917 Θεὸν
1376 1838 1516 1934 ῦμιῦν.”

316 1958 393 2040 ἰδοῦ
416 1957 461 2058 δὴ
489 1965 620 2065 σαφῶς
647 1959 743 2040 θεὸν
770 1961 897 2040 ἑαυτοῦ
927 1957 986 2039 διά
1013 1957 1055 2040 τῦ
1082 1957 1306 2060 ἀνθρώπινον
1332 1955 1397 2039 τὸν
1424 1961 1518 2040 ἴδιον

317 2081 388 2189 ἔφη
408 2082 566 2184 Πατέρα.
607 2079 781 2179 ἐπειδὴδὲ
801 2082 1002 2182 κεκλήμεθα
1021 2083 1063 2162 δι’
1083 2083 1192 2161 αὐτοῦ
1212 2081 1301 2182 πρὸς
1323 2085 1516 2180 υἱοθεσίαν,

317 2204 572 2309 κεχρὴματικεν
601 2203 762 2309 ἀδελφὸς
792 2213 866 2289 τοῖς
903 2203 994 2284 κατά
1023 2203 1138 2310 φύσιν
1170 2205 1330 2301 οἰκέταις,
1363 2203 1516 2285 δέδωκεν
1534 2239 1571 2296 15

316 2331 401 2430 ἡμῖν
421 2328 569 2430 Πατέρα
593 2327 657 2408 τὸν
679 2328 816 2409 ἑαυτοῦ.
853 2330 937 2408 ἀλλ’
956 2326 1080 2431 ὥσπερ
1099 2329 1198 2427 ἡμεῖς
1222 2333 1252 2406 εί
1279 2331 1338 2407 καὶ
1361 2330 1428 2407 υἱοὶ
1453 2363 1513 2408 κε-

318 2450 482 2552 κλήμεθα
499 2459 563 2530 τοῦ
579 2449 735 2551 Πατρός,
750 2449 861 2550 ἐσμέν
877 2456 906 2530 εί
925 2447 1044 2549 ἐσμέν,
1063 2449 1244 2552 ἅνθρωποι
1263 2449 1441 2550 δηλονότι,
1454 2456 1517 2531 καὶ

317 2573 385 2674 τὴν
411 2583 476 2654 τοῦ
504 2571 728 2673 τετιμηκότος
756 2575 819 2653 οῦκ
847 2573 1070 2675 ἡγνοὴκαμεν
1094 2572 1210 2677 χάριν·
1250 2575 1361 2656 οὕτως
1383 2573 1518 2654 ὁκατά

317 2699 435 2803 ,φύσιν
453 2696 540 2781 Υἱὸς
566 2698 624 2776 καὶ
645 2694 789 2799 Κύριος,
809 2694 875 2776 κάν
894 2697 1031 2796 ἐπέγνω
1056 2695 1115 2776 διά
1137 2695 1203 2796 τὴν
1224 2696 1344 2798 σάρκα
1364 2698 1424 2775 καὶ
1448 2695 1517 2796 τὴν

316 2818 409 2921 πρὸς
432 2822 525 2920 ἡμᾶς
548 2818 720 2917 ὁμοίωσιν
738 2816 834 2900 θεὸν
851 2820 977 2899 ἑαυτοῦ
1000 2819 1063 2899 τὸν
1082 2819 1239 2922 Πατέρα,
1258 2820 1342 2899 ἀλλ’
1362 2818 1427 2898 οῦκ
1442 2818 1515 2925 ἔξω
1529 2855 1568 2896 ιο

318 2945 443 3046 γέγονε
464 2951 528 3024 τοῦ
547 2940 634 3022 εἶναι
653 2941 673 3020 ὅ
690 2944 801 3042 ἐστιν,
820 2945 900 3023 οὔτε
917 2941 989 3043 μὴν
1006 2947 1052 3048 τῇ
1070 2941 1161 3041 μετά
1177 2939 1313 3044 σαρκὸς
1332 2944 1516 3048 οἰκονομίᾳ

317 3062 401 3150 τοῦς
418 3066 619 3168 πρότοντας
637 3062 769 3166 λόγους
786 3067 885 3165 ἡμεῖς
901 3064 1141 3168 ἀγνοήσομεν.
1172 3071 1250 3149 πῶς
1268 3063 1305 3145 δέ
1326 3065 1397 3168 ἀρα
1414 3063 1516 3172 παραὶ

318 3185 394 3273 τοῦς
411 3188 576 3293 μετόχους
594 3189 702 3267 αύτοῦ
719 3189 907 3290 κεχρίσθαι
924 3188 1078 3290 λέγεται,
1097 3186 1182 3293 φέρε
1200 3187 1363 3290 λέγωμεν
1380 3190 1430 3272 ὡς
1447 3186 1511 3268 ἔνι.

318 3311 417 3408 ἡμεῖς
441 3308 596 3413 μὲνγὰρ
614 3311 834 3414 κεχρίσμεθα
856 3317 907 3417 τῷ
927 3311 1030 3419 Ἁγίφ
1050 3310 1244 3409 Πνεύματι,
1271 3307 1515 3412 διωρισμένων

318 3431 356 3510 δὲ
384 3439 547 3537 φυσικῶς
573 3439 646 3512 τῶν
674 3434 756 3512 καθ’
785 3433 878 3532 ἡμᾶς
905 3437 964 3513 καὶ
991 3443 1177 3530 τοσοῦτον,
1205 3433 1296 3514 ὅσον
1322 3432 1368 3514 ἀν
1397 3443 1514 3516 νοοῖτο
1528 3471 1564 3533 25

315 3552 485 3656 θεότητος
512 3553 624 3660 φύσις
648 3553 782 3638 παντὸς
807 3564 970 3657 γενητοῦ·
1018 3559 1039 3636 ὁ
1068 3554 1105 3636 δὲ
1134 3555 1177 3637 δι’
1206 3558 1297 3657 ἡμᾶς
1325 3557 1515 3658 γενόμενος

315 3677 505 3779 ἀνθρωπος
522 3686 586 3758 τοῦ
603 3682 699 3758 θεοῦ
717 3676 838 3779 Λόγος
855 3685 908 3786 τῷ
933 3680 1008 3786 ἰδίῳ
1028 3679 1211 3778 Πνεύματι
1240 3677 1422 3783 καταχρίει
1450 3678 1514 3761 τὸν

317 3803 443 3881 ἑαυτοῦ
474 3801 571 3894 ναῦν,
604 3803 645 3879 ού
676 3798 823 3903 μερικὴν
855 3800 1031 3903 ἐνέργειαν
1067 3803 1225 3899 ἐντιθεὶς,
1257 3803 1337 3882 οῦτε
1371 3800 1444 3902 μὴν
1474 3805 1514 3882 έν

316 3925 524 4027 ἀῤῥαβῶνος
549 3923 648 4030 τάξει
668 3922 763 4003 καθά
788 3925 845 4004 καί
868 3925 951 4023 ἡμῖν
969 3923 1200 4028 δωρούμενος,
1219 3923 1453 4023 ἀναπιμπλάς
1476 3924 1514 4006 δὲ

316 4053 462 4144 μᾶλλον
485 4048 673 4149 ἁγιασμοῦ
701 4049 760 4126 καὶ
785 4051 849 4146 τῆς
870 4050 996 4128 ἑαυτοῦ
1025 4045 1206 4147 δυνάμεώς
1233 4081 1271 4127 τε
1300 4052 1359 4128 καὶ
1388 4046 1509 4154 δόξης.
1526 4084 1563 4141 30

316 4170 497 4272 τοιγάρτοι
521 4172 580 4250 καὶ
607 4169 767 4276 ἔφασκεν
793 4169 933 4272 ((Υπὲρ
959 4171 1077 4251 αὐτῶν
1103 4167 1175 4271 ε’γάι
1203 4168 1337 4272 ἁγιάζω
1362 4171 1514 4270 ἐμαυτὸν

316 4301 340 4337 “
357 4293 415 4370 ἵνα
433 4291 523 4372 ὦσιν
542 4295 600 4373 καὶ
619 4293 718 4373 αὐτοὶ
736 4292 947 4395 ἡγιασμένοι
965 4295 1003 4373 ἐν
1020 4294 1205 4401 ἀληθείᾳ.”

355 4471 396 4506 ιο,
416 4455 457 4507 καὶ
470 4455 631 4525 seeundum]
646 4463 677 4519 4-
693 4457 738 4511 τὸν
750 4474 764 4510 ο
777 4474 827 4512 suo
841 4456 993 4514 Crameruu.
1176 4471 1219 4530 ςη.
1237 4458 1261 4512 εἰ
1273 4457 1352 4528 ἐσμὲν
1364 4459 1458 4515 omisit
1470 4461 1515 4517 Cr.

319 4522 474 4592 Legendum
488 4533 518 4578 ut
530 4525 633 4579 videtur
645 4525 660 4578 ὅ
672 4526 761 4594 ἐσμεν.
