3278 5130
314 353 381 420 374
489 352 529 418 Β.
549 349 742 417 CYRILLI
766 349 1036 416 ALEXANDR.
1061 347 1347 414 FRAGMENTA
1447 347 1473 411 i.
1493 347 1531 410 6.

186 459 197 498 ι
241 449 280 500 Μ.

159 447 232 516 [⁰9
291 449 534 622 Ιστρέφοντες
566 520 612 621 τῇ
643 517 759 597 κτίσει
789 522 896 596 τοῦτο
932 512 1190 600 συντάττοντες
1218 512 1302 593 ἀλλ’
1326 509 1531 614 ἐπειδήπερ

315 641 416 719 ε’στίν
434 641 472 720 ἐν
490 644 585 720 πᾶσι
603 638 795 743 πρωτεύων
812 637 918 723 αὐτὸς
939 696 950 716 .
975 698 984 719 .
1007 700 1048 720 ..

148 787 261 839 ωιιιςι
270 800 292 838 ι.
375 823 384 840 .
410 821 419 840 .
443 822 452 841 .
471 760 544 858 κὸς,
558 759 794 863 θαυμάζοντες
812 757 940 863 ’ἔλεγον
959 771 981 808 “
994 761 1060 845 Τίς
1078 760 1181 844 οῦτος
1194 761 1215 838 ὃ
1227 756 1532 862 παραγενόμενος

148 854 247 969 ιοίὲεῖρ
258 853 292 903 'd
317 893 339 930 “
356 883 400 991 ἐξ
414 882 548 983 Ἐδοίμ
580 883 767 964 τουτέστιν
785 887 824 965 ἐκ
842 888 919 986 γῆς·
950 882 1109 986 ε’ρύθημα
1128 885 1276 982 ἱματίων
1288 885 1327 962 ἐκ
1341 881 1469 982 Βοσόρ
1485 883 1529 975 ;”

148 984 337 1098 ἥῗίίξὲψῦ
364 1009 443 1086 ἐστι
469 1011 514 1112 τῇ
536 1004 697 1087 Ἕλλαδι
726 1012 831 1114 φωνῇ
858 1011 1017 1111 συνοχῆς
1043 1005 1068 1106 ἢ
1098 1008 1260 1113 θλίψεως
1288 1016 1311 1053 “
1325 1007 1420 1086 ἰυατί
1443 1033 1567 1093 σσυ5

148 1114 376 1176 θοςιαιιοωςςν
471 1129 642 1160 xxc!
768 1128 955 1162 ειιι
1190 1127 1320 1158 ιιι
1508 1139 1529 1154 .

152 1177 252 1228 mad.
357 1135 487 1235 ερυθρα
505 1164 552 1210 τα
578 1165 700 1228 ιματια
722 1164 780 1210 και
801 1164 848 1211 τα
874 1135 1052 1228 ενδυματα
1079 1163 1149 1210 σου
1177 1164 1226 1214 ως
1254 1163 1327 1210 απο
1353 1163 1530 1228 πατητου

148 1243 304 1360 fflffif·
316 1262 339 1299 “
354 1261 467 1354 ληνοῦ
481 1255 519 1350 ;”
546 1252 888 1356 προσεπυνθάνοντο
911 1252 948 1332 δὲ
967 1255 1106 1334 κάκεῖνο
1123 1253 1290 1354 λέγοντες
1306 1263 1328 1299 “
1343 1252 1394 1333 Τί
1409 1253 1528 1332 αῦται

149 1373 174 1424 ⁶·
317 1388 338 1424 ‘⁸
357 1381 394 1457 αἰ
420 1379 560 1477 πληγαὶ
588 1383 624 1457 αἰ
653 1373 722 1456 ἀνά
754 1375 869 1476 μέσον
898 1382 972 1456 τῶν
999 1382 1127 1480 χειρῶν
1153 1409 1225 1456 σου
1236 1375 1274 1472 ;’'
1305 1376 1326 1454 ὃ
1355 1374 1393 1455 δὲ
1423 1375 1527 1478 πρὸς

316 1499 443 1584 αὐτούς
468 1498 562 1584 “Ἃς
580 1497 744 1602 ἐπλήγην
762 1502 800 1579 ἐν
818 1505 869 1608 τῷ
887 1499 972 1607 οἴκῳ
990 1505 1041 1607 τῷ
1060 1501 1235 1606 ἀγαπητῷ
1252 1499 1357 1596 μου.”
1394 1501 1454 1578 καί
1474 1501 1526 1578 ού

317 1621 432 1723 δήπου
456 1622 547 1729 φαίη
569 1657 621 1706 τις
644 1621 689 1702 ἀν
706 1625 755 1707 ὡς
778 1621 822 1722 ἢν
841 1622 886 1728 ἐξ
901 1620 1058 1724 ἀνάγκης
1083 1623 1180 1729 αὐτῷ
1207 1619 1289 1705 τοῦς
1313 1627 1387 1700 τοῖν
1413 1622 1525 1721 ἥλων
1545 1655 1586 1695 ιο

316 1747 448 1828 τύπους
467 1745 596 1825 ἐνεῖναί
618 1779 657 1824 τε
679 1744 770 1843 μετά
796 1744 863 1845 τὴν
880 1742 1166 1836 ἀνάστασινκαὶ
1193 1742 1264 1824 σῦν
1281 1747 1400 1828 αὐτοῖς
1428 1747 1523 1824 ἀνα-

315 1867 452 1960 βαίνειν
470 1873 518 1951 εἰς
537 1865 601 1947 τὸν
618 1866 781 1972 οὐρανόν·
816 1871 926 1949 έκεῖνο
951 1866 989 1947 δὲ
1012 1873 1159 1967 μᾶλλον
1177 1866 1318 1951 εἰκότως
1340 1876 1525 1970 περινοεῖν

318 1989 431 2096 ἀξιον.
461 1987 588 2092 ὥσπερ
604 1992 849 2091 ἀπιστήσαντι
867 1993 919 2099 τῷ
937 1995 1056 2097 θωμᾴ
1072 1986 1154 2074 τοῦς
1173 1989 1305 2074 τύπους
1323 1997 1397 2070 τῶν
1413 1991 1524 2090 ἥλων

318 2117 377 2193 καί
404 2110 514 2212 αὐτὴν
533 2113 686 2220 ἐπέδειξε
713 2112 780 2215 τὴν
797 2111 958 2217 πλευρὰν
975 2114 1034 2193 ’ίνα
1051 2112 1181 2194 λοιπὸν
1199 2115 1376 2218 ἀναπείσῃ
1394 2112 1523 2215 λέγειν

318 2235 362 2342 ἐξ
377 2237 549 2332 εῦμαθοῦς
568 2237 722 2320 διανοίας
740 2247 763 2284 “
775 2238 825 2316 ‘O
847 2234 978 2339 Κύριός
996 2271 1067 2334 μου
1084 2239 1177 2316 καὶὸ
1195 2235 1288 2321 Θεός
1305 2237 1404 2335 μου,”
1420 2239 1521 2318 οὕτω
1543 2267 1583 2326 15

240 2359 246 2373 ’
318 2355 479 2463 καθάπερ
496 2362 632 2466 ἐγῷμαι
655 2366 729 2444 τοῖς
751 2359 864 2461 ἁγίοις
889 2357 1059 2461 ἀγγέλοις
1086 2360 1228 2465 ε’μφανῆ
1255 2357 1429 2443 καθιστὰς
1450 2363 1523 2459 τῆς

318 2483 410 2582 μετὰ
434 2481 571 2586 σαρκὸς
599 2483 799 2579 οἰκονομίας
826 2481 890 2562 τὸν
917 2482 1051 2586 τρόπον
1075 2481 1166 2581 μετά
1192 2489 1264 2563 τῶν
1287 2493 1351 2563 τοῦ
1378 2483 1524 2570 πάθους

319 2607 478 2705 σημείων
494 2607 667 2712 ἐφαίνετο,
687 2603 818 2709 ἐρυθρά
842 2614 930 2708 γοῦν
948 2604 995 2684 τά
1017 2604 1139 2703 ίμάτια
1162 2605 1283 2712 φέρων
1301 2609 1360 2686 καί
1388 2606 1524 2693 αὐτοῦς

320 2728 359 2809 δὲ
387 2726 468 2812 τοῦς
497 2728 629 2812 τύπους
659 2735 731 2808 τῶν
763 2726 863 2829 ἥλων
893 2729 951 2807 ίνα
984 2731 1041 2807 καί
1072 2730 1172 2809 αὐτοὶ
1202 2728 1434 2810 πιστεύσειαν
1465 2733 1523 2814 ὡς

320 2849 430 2958 φύσει
454 2885 493 2931 τε
518 2853 576 2930 καί
599 2854 743 2949 ἀληθῶς
762 2848 933 2955 ύπιίρχων
951 2848 1043 2935 θεὸς
1062 2850 1187 2954 γέγονε
1206 2855 1265 2931 καί
1285 2848 1356 2936 υἰὸς
1373 2851 1519 2956 ἀνθρώ·
1542 2892 1586 2934 εο

320 3007 404 3071 που,
424 2981 533 3073 σῶμα
561 2971 688 3068 λαβὼν
704 2976 743 3053 ἐκ
761 2977 824 3072 τῆς
842 2975 946 3077 ἁγίας
964 2974 1142 3078 παρθένου
1161 2978 1219 3055 καί
1244 2980 1362 3060 καθείς
1389 2975 1524 3055 ἑαυτὸν

154 3107 193 3235 ⁵⁰ss
205 3106 302 3156 ΝΜ
322 3103 371 3181 εἰς
398 3099 558 3194 κένωσιν,
577 3097 636 3176 ἵνα
662 3095 881 3203 προσφορὰν
897 3099 955 3177 καί
974 3098 1104 3177 θυσίαν
1122 3097 1248 3179 ἑαυτὸν
1266 3098 1353 3201 ὑπὲρ
1371 3098 1525 3180 πάντων

173 3208 179 3222 ’
322 3224 371 3304 εἰς
397 3219 518 3319 ὀσμὴν
535 3221 679 3303 εὐωδίας
706 3222 847 3304 ἀναθεὶς
873 3227 925 3328 τῷ
942 3225 1026 3328 Θεῷ
1047 3225 1105 3300 καὶ
1125 3225 1243 3324 Πατρί
1260 3220 1427 3331 διασῶση
1450 3222 1525 3321 τὴν

321 3343 379 3422 ὑπ’
399 3341 559 3444 οὐρανόν·
597 3351 796 3444 προσκυνεῖ
816 3352 1007 3446 τοιγαροῦν
1025 3347 1083 3423 καί
1108 3345 1130 3444 ἥ
1155 3351 1228 3424 τῶν
1247 3344 1414 3447 ἀγγέλων
1431 3345 1525 3447 ἁγία

320 3462 473 3565 πληθῦς,
491 3465 533 3544 ού
556 3465 819 3565 παραιτουμένη
847 3465 913 3565 τήν
931 3467 1181 3570 προσκύνησιν
1209 3468 1264 3550 ὅτι
1291 3465 1523 3571 πρωτότοκος
1543 3498 1584 3556 ²5

321 3587 366 3688 ἦν
392 3589 450 3668 καί
475 3591 513 3667 ἐν
536 3596 689 3673 πολλοῖς
716 3591 886 3693 ἀδελφοῖς
914 3589 1112 3692 ἅνθρωπος,
1131 3591 1361 3694 δεδιδαγμένη
1386 3590 1425 3671 δὲ
1450 3591 1524 3691 τήν

321 3712 523 3812 οἰκονομίαν
541 3714 599 3791 καί
620 3711 684 3791 τὸν
701 3713 741 3790 ἐκ
759 3717 853 3791 Θεοῦ
876 3711 967 3792 κατὰ
987 3712 1101 3820 φύσιν
1119 3716 1409 3817 ε’πιγινιύσκουσα
1426 3714 1523 3794 Υίίιν

322 3835 381 3913 καί
399 3833 458 3913 ὅτε
478 3833 602 3936 γέγονε
621 3832 733 3941 σάρξ.

360 4084 384 4123 ι.
403 4065 493 4140 τοῦτο]
508 4067 550 4122 lta
563 4066 602 4123 H.
773 4069 854 4150 3728.
875 4067 948 4122 Haec
962 4078 1100 4138 assumpta
1111 4088 1144 4125 ex
1156 4088 1179 4125 c.
1193 4070 1239 4125 fol.
1252 4087 1313 4141 243,
1327 4070 1364 4126 ita
1376 4070 1522 4196 invigiente

322 4143 385 4208 post
393 4139 456 4193 solio
465 4139 581 4202 nminem
595 4155 658 4194 cum
670 4138 733 4194 folio
746 4155 844 4194 ιιιαιοιο
855 4138 985 4192 amissum
997 4148 1024 4194 et
1036 4157 1143 4205 nomen,
1153 4140 1265 4196 exhibeo
1278 4151 1376 4205 tamen,
1388 4140 1416 4196 S.

322 4208 437 4264 ιιιονίκ
450 4208 587 4264 dubitant.
751 4225 792 4264 11.
811 4209 903 4264 ε’νιῖκαὶ
916 4207 998 4280 (err.)
1011 4209 1057 4266 Cr.
1448 4143 1521 4213 ymb
