3268 5130
150 320 194 385 xi.
214 342 328 403 12-14.
405 323 459 389 IN
484 322 743 389 EPISTOLAM
767 323 832 387 AD
859 323 1093 390 ROMANOS.
1281 327 1341 388 241
1374 423 1386 489 [
1440 423 1501 490 M]

1396 437 1428 487 4³
1467 458 1479 473 ··

149 485 375 595 ἐπιστροφὰς
402 490 460 568 καὶ
486 486 670 590 ἀγάπησιν
697 486 763 586 τὴν
789 485 845 594 ἐφ’
866 491 1011 570 ἑαυτοῖς·
1045 486 1207 567 τοιοῦτόν
1223 520 1258 566 τι
1280 521 1343 568 πε-

148 607 322 712 πράχθαι,
354 609 514 712 καθάπερ
545 609 615 712 ἐγὼ
649 606 757 708 οἶμαι,
789 611 847 688 καὶ
875 610 896 687 ὁ
925 611 1117 694 θεσπέσιος
1145 610 1215 716 ἐφη
1245 616 1346 690 Παῦ-

150 740 229 828 λος,
257 731 517 834 ἀπογινώσκειν
545 733 609 812 οῦκ
639 735 758 838 ἐφιεὶς,
788 733 903 813 καίτοι
931 731 1255 837 προσκεκρουκότα,
1282 731 1346 812 τὸν

148 852 316 958 Ἰσραήλ.

115 1077 134 1138 5
317 1044 353 1113 Εἰ
380 1046 416 1113 δὲ
442 1047 480 1115 τὸ
507 1047 717 1136 παράπτωμα
744 1047 852 1112 αὐτῶν
880 1052 1022 1113 πλοῦτος
1050 1050 1180 1125 κόσμου.
1360 1072 1395 1112 τι

209 1199 255 1274 Εἰ
284 1193 357 1296 γὰρ
387 1192 622 1293 πεπλούτηκε,
655 1196 781 1299 φησὶν,
814 1193 834 1271 ὁ
864 1189 1001 1292 κόσμος
1032 1192 1097 1290 τὴν
1128 1190 1218 1294 πρὸς
1250 1189 1345 1271 Θεὸν

150 1315 348 1416 οἰκειότητα
377 1315 435 1397 διά
461 1350 503 1418 γε
526 1315 568 1397 τὶν
592 1322 843 1418 προσκροῦσαι
861 1313 925 1395 τὸν
942 1314 1096 1418 Ἰσραὴλ
1115 1317 1184 1412 καὶ,
1202 1315 1345 1416 ἐπείπερ

150 1443 244 1522 εἰσὶν
260 1441 298 1520 ἐν
315 1441 428 1547 ἐνδείᾳ
454 1438 583 1546 φρενὸς
607 1441 755 1540 ἀγαθῆς,
774 1440 1017 1545 προσεληφθη
1042 1437 1088 1518 τοὶ
1111 1435 1205 1539 έθνη,
1223 1438 1275 1522 τίς
1300 1436 1489 1517 &must-ver.

150 1562 205 1662 εἴη
233 1560 362 1642 λοιπὸν
384 1561 407 1663 ἡ
428 1561 643 1668 πρόσληψις
670 1563 798 1660 αὐτῶν,
826 1560 849 1663 ἦ
878 1563 1069 1666 μονονουχὶ
1098 1564 1156 1640 καὶ
1189 1560 1345 1641 θανάτου
1358 1537 1397 1588 ¹⁵¹

98 1708 136 1748 ¹0
151 1685 261 1770 λάσις
282 1689 341 1766 καὶ
363 1683 432 1788 ζωὴ
455 1687 494 1766 ἐκ
516 1691 673 1788 νεκρῶν,

397 1887 436 1958 Εἰ
461 1915 533 1958 πως
559 1891 787 1983 παραζηλώσω
813 1915 874 1969 μου
900 1893 960 1960 τιίν
987 1894 1102 1983 σάρκα.

209 2041 273 2120 Εἰς
302 2039 507 2144 ὁμοψυχίαν
534 2039 597 2118 οῦν
624 2040 683 2120 καὶ
709 2038 850 2141 εἰρήνην
874 2039 956 2124 τοιὶς
984 2041 1029 2147 ἐξ
1054 2041 1165 2121 ἐθνῶν
1195 2037 1346 2123 πιστοὺς

150 2164 211 2241 καὶ
227 2160 409 2241 Ἰουδαίων
432 2159 631 2265 ἐφέλκεται,
656 2161 715 2240 ἵνα
742 2160 792 2261 μὴ
814 2163 1037 2263 ἐπαίρονται,
1062 2160 1163 2242 άλλοὶ
1186 2167 1237 2269 τῷ
1262 2167 1346 2270 Θεῷ

150 2281 198 2364 τοὶ
215 2281 430 2387 χαριστήρια
458 2286 640 2364 άναθῶσιν
670 2287 718 2368 ῶς
749 2285 1001 2382 άμνησικάκως
1026 2285 1255 2392 χαρισαμένιρ
1279 2284 1345 2385 τὴν

99 2435 136 2493 15
151 2412 225 2488 τῶν
252 2405 551 2509 παραπτωμάτων
579 2405 724 2513 άφεσιν·
763 2407 922 2514 δοξάζειν
951 2407 993 2488 δέ
1018 2415 1111 2512 φησι
1139 2405 1192 2502 την
1218 2410 1345 2488 ἑαυτοῦ

149 2526 330 2626 διακονίαι,
370 2532 411 2609 οῦ
449 2527 557 2636 δόξης
603 2531 735 2612 εἰκαίας
778 2532 971 2628 ἐπιθυμῶν·
1025 2532 1109 2609 ἀλλ’
1149 2531 1207 2609 ἵνα
1251 2535 1346 2635 φησὶ

148 2652 390 2761 παραζηλῶσαι
415 2688 479 2758 μου
502 2651 555 2747 τὴν
581 2652 706 2763 σάρκα·
740 2653 862 2754 σάρκα
888 2652 926 2732 δέ
952 2649 1065 2732 πάλιν
1090 2655 1181 2733 ἰδίαν
1205 2656 1242 2732 ἐν
1265 2655 1346 2734 τού-

147 2808 224 2857 τοις
259 2772 420 2879 ὀνομάζει
453 2773 518 2856 τὶνν
549 2773 719 2877 Ἰσραὴλ,
756 2779 835 2876 ἤτοι
873 2772 914 2855 τὸ
947 2774 1038 2884 κατιὶ
1075 2775 1195 2877 σάρκα
1232 2776 1343 2880 γένος.

149 2896 273 2996 ὅμοιον
300 2898 369 2979 οῦν
387 2900 474 2977 ὡσεὶ
498 2897 599 3000 λέγοι
619 2897 729 3002 τυχόν
749 2900 892 2979 Εῦκλεῦ
919 2932 957 2978 τε
985 2902 1043 2979 καὶ
1070 2897 1266 3005 ἀξιόχρεων
1287 2905 1345 2980 καὶ

98 3070 137 3109 20
150 3021 369 3126 φιλαιτάτην
394 3025 477 3128 θεῷ
502 3019 568 3120 τὴν
592 3019 805 3120 ἀποστολὴν
829 3020 895 3120 τὴν
922 3021 1011 3120 ἐμὴν
1039 3018 1125 3102 εἰναι
1152 3023 1259 3123 λέγω,
1287 3028 1346 3103 καὶ

149 3150 225 3232 τοῖς
251 3143 320 3225 άνιὶ
346 3151 471 3225 πᾶσαν
493 3142 559 3244 τὴν
578 3142 734 3249 ῦφήλιον
755 3140 1053 3247 χρειωδεστάτην·
1094 3147 1160 3250 οῦχ
1185 3147 1243 3226 ἵνα
1269 3156 1347 3231 ταῖς

151 3266 321 3353 διακένοις
339 3275 456 3365 τιμαῖς
474 3269 532 3346 καὶ
551 3265 713 3349 ἐκτῦποις
731 3267 986 3372 φιλοκομπίαις
1003 3263 1069 3365 τὴν
1088 3270 1239 3366 ἐμαυτοῦ
1262 3273 1346 3374 φαί-

151 3424 245 3489 νοιμι
277 3397 471 3496 στεφανῶν
501 3386 675 3494 κεφαλὴν,
703 3389 874 3468 ἀλλ’ἵνα
904 3389 946 3470 τὸ
974 3390 1065 3469 κατοὶ
1092 3390 1212 3494 σάρκα
1245 3395 1347 3494 γένος

150 3511 383 3611 αἰνασῶσαιμι
407 3512 449 3591 τὸ
467 3509 565 3609 ἐμάν·
604 3513 796 3615 μονονουχὶ
817 3511 1011 3591 διανύττων
1039 3511 1098 3592 οἷά
1121 3547 1188 3592 τινι
1214 3515 1346 3622 κέντρῳ

95 3671 136 3732 ²5
150 3642 204 3741 τῷ
224 3635 331 3742 ζήλῳ,
349 3638 408 3715 καὶ
433 3633 616 3718 διανιστοὶς
638 3639 688 3718 εἰς
712 3633 753 3713 τὸ
772 3635 919 3715 ἑλέσθαι
944 3638 1017 3716 δεῖν
1037 3641 1082 3739 τῇ
1106 3635 1163 3716 διὰ
1181 3641 1346 3740 Χριστοῦ

149 3756 271 3864 χάριτι
289 3761 525 3836 δικαιοῦσθαι.

189 3973 213 4012 1.
231 3957 318 4012 ὕκοστ
390 3957 448 4013 ιλ.
577 3955 606 4012 6.
625 3955 771 4013 Ιπε.ΕῐΑ.
824 3958 909 4027 φησὶν
921 3939 974 4012 οιαζ
986 3959 1022 4014 Α.
1156 3973 1182 4030 7.
1199 3982 1231 4031 γε
1243 3978 1297 4016 om.
1309 3962 1343 4016 A.

149 4016 240 4086 emh}
300 4025 311 4076 ‘,
361 4025 403 4098 ⁸5]
416 4027 459 4082 διδ
470 4026 772 4096 ιηνῖονδαίιινιῦῆθειαν
784 4029 818 4080 Α.
1002 4045 1029 4098 9.
1047 4030 1230 4086 λοιπὸνοίκαὶ
1242 4047 1296 4084 om.
1310 4033 1343 4086 Α.

152 4113 196 4153 10.
214 4094 270 4167 καὶ]
285 4103 315 4161 -1-
329 4093 385 4151 οῖον
395 4098 430 4152 Α.
482 4095 588 4168 νεκρῶν]
605 4105 633 4162 ÷
649 4099 692 4152 καὶ
709 4097 749 4152 ὅτι
770 4096 914 4166 μέλλουσιν
931 4097 1100 4169 ἐπιστρέφειν
1117 4099 1145 4153 εἰι
1162 4102 1269 4155 πολλῶν
1286 4102 1345 4156 ἔστι

148 4167 227 4222 θείιιν
238 4167 391 4235 καταμαθιίν
401 4167 498 4238 λογίων
509 4167 544 4222 Α.
680 4182 774 4239 12-17.
796 4167 869 4222 Haec
881 4167 1007 4236 Εἰς-τὴν
1019 4170 1103 4238 σάρκα
1115 4179 1252 4238 assumpta
1263 4187 1295 4223 ex
1309 4172 1345 4226 Α.

149 4237 200 4308 qui
211 4235 297 4306 pergit
309 4237 393 4306 σάρκα
405 4238 433 4292 δι’
445 4238 563 4307 ὀνομάζει
575 4239 628 4293 τόν.
768 4253 810 4307 19.
826 4239 907 4308 τυχὸν
918 4245 944 4294 et
956 4259 985 4294 τι
996 4246 1023 4291 et
1034 4238 1177 4309 ἀξιόχρεων
1188 4239 1229 4293 καὶ
1241 4256 1295 4295 om.
1309 4242 1343 4296 Α.

150 4322 196 4396 21:
212 4308 294 4362 πᾶσιν
304 4305 448 4394 ιίνθριίποις
459 4326 509 4378 pro
520 4305 721 4378 τοίς-ῦφῆλιον
732 4306 768 4362 Α.
920 4323 972 4398 ⁸23.
991 4307 1131 4395 ἰδ’-ἐμόν]
1146 4311 1226 4364 σῶσαι
1238 4311 1268 4363 τδ
1281 4313 1345 4398 κατδ

149 4397 305 4500 m
328 4378 475 4517 ἰιςπ
486 4376 1344 4540 καταδεῖ’ςιιτκιιιίιιοιπκια

149 4515 217 4584 τέρα
229 4517 315 4579 εἰπὸν,
328 4517 435 4572 ἐνταῦθα
448 4519 533 4586 σάρκα
545 4519 618 4571 καλεῖ
629 4517 711 4572 πλέον
721 4518 812 4573 αὐτους
824 4516 991 4588 οἶκειοιίρινος
1003 4517 1037 4574 Α.

195 4615 268 4660 τοι.
285 4617 336 4661 111.
734 4619 747 4664 1
764 4601 774 4662 i
