3278 5130
152 343 184 386 v.
199 341 316 400 20‚21.
362 321 415 386 IN
441 322 507 388 ΕΡ.
528 321 576 387 11.
603 321 666 385 AD
693 321 986 388 CORINTHIOS.
1025 322 1109 388 LIB.
1134 324 1194 388 IV.
1283 326 1344 387 355

150 523 250 590 fimf
279 491 353 571 ⁷⁰²⁹
379 485 603 588 ἡμαρτηκόσι
630 485 678 567 τα
706 487 984 593 παραπτώματα
1007 487 1123 568 αὐτοῖν.
1165 487 1283 587 ἐπειδὴ
1309 485 1347 566 δὲ
1371 439 1498 506 [99η]

150 609 363 710 τετάγμεθα,
383 613 488 715 Φησὶ,
505 608 598 712 πρὸς
625 612 823 713 ἱερουργίαν
850 616 923 689 τῶν
949 611 1188 712 εύαγγελικῶν
1215 616 1344 690 θεσπι-

151 733 315 833 σμάτων,
335 735 392 812 καὶ
417 734 566 814 τέθειται
590 732 648 827 τῖς
674 732 912 835 καταλλαγῆς
938 735 968 814 ἐν
985 738 1059 840 ἡμῖν
1082 735 1102 813 5
1126 730 1240 836 λόγος·
1269 732 1346 813 διά·

153 891 250 937 κονοι
277 855 348 959 γάρ
376 859 486 955 ε’σμεν
509 862 614 936 θεοῦ·
643 858 844 957 ἀναγκαίως
870 863 945 940 τοῖς
972 859 1064 937 οὕτω
1091 855 1348 938 πεπιστευκόσι

5 1045 18 1078 ,-
112 979 217 1074 ετάς
236 980 322 1083 ὑπέρ
341 1014 382 1082 γε
401 986 511 1084 σφιῦν
529 982 646 1060 αὐτῶν
665 979 778 1077 λιτάς,
794 983 850 1061 καὶ
869 979 945 1061 οἷον
963 983 1071 1062 αὐτοῦ
1089 979 1131 1061 τδ
1149 979 1349 1085 πρόσωπον

152 1102 397 1200 ἀναλαβόντες
419 1109 594 1205 Χριστοῦ,
613 1109 687 1188 τοῖς
708 1105 909 1209 ἀποφοιτοῖν
934 1103 1106 1186 ε’θίλουσί
1127 1111 1247 1212 φαμεν
1267 1105 1346 1184 Δεί-
1360 1151 1412 1186 ver.
1424 1150 1464 1186 οο.

152 1227 242 1334 μεθα
265 1225 346 1332 ὑπὲρ
369 1230 519 1335 Χριστοῦ,
546 1227 802 1330 καταλλάγητε
827 1237 873 1335 τῷ
900 1239 988 1335 Θεῷ,
1014 1229 1276 1314 πιστεύσαντες
1300 1233 1349 1312 εἰς

152 1351 272 1450 αῦτδν,
296 1357 409 1450 δῆλον
436 1350 490 1432 ότι
513 1349 576 1431 τδν
605 1347 684 1460 ῦπῖρ
711 1351 753 1431 οῦ
777 1349 1010 1459 πρεσβεύομεν·
1042 1350 1205 1457 Χριστός
1229 1353 1301 1456 γὰρ
1325 1353 1348 1452 ἡ

152 1476 244 1578 θύρα
262 1479 319 1556 καὶ
338 1472 444 1559 αι’πδς
462 1474 484 1572 ἡ
504 1473 594 1558 ὁδός.

6 1693 14 1707 ⁶
94 1647 138 1687 10
208 1597 355 1698 Ἐπειδὴ
389 1596 427 1676 δὲ
460 1595 505 1697 ἦν
536 1594 627 1681 εῖκδς
659 1598 847 1697 ἀλογῆσαί
880 1631 977 1682 τινας
1008 1605 1080 1677 τῶν
1109 1598 1350 1700 εύαγγελικῶν

152 1721 401 1826 κηρυγμάτων,
424 1727 482 1802 καὶ
510 1721 736 1822 λογίσασθαι
763 1723 846 1822 παρ’
867 1718 967 1800 ούδέν
991 1722 1055 1801 τδν
1079 1726 1142 1820 τῆς
1169 1722 1349 1824 σωτηρίας

152 1842 275 1948 καιρδν
295 1844 359 1925 τδν
380 1843 640 1946 εύπρόσδεκτον
665 1847 819 1943 ἀληθεῖς,
843 1847 1093 1946 παρωθεῖσθαί
1114 1881 1152 1926 τε
1180 1848 1237 1925 καὶ
1259 1843 1350 1944 μετὰ

150 1976 258 2048 τοῦτο
281 1968 348 2069 τὴν
370 1967 506 2065 πίστιν,
523 1975 758 2069 προσεπινοεῖ
775 2002 810 2047 τι
827 1968 942 2048 πάλιν
959 1968 1077 2052 αὐτοῖς
1104 1971 1124 2048 5
1147 2002 1346 2070 μνστογω·

4 2188 12 2204 .
151 2091 218 2192 γδς
240 2093 303 2172 ούκ
328 2090 500 2176 ἀνικύνως
519 2092 602 2198 ε”χον
620 2099 668 2176 είς
686 2091 871 2194 ἐντροπὴν,
891 2094 948 2171 καὶ
969 2091 1061 2193 πρὸς
1088 2089 1130 2171 τό
1158 2093 1351 2172 ἀναπεῖσαι

1 2294 12 2333 :⁴
96 2247 137 2306 ¹5
150 2215 281 2320 ῥᾳδίως
306 2211 357 2314 μὴ
375 2217 584 2297 ἀναπίπτειν
601 2221 650 2300 είς
666 2215 852 2322 ῥᾳθυμίας,
871 2214 1130 2320 ἐπιδράξασθαι
1149 2213 1187 2294 δὲ
1205 2221 1350 2310 μᾶλλον

151 2343 216 2437 τῆς
238 2341 276 2417 ε’ν
294 2343 447 2446 Χριστῷ
468 2337 570 2441 ζωῆς·
610 2340 672 2419 καί
696 2343 791 2444 φησι
817 2340 898 2441 περὶ
920 2346 985 2418 τοῦ
1002 2344 1098 2419 Θεοῦ
1125 2341 1184 2419 καὶ
1204 2336 1350 2441 Πατρός

151 2463 214 2542 Thr
232 2461 278 2566 μῖη
297 2497 417 2563 γνιντα
435 2464 604 2570 ἁμαρτίαν
622 2459 701 2571 ὑπὲρ
725 2461 812 2569 ἡμῶν
831 2466 1001 2569 ἁμαρτίαν
1019 2462 1165 2554 ἐποίησεν
1181 2461 1238 2542 ’ίνα
1255 2461 1349 2567 ἡμεῖς
1362 2510 1413 2545 ver.
1427 2509 1466 2546 οι.

151 2583 328 2690 γενοίμεθα
357 2584 543 2680 δικαιοσύνη
570 2587 655 2666 Θεοῦ
684 2587 715 2666 ἐν
744 2591 846 2694 αι’πῷ.
883 2583 1005 2682 ὅμοιον
1031 2585 1117 2664 ὡσεὶ
1143 2583 1245 2686 λε’γοι
1272 2583 1350 2666 Τόν

152 2707 255 2786 οῦδὲν
289 2707 519 2812 ἡμαρτηκότα
557 2708 704 2790 πόποτε
740 2705 990 2810 παρεσκεύασε
1026 2713 1153 2788 παθεῖν
1194 2705 1237 2787 τὸ
1277 2713 1350 2789 τῶν

97 2868 139 2909 20
153 2829 302 2935 σφόδρα
335 2832 674 2938 φιλαμαρτημόνων,
704 2831 745 2911 ἵν’
780 2830 873 2930 ἡμεῖς
904 2829 1074 2936 ἀποφήνῃ
1099 2831 1253 2914 δικαίους
1284 2829 1350 2927 τὴν

153 2960 203 3038 είς
232 2953 340 3035 αὐτὸν
367 2954 491 3034 πίστιν
518 2953 818 3054 εὶσδεδεγμένους·
858 2952 1016 3052 ὑπέμεινε
1044 2951 1115 3056 γὰρ
1144 2962 1166 2999 “
1180 2950 1350 3054 σταυρὸν,
1362 2991 1430 3044 1105
1443 2991 1486 3041 xii.
1496 3008 1517 3043 2,

154 3088 177 3126 “
190 3079 365 3184 αἰσχύνης
381 3077 693 3183 κατοφρονήσας·”
724 3077 774 3164 εἷς
792 3077 864 3181 γάρ
879 3076 967 3180 ὑπὲρ
979 3075 1125 3157 πάντων
1138 3075 1313 3156 ἀπέθανεν
1331 3077 1350 3154 5

153 3200 302 3282 πάντων
320 3201 497 3310 ἀντάξιος.
528 3200 614 3282 ὅταν
632 3202 750 3282 τοίνυν
768 3204 926 3309 ἀμαρτία
943 3201 1111 3304 γενέσθαι
1129 3198 1289 3302 λε’γηται,
1301 3197 1351 3298 μὴ

156 3323 344 3430 ῦπολάβης
362 3324 417 3405 ότι
435 3324 617 3431 πέπραχεν
635 3325 824 3427 ἁμαρτίαν·
866 3325 907 3404 οῦ
925 3324 997 3428 γάρ
1014 3320 1108 3404 οἶδεν
1126 3329 1353 3422 πλημμελεῖν

0 3509 1 3518 .
98 3477 141 3536 25
157 3446 251 3532 Θεὸς
264 3446 314 3527 ιῦν
327 3449 348 3528 5
361 3445 491 3552 Λόγος·
520 3447 596 3528 ’ίσθι
616 3449 652 3527 δι’
666 3453 812 3547 μᾶλλον
831 3447 886 3527 ότι
905 3449 1042 3527 δέδοται
1058 3445 1158 3550 παρὰ
1178 3454 1241 3525 τοῦ
1256 3450 1352 3524 Θεοῦ

156 3575 216 3650 καὶ
235 3570 381 3672 Πατρός
406 3569 495 3672 ῦπέρ
517 3577 589 3650 τοῖν
607 3572 790 3673 ἁμαρτιῶν
806 3571 919 3670 ἡμῶν·
957 3570 1117 3672 καθάπερ
1144 3567 1268 3667 ἀμέλει
1294 3571 1353 3646 καὶ

156 3692 204 3772 τὰ
230 3694 317 3798 ὑπὲρ
336 3694 512 3796 ἁμαρτίας
533 3693 689 3801 σφάγια,
708 3694 799 3775 κατά
821 3693 884 3774 τὸν
904 3693 1069 3778 Μωσέως
1093 3692 1213 3791 νόμον,
1232 3692 1347 3795 ἀμαρ-

156 3818 233 3901 τίας
265 3815 458 3919 ὠνόμαᾷνν·
509 3816 707 3922 γε’γραπται
740 3826 827 3920 γοῦν
859 3821 897 3898 ἐν
928 3814 1131 3921 προφήτας
1165 3819 1246 3918 περὶ
1280 3821 1352 3894 τῶν
1365 3840 1431 3895 100
1446 3837 1494 3895 Μ.

196 3999 218 4036 ι.
239 3980 335 4054 αὐτῶν]
355 3981 442 4053 pergit
460 3982 564 4038 δικαιοῦν
583 3983 612 4037 δε“
630 3985 734 4052 μᾶλλον
752 3983 796 4037 διδ
812 3983 857 4050 τῆς
873 3983 986 4038 πίστεως
1003 3984 1048 4051 τῆς
1066 3983 1094 4037 ε’ν
1110 3983 1212 4052 χριστῷ
1230 3979 1267 4033 ita
1283 3977 1353 4032 deui-

156 4070 223 4108 nen·
237 4053 274 4109 H.
390 4069 417 4120 4.
435 4051 514 4124 οὕτω]
527 4052 670 4124 legendum
683 4057 754 4108 οὔπα
767 4061 793 4107 et
806 4051 985 4123 supplendum
998 4062 1029 4108 ut
1041 4051 1147 4108 videtur
1157 4053 1279 4118 ποιοῦμεν
1291 4059 1352 4104 ante

155 4123 209 4179 τὰς.
314 4121 355 4177 18.
374 4121 740 4178 Ιιιι.ἱιετιιιιιΤδνοῦδε“νΗ.
852 4140 894 4193 19.
913 4121 1098 4193 τάρτοτδΗ.
1200 4117 1354 4174 παίναΗ.

157 4191 584 4282 ρῐηύπίμεινε-κατοφρονηήσας]
603 4192 714 4278 δέδωκεν
725 4194 775 4264 γὰρ
787 4195 802 4248 θ
816 4193 961 4282 ε’μμονουηλ
971 4193 1001 4282 ηδ
1012 4190 1079 4248 ἴδιον
1087 4187 1149 4260 οἶμα
1157 4189 1222 4260 ὑπὲρ
1230 4189 1302 4258 ἡμῶν
1312 4188 1353 4279 ’ίνιη

156 4285 227 4333 ημεις
239 4265 290 4332 ἔξω
301 4263 433 4335 γενοίμεθα
443 4285 531 4333 ποινης
543 4285 585 4318 και
596 4264 668 4334 δικης
682 4264 719 4318 Η.
874 4279 917 4318 22.
936 4284 1054 4318 απαντων
1067 4261 1105 4317 Η.
1262 4275 1305 4330 23.
1323 4260 1353 4314 δε

156 4351 206 4405 pro
218 4335 303 4390 τοίνυν
317 4332 355 4387 Η.
582 4350 597 4388 2
618 4375 624 4387 .
643 4335 803 4404 πλημμελεῖν
816 4335 881 4392 θεὸς
893 4334 928 4387 ὣν
942 4333 979 4388 H.
991 4333 1160 4402 πλημμελεῖν·
1180 4331 1246 4385 Θεδς
1257 4327 1288 4398 ἦν
1301 4329 1352 4385 Ed.

158 4419 201 4474 25.
219 4403 280 4458 ἄλλ’
293 4421 342 4475 pro
353 4403 410 4460 ἴσθι
422 4403 450 4460 δε·
462 4406 566 4474 μᾶλλον
580 4405 617 4460 Η.
777 4404 821 4459 26.
839 4409 890 4458 τῶν
900 4421 955 4458 om.
971 4404 1008 4458 H.
1062 4403 1103 4458 καλ
1114 4403 1165 4475 γὰρ
1197 4419 1227 4455 το
1239 4401 1354 4469 καθάπερ

156 4473 247 4556 ἀμίλει
262 4474 298 4530 H.
350 4543 356 4560 ί
441 4489 483 4544 27.
503 4473 635 4545 θρέμματα
647 4476 735 4563 σφηαζό
755 4496 798 4529 ενα
810 4492 859 4545 pro
871 4477 975 4563 σφάγια
988 4473 1026 4530 Η.
1163 4419 1206 4528 αδ.
1225 4471 1355 4544 ὀνομάζειν

157 4548 219 4615 (εις)
234 4545 271 4601 Η.
325 4499 753 4617 γεγροπτοι-προστεταγμινωνῖ
765 4547 828 4600 κοτά
840 4547 869 4600 τδ
883 4566 1013 4616 ειρημενον
1027 4543 1062 4600 Η.

714 4647 797 4694 ΖΗ
