3278 5130
298 313 363 377 342
470 311 510 377 B.
531 310 720 377 OYRILLI
742 311 1008 377 ALEXANDR.
1031 311 1314 378 FRAGMENTA
1410 310 1454 374 iv.
1469 311 1503 373 6.

143 422 447 504 [93M·]‚„„
578 483 594 500 Α
678 483 694 501 Λ
851 474 1152 506 ςςικκ
1279 474 1475 504 κς·

299 511 330 556 ει
355 513 405 576 μη
423 512 461 556 εν
478 511 521 579 γε
544 511 596 584 τῳ
621 483 777 556 νοεισθαι
797 481 889 560 Θεος
908 511 966 557 και
985 513 1078 558 ειιιων
1097 516 1150 557 τιν
1172 483 1326 580 Πατρος,
1344 511 1403 554 και
1432 509 1503 555 ουκ

300 602 338 678 έν
355 600 424 707 ἴσῳ
442 597 565 708 τρόπῳ
589 607 663 683 τοῖς
687 599 768 680 καθ’
795 599 898 699 ἡμᾶς,
917 601 1100 684 ούσιωδιῦς
1116 599 1155 681 δέ
1173 607 1318 700 μᾶλλον
1337 602 1395 678 καὶ
1419 605 1497 700 φυ-

299 729 437 819 σικῦς;
468 726 526 803 καὶ
555 724 601 802 ού
625 757 659 802 τι
681 757 753 803 που
778 722 897 829 φαμέν
916 726 964 807 ὡς
992 722 1062 827 ἀρα
1090 723 1209 823 δεήσει
1235 725 1294 803 καὶ
1321 721 1430 802 αὐτὸν
1457 725 1501 802 ἐν

299 850 409 949 σαρκὶ
428 846 602 949 γεγονότα
624 853 782 927 νοεῖσθαι
806 847 870 927 τὸν
890 848 1047 948 Πατέρα·
1084 849 1125 928 ού
1143 849 1215 949 γάρ
1232 850 1333 927 έστιν
1350 849 1388 926 έν
1405 845 1495 926 τού·

298 1006 372 1054 τοις
404 975 467 1069 τῆς
499 970 630 1054 εἰκόνος
668 968 711 1050 τὸ
744 969 893 1055 κάλλος·
936 974 1046 1051 έκεῖνο
1075 970 1114 1052 δέ
1144 979 1290 1070 μᾶλλον
1320 977 1535 1072 περινοεΐν5

299 1094 412 1201 ἀξιον,
435 1097 482 1178 ὡς
501 1093 593 1178 Θεὸς
614 1092 659 1194 ἦν
683 1096 702 1174 5
728 1092 846 1196 Λόγος
873 1097 932 1174 καὶ
959 1092 1031 1198 πρὸ
1059 1094 1194 1198 σαρκὸς
1222 1093 1406 1200 χαρακτὴρ
1435 1095 1500 1174 καὶ

300 1220 468 1317 ὁμοίωσις
502 1217 639 1324 φυσικὴ
674 1227 738 1298 τοῦ
775 1217 996 1321 γεννήτορας·
1040 1222 1098 1298 καὶ
1131 1218 1244 1299 πάλιν
1280 1220 1362 1296 καθ’
1401 1218 1499 1316 ἡμᾶς

298 1341 461 1445 γεγονότι
487 1342 531 1423 τὸ
553 1345 591 1421 έν
610 1345 737 1447 μορφῇ
765 1349 922 1422 νοεῖσθαι
949 1351 1014 1422 τοῦ
1040 1341 1196 1446 Πατρὸς,
1219 1340 1369 1442 ἐνούσης
1397 1344 1499 1448 αὐτῷ

298 1471 361 1564 τῆς
393 1467 592 1564 οἰκονομίας
623 1465 664 1543 τὸ
697 1466 933 1568 ἀνθρώπινον·
975 1465 1190 1566 λελόγισται
1223 1467 1341 1545 τοίνυν
1373 1468 1421 1547 ὡς
1456 1464 1500 1543 ἓν

297 1589 388 1686 μετὰ
411 1594 474 1686 τῆς
499 1589 587 1672 ἰδίας
606 1587 755 1691 σαρκός·
793 1590 873 1669 ἔστι
895 1589 932 1669 δὲ
954 1592 1013 1668 καὶ
1032 1591 1143 1673 οὕτως
1163 1587 1255 1670 ainzu
1272 1591 1327 1668 τοῦ
1348 1587 1498 1690 Πατρός
1517 1618 1557 1656 10

299 1715 380 1792 καθ’
401 1711 421 1791 5
440 1715 498 1790 καὶ
516 1712 595 1792 ἔστι
614 1709 706 1794 Θεὸς
725 1716 784 1791 καὶ
802 1713 845 1819 έξ
861 1713 969 1792 αὑτοῦ
987 1712 1195 1815 γεγέννηται
1214 1711 1304 1792 κατὰ
1324 1710 1451 1816 φύσιν.

267 1939 356 2007 6“οο
382 1941 527 2020 ἔλαμψεν
555 1939 589 2004 ἒν
617 1935 688 2005 ταῖς
718 1940 864 2028 καρδίαις
892 1940 985 2015 ἡμῶν
1013 1943 1096 2029 πρὸς
1123 1941 1292 2028 φωτισμὸν
1319 1949 1377 2006 τῆς
1410 1941 1496 2015 τνὼ-

370 2089 453 2133 σεωο
480 2073 536 2130 τΓια
564 2065 663 2132 &senc
689 2070 746 2130 τοῦ
774 2065 858 2130 Θεοῦ
885 2067 921 2130 ἐν
948 2065 1118 2154 προσώπῳ
1137 2067 1243 2132 Ἰιισοῦ
1272 2068 1419 2154 Χριστοῦ.

348 2237 436 2318 Ὅτι
463 2243 511 2321 εἷς
534 2237 630 2318 Θεὸν
655 2238 677 2337 ἡ
701 2242 835 2336 πίστις,
862 2237 929 2317 κᾶν
956 2243 986 2316 εί
1014 2240 1052 2317 έν
1080 2237 1267 2347 προσώπῳ
1298 2237 1495 2341 πράττοιτο

297 2370 361 2440 τοῦ
383 2367 558 2464 Χριστοῦ,
581 2368 755 2466 σαφηνιεῖ
775 2363 795 2440 5
816 2359 1059 2463 μυσταγωγὸς
1087 2361 1145 2441 διά
1172 2367 1235 2460 τῆς
1261 2363 1495 2465 προκειμένης
1516 2393 1553 2450 15

297 2484 439 2590 λέξεως·
470 2486 659 2584 κέκληνται
682 2483 754 2588 γάρ
771 2484 939 2565 Ἰουδαῖοί
961 2521 999 2565 τε
1027 2485 1280 2585 καὶἝλληνες
1302 2483 1392 2588 πρὸς
1410 2487 1490 2564 ε’πί-

296 2642 434 2710 γνωσιν
462 2615 526 2688 τοῦ
550 2615 726 2711 Χριστοῦ,
755 2613 788 2687 οἱ
818 2605 883 2707 μέν
913 2611 960 2692 ὡς
991 2611 1029 2688 έκ
1062 2607 1203 2708 πλάνης
1234 2611 1293 2687 καὶ
1326 2610 1496 2710 λατρείας

296 2735 451 2836 ψευδοῦς
480 2738 527 2816 εἰς
555 2733 778 2834 θεογνωσίαν
805 2731 872 2831 τῆν
900 2735 1029 2831 ἀληθῆ,
1048 2736 1081 2811 οἱ
1105 2732 1142 2812 δέ
1164 2738 1211 2816 εἷς
1234 2732 1495 2832 ἀκριβεστέραν

296 2855 434 2954 εἴδησιν
471 2860 535 2955 τῆς
570 2859 608 2934 έν
645 2853 743 2963 νόμῳ
782 2854 1125 2958 παιδαγωγούμενοι.
1173 2854 1341 2960 ταύτῃτοι
1377 2856 1435 2934 καὶ
1471 2856 1493 2932 5

128 3007 275 3058 Ριπικαο.
297 2977 490 3062 θεσπέσιος
526 2983 674 3061 Παῦλος
705 2979 798 3058 “διά
827 2978 868 3058 τὸ
903 2981 1072 3081 ὑπερέχον
1107 2983 1170 3078 τῆς
1203 2978 1395 3079 γνώσεως”
1427 2986 1494 3056 τοῦ
1511 3021 1552 3060 20

296 3107 461 3204 Χριστοῦ
479 3102 587 3201 ὀλίγα
605 3101 847 3207 πεφροντικὼς
864 3108 936 3182 τῶν
955 3105 992 3180 έν
1011 3098 1107 3208 νόμῳ
1120 3100 1341 3200 μαθημάτων
1355 3102 1492 3201 ὁρᾶται.

298 3225 355 3304 ὅτε
378 3224 495 3304 τοίνυν
514 3223 679 3325 Χριστὸν
703 3222 942 3328 κηρύττουσιν
965 3230 997 3304 οἱ
1021 3228 1264 3326 μυσταγωγοὶ,
1285 3228 1344 3304 καὶ
1372 3230 1404 3304 οἱ
1429 3261 1489 3305 πι-

297 3346 482 3430 στεύοντες
501 3353 549 3431 είς
563 3346 659 3428 Θεὸν
677 3355 723 3432 εἱς
739 3347 835 3428 Θεὸν
847 3347 912 3427 τὸν
930 3347 991 3426 ἕνα
1009 3351 1067 3426 καὶ
1086 3350 1229 3447 ἀληθῶς
1248 3351 1491 3446 πιστεύουσιν,

296 3477 373 3553 πῶς
402 3472 480 3574 οῦχὶ
497 3468 588 3556 Θεὸς
617 3473 637 3549 5
662 3470 822 3574 Χριστὸς
849 3472 892 3550 ού
920 3470 1093 3568 νόθος,οῦ
1119 3471 1361 3576 ψευδώνυμος,
1381 3472 1493 3572 ἤγουν

295 3592 487 3699 ἑτεροφυὴς
505 3593 604 3697 παρὰ
622 3594 685 3674 τὸν
706 3593 860 3696 Πατέρα,
879 3593 1017 3695 ἀληθὴς
1035 3594 1073 3674 δέ
1095 3601 1240 3693 μᾶλλον
1259 3598 1306 3678 ὡς
1324 3596 1367 3702 ἐξ
1383 3597 1548 3701 ‹2510525

297 3714 388 3796 κατά
420 3716 562 3822 φύσιν;
609 3718 744 3823 ἀχλύος
776 3715 842 3816 μέν
874 3716 945 3820 γάρ
984 3722 1110 3817 νοητῆς
1146 3721 1204 3798 καὶ
1240 3718 1493 3814 δαιμονιῶδους

298 3840 437 3940 ἀπάτης
456 3844 476 3921 5
494 3848 566 3921 τῶν
584 3841 828 3939 πλανωμένων
845 3845 1071 3937 μεμέστωται
1089 3850 1181 3938 νοῦς,
1201 3843 1285 3920 ἀλλ’
1305 3840 1489 3943 ἐπηγγέλ-

297 3977 382 4045 λετο
395 3965 488 4049 Θεὸς
505 3967 544 4046 ἐκ
563 3967 701 4050 σκότους
721 3965 805 4063 ἡμῖν
819 3962 1049 4069 ἀναλάμψειν
1066 3964 1107 4044 τὸ
1125 3964 1212 4071 φῆς·
1242 3965 1313 4072 ἔφη
1330 3963 1402 4067 γάρ
1420 3999 1493 4045 που

189 4122 221 4173 ·.
249 4159 255 4173 .
296 4087 354 4168 διά
382 4092 504 4194 φωνῆς
531 4088 691 4169 Ἠσαίου
720 4091 802 4168 “‘O
829 4087 918 4171 λαὸς
948 4091 968 4167 5
999 4088 1194 4188 καθήμενος
1218 4090 1257 4169 έν
1288 4087 1410 4169 σκότει
1440 4088 1492 4169 ἴδε

296 4265 354 4320 θεὸς
366 4264 419 4334 (sic
432 4264 507 4335 cod.)
520 4267 551 4320 τὰ
564 4265 675 4334 νοήματα
691 4269 742 4319 τῶν
754 4264 871 4319 ἀπίστων
878 4285 886 4327 ;
906 4265 929 4317 εί
940 4263 990 4332 γᾶρ
1003 4267 1101 4320 σκοπὸς
1116 4268 1153 4336 τῷ
1168 4269 1271 4340 πονηρῷ
1288 4271 1443 4340 προσκυνεῖν
1459 4273 1491 4337 τῇ

296 4335 379 4388 κτίσει
396 4337 466 4405 παρὰ
484 4338 528 4390 τὸν
540 4337 670 4398 κτίσαντα,
683 4336 708 4388 ol
720 4335 748 4388 δέ
760 4333 851 4388 πιστοί
865 4336 1059 4401 προσκυνοῦσιν
1071 4335 1139 4406 αὐτῷ
1152 4335 1186 4391 ὧς
1197 4335 1279 4408 φύσει
1291 4338 1342 4409 θεῷ
1360 4340 1492 4409 θμοουσίιρ

296 4408 332 4476 τῷ
350 4407 436 4474 πατρί·
457 4405 506 4474 ἀρα
521 4407 552 4460 οῦ
564 4407 659 4474 κτίσμα
672 4407 686 4458 θ
698 4405 759 4460 vids·
782 4403 837 4459 ἐπεὶ
850 4405 874 4457 οἶ
886 4405 976 4458 πιστοὶ
986 4407 1088 4472 μᾶλλον
1100 4407 1131 4459 οῦ
1142 4406 1192 4475 μὴν
1203 4409 1227 4460 ol
1239 4407 1345 4462 ἄπιστοι
1358 4409 1492 4477 εὑρίσκον-

296 4496 337 4528 ται
350 4477 530 4533 σκοτισθέντες
542 4479 606 4545 πρὸς
617 4476 664 4543 τὴν
675 4473 798 4542 ἀληθινὴν
808 4479 914 4544 γνῶσιν.
935 4473 972 4527 H.
1028 4531 1029 4538 ¹
1193 4478 1219 4531 8.
1238 4478 1379 4547 legendum
1393 4488 1423 4532 ut
1436 4479 1491 4534 vid.

296 4544 412 4610 ἐνούσης.
574 4561 612 4599 12.
636 4545 696 4599 Hoc
709 4544 829 4599 scholion
843 4561 897 4599 non
910 4543 1015 4599 exhibet
1030 4545 1066 4598 H.
