3294 5130
453 321 571 386 ACTA
594 323 652 386 SS.
675 320 1021 388 APOSTOLORUM.
1269 325 1334 387 44³

477 493 599 562 Σολομὼν
612 492 639 546 δὲ
653 491 816 567 φκσδόμησεν
829 493 896 567 αύτῷ
908 488 986 548 οίκον.

179 604 265 677 Quod
286 604 419 681 sequitur
442 604 573 664 scholion
594 625 630 663 cx
652 605 762 664 Catone
776 604 839 665 MS.
854 606 995 664 Vaticana
1014 604 1140 663 Niketac
1161 623 1220 662 nou
1241 602 1333 661 Hera-

137 701 267 760 cleorum
294 703 343 760 scd
372 703 519 778 Naupacti
550 703 674 778 [aed(t)]
701 702 751 761 fol.
776 723 834 762 aco
858 703 975 776 chribet
1001 701 1136 776 (Petrum
1161 701 1235 759 Bibl.
1259 719 1334 759 nova

138 799 182 856 iii.
198 803 270 874 452)
294 800 391 859 Maius
410 802 573 872 Ἀνεδείματσ
597 803 645 872 μὲν
671 803 699 857 ε’ν
720 806 774 860 τοῖς
796 801 986 872 Ἱεροσολύμοις
1012 805 1057 858 τὸν
1083 803 1220 871 διαβόητον
1242 803 1335 856 ε’κεῑνσν

139 903 204 953 νεὼν
216 903 230 954 ό
244 903 398 973 σοφώτατος
411 903 540 971 Σολομύιν·
561 901 700 973 ε’πεγάνντο
720 901 748 955 δι’
768 902 827 956 λίαν
842 902 911 976 αύτῷ
931 906 981 956 τῶν
993 902 1111 956 ίονδαίων
1124 904 1139 955 ό
1153 901 1240 970 δῆμος,
1255 897 1336 975 ᾤοντό

139 1020 168 1052 τε
187 997 226 1052 ὅτι
245 998 389 1074 κατῴκησεν
405 1001 434 1054 ἐν
451 1000 519 1072 αὐτῷ
539 998 744 1070 περιειλημμένος
762 1000 777 1051 ό
793 1003 844 1053 τῶν
861 998 930 1053 σ’λων
950 1002 1023 1055 Θεός·
1046 999 1151 1070 βραδεῖς
1164 999 1215 1070 γὰρ
1228 995 1270 1051 ἀεί
1281 1019 1336 1052 πως

138 1097 176 1152 είς
191 1093 296 1151 σύνεσιν
309 1097 349 1150 καλ
363 1101 413 1150 τῶν
425 1097 484 1167 περὶ
497 1100 564 1150 θεοῦ
579 1098 665 1168 λόγων
677 1094 882 1165 ἀνεπιστήμονες,
897 1094 923 1150 σί
939 1119 970 1168 γε
988 1098 1028 1151 καὶ
1042 1100 1109 1150 θεοῦ
1121 1098 1198 1151 πόλιν
1211 1093 1337 1163 οίηθίντες

138 1194 186 1262 τὴν
198 1193 375 1267 Ἰερουσαλὴμ,
390 1194 417 1249 ίν
434 1195 497 1262 αύτῆ
515 1195 543 1250 δί
562 1195 602 1247 καὶ
620 1195 684 1262 μόνη
706 1194 843 1266 διεγίναντσ
860 1191 1025 1269 [διετείνοντο
1045 1190 1209 1249 emendavit
1223 1188 1332 1268 Maius]

141 1295 264 1346 κατοικεῖν
276 1293 354 1346 αύτδν
367 1292 408 1346 διά
425 1314 465 1346 τοι
483 1296 529 1346 τοῦ
546 1290 669 1364 λίγεσθαι
683 1293 725 1346 διὰ
738 1294 827 1362 φωνῆς
840 1295 886 1346 τοῦ
901 1292 983 1356 Δοβίδ
998 1293 1015 1322 “
1026 1291 1208 1360 Δεδσξασμίνσ
1221 1287 1334 1358 ε’λαλῆθη
1349 1290 1391 1340 ΡΙ.
1400 1287 1498 1338 lxxxvi·

141 1391 158 1419 ‘⁸
171 1391 231 1462 περὶ
251 1394 310 1456 σοῦ,
332 1389 347 1459 ῆ
368 1391 508 1446 πόλιςωῦ
528 1389 618 1444 Occia'¹
647 1390 742 1461 σμικρδ
762 1393 896 1462 τοιγαροῦν
916 1390 1066 1457 δοξάζοντας
1087 1389 1189 1460 ε’λίγχει
1210 1389 1274 1444 θεὸς
1295 1369 1371 1444 nai}

141 1490 209 1558 φησι
233 1491 313 1542 Πσῖον
336 1483 404 1543 σίκσν
426 1486 606 1558 οίκσδομῆσετί
628 1509 682 1557 μοι,
708 1487 799 1558 θρόνον
812 1489 897 1558 ἔχοντι
920 1488 964 1541 τόν
988 1487 1101 1560 οὐρανόν,
1126 1487 1266 1542 ὑποπόδιον
1289 1485 1336 1555 τῆν

140 1587 205 1655 nv,-

139 1735 158 1772 a
171 1714 220 1774 fol.
237 1728 273 1788 52
283 1736 311 1775 v.
332 1722 384 1772 Ταῦ
397 1718 472 1789 ἁγίου
485 1718 607 1789 κνρίλλσο
621 1718 656 1773 είς
669 1719 700 1771 τό
712 1717 799 1790 Πατίρ
813 1720 849 1774 είς
866 1721 954 1789 χεῑράς
968 1739 1017 1771 σου
1031 1715 1184 1789 παρατίθημι
1197 1717 1227 1769 τὸ
1239 1717 1337 1785 πνεῦμά

393 1837 443 1885 μου
455 1813 521 1871 vide
534 1812 610 1870 infra
624 1813 700 1872 inter
714 1812 899 1871 homiliarum
912 1813 1080 1888 fragmenta.

181 1933 239 1987 θεὶς
259 1931 288 1984 δι’
306 1931 338 1985 τὰ
358 1935 454 2002 γόνατα
473 1933 563 1986 enti.
607 1928 784 2005 Fragmenta
805 1929 933 2005 quinquo
957 1928 1004 1986 hic
1025 1926 1142 1985 exhibet
1161 1946 1177 1984 e
1199 1925 1337 1984 Cremera

140 2027 249 2102 Mignc,
269 2033 316 2084 τοῦ
336 2031 413 2083 αὐτοῦ
434 2027 638 2102 praemittente
659 2027 756 2085 codice
767 2048 775 2101 3
804 2027 932 2102 primum
952 2034 1050 2085 autom
1071 2032 1101 2084 ct
1121 2024 1278 2084 secundum
1299 2024 1337 2083 ad

140 2124 421 2201 S.Ghrycootomum
444 2125 531 2184 Hom.
550 2127 585 2183 18
606 2124 643 2182 ad
662 2125 715 2183 loc.
735 2125 891 2201 pertinent,
912 2145 964 2183 nec
984 2125 1014 2184 S.
1026 2124 1168 2200 Cyrillum
1189 2129 1337 2182 auctorem

139 2222 246 2281 habent
261 2223 317 2281 tria
331 2229 483 2299 postrema

179 2320 225 2379 Ὦς
237 2325 375 2395 πρόβατον.
404 2323 693 2395 ίμφσνῆς-γενόμενσς
714 2319 761 2378 hic
782 2320 901 2378 exhibet
917 2320 1025 2396 Migne,
1041 2338 1114 2396 quaa
1134 2319 1172 2377 ad
1193 2337 1337 2378 comman-

139 2418 213 2476 taria
226 2417 257 2475 in
273 2418 388 2477 Esaiam
401 2419 573 2496 prophetam
592 2418 624 2493 [i.
634 2437 658 2480 c.
676 2421 733 2494 746
745 2438 770 2490 c,
786 2430 842 2493 747
855 2419 883 2490 b,
901 2423 958 2493 748
969 2418 1019 2477 bd
1040 2424 1075 2476 ut
1095 2417 1216 2476 adnotat
1236 2416 1337 2494 Migua

138 2515 213 2593 ipse]
229 2515 385 2592 pertinent.

178 2681 197 2718 a
211 2659 258 2718 iol.
276 2671 311 2735 77
324 2679 352 2718 v.
368 2660 468 2718 Ἐπεσε
481 2664 511 2716 τὸ
524 2667 627 2733 Πνεῦμα
641 2665 671 2718 τὸ
684 2664 757 2736 ἅγιον
770 2686 794 2720 κ.
804 2686 826 2720 τ.
836 2666 861 2719 λ.
905 2661 971 2720 Hoc
985 2661 1065 2719 dccet
1079 2661 1111 2718 in
1125 2657 1231 2736 Migua
1246 2676 1299 2717 nec

430 2758 460 2817 S.
471 2758 612 2834 Oyn'llum
625 2767 772 2818 auctorem
788 2762 835 2833 (ut
848 2758 933 2838 puto)
947 2758 1042 2817 habet.

179 2873 241 2928 Ἐἀν
254 2897 292 2931 τις
305 2875 469 2945 ἀμφιβσλλαι
481 2877 559 2930 πόλιν
572 2878 623 2947 πρδ
641 2879 686 2930 τοῦ
702 2876 874 2945 βαπτισθῆναι
893 2876 952 2932 τούς
972 2875 1041 2946 ἀμφί
1061 2875 1105 2929 τόν
1120 2871 1268 2944 Κορνῆλισν,
1283 2875 1338 2927 πῶς

138 2969 285 3041 ἠξιώθησαν
297 2976 345 3026 τοῦ
357 2971 445 3045 Ἀγίου
458 2970 614 3042 Πνεύματος,
627 2971 694 3027 ’ίστω
709 2975 750 3028 nt
768 2973 815 3043 τῆν
834 2973 920 3045 κρίσιν
941 2967 1079 3051 [διάκρισιν
1092 2969 1153 3027 uod.
1168 2963 1269 3046 Ooisl.]
1291 2972 1338 3022 τοῦ

139 3067 242 3141 Πίερον
255 3070 297 3125 καί
313 3074 365 3124 τῶν
378 3069 406 3124 ἐκ
419 3071 557 3142 περιτομῆς
570 3072 600 3126 τό
613 3075 729 3125 τοιοῦτον
742 3071 904 3143 γεγενῆσθαι.

201 3236 219 3275 a
232 3215 281 3275 fol.
297 3219 344 3275 80.
366 3218 433 3292 Ἐγὼ
447 3219 485 3276 τίς
498 3223 569 3290 ἤμην.
613 3217 716 3294 Neque
729 3217 784 3276 hoc
797 3223 895 3276 tumen
908 3237 973 3276 meo
982 3216 1092 3294 judicio
1107 3216 1136 3274 S.
1149 3213 1261 3291 Cyrilli.

183 3334 317 3402 Οίκσνομίσ
334 3355 373 3389 τις
391 3333 492 3406 ε’γίνετσ
511 3335 552 3388 δαί
570 3333 617 3403 τῆν
629 3335 729 3403 πολλὴν
741 3340 793 3388 τῶν
806 3335 833 3389 ε’κ
850 3337 987 3407 περιτομῆς
1004 3335 1199 3389 πιστευσάντων
1211 3332 1338 3404 διάκρισιν

141 3428 190 3507 (cf.
205 3429 291 3488 schol.
305 3427 423 3507 praec),
445 3434 496 3503 πρδ
516 3436 562 3486 τοῦ
582 3433 761 3502 βαπτίσματος
779 3433 959 3503 καταξιωθῆναι
977 3433 1037 3489 τούς
1056 3433 1115 3503 περὶ
1135 3431 1179 3485 τόν
1197 3428 1338 3500 Κορνῆλισν

140 3532 187 3582 τοῦ
200 3527 353 3597 Πνεύματσς,
366 3527 407 3583 ἶνα
425 3529 471 3598 τῆν
483 3529 630 3600 ἀντίρρησιν
642 3535 693 3584 τῶν
706 3528 912 3602 ἀγανακτούντων
929 3528 1028 3598 παύση.
1056 3529 1115 3584 ὅθεν
1132 3528 1160 3583 δὲ
1179 3528 1220 3582 καί
1237 3527 1338 3584 είκότως

140 3623 200 3698 περί
213 3631 263 3680 τῶν
276 3626 459 3698 ἀντιλεγόντων
472 3624 568 3698 ε’ίρηται
579 3625 745 3683 Ἀκούσαντες
758 3627 787 3682 δά
798 3627 942 3698 ἡσύχασαν.

181 3775 200 3812 a
214 3755 261 3813 fol.
278 3773 317 3830 90
331 3754 380 3814 fin.
403 3759 490 3825 Μόνης
502 3757 724 3829 γὰρ-ἀνθρωττοι
739 3760 753 3811 ό
767 3759 843 3814 αὐτὸς
856 3775 872 3812 e
886 3755 976 3813 Hom.
991 3775 1019 3812 x.
1041 3754 1072 3812 iu
1091 3753 1121 3812 S.
1133 3753 1242 3812 Lucam
1258 3752 1337 3826 (vida

141 3852 214 3911 Maii
234 3851 308 3910 Bibl.
323 3852 399 3910 Nov.
413 3851 443 3909 ii.
463 3867 603 3926 144,145
623 3860 652 3912 ct
672 3853 832 3912 versionem
853 3873 869 3910 e
889 3852 988 3928 lingua
1009 3850 1127 3927 Syriaca
1147 3849 1338 3926 Anglicanam

140 3949 197 4008 viri
230 3947 387 4008 doctissimi
416 3949 451 4006 R.
480 3949 515 4008 P.
544 3949 650 4022 sarith,
678 3949 822 4008 Ecclesiae
851 3949 1091 4026 Metropolitanae
1119 3946 1338 4006 Cantauricnsia

141 4046 258 4117 Decani,
273 4046 394 4117 Oxford,
414 4049 503 4122 1859)
519 4048 713 4124 desumptum.
756 4046 853 4105 Verba
874 4066 964 4123 pauca
984 4065 1128 4122 anonyma
1146 4050 1161 4101 ὁ
1176 4047 1207 4100 τὸ
1221 4045 1338 4114 ὑπόδημα

141 4147 381 4220 -σνγκριθῆσεται
394 4144 475 4203 addit
490 4145 596 4222 Migne.

457 4313 476 4351 a
488 4290 530 4351 fol
545 4311 581 4368 91
598 4311 624 4351 v.
647 4296 698 4366 ε’γῶ
713 4292 824 4366 σῆμερσν
834 4292 972 4366 γεγέννηκά
988 4312 1029 4346 σε.

180 4409 212 4462 ’0
226 4411 302 4479 μόνος
322 4410 395 4466 είδῶς
415 4412 460 4466 τόν
472 4411 575 4481 Πατέρα
594 4410 635 4466 καί
655 4411 705 4464 ύπδ
725 4411 803 4478 μόνον
822 4409 1009 4481 γινωσκόμενος
1029 4408 1075 4460 τοῦ
1093 4403 1232 4476 Πατρός,ῆ
1251 4400 1336 4474 σοφία

138 4507 208 4562 nott
224 4509 305 4579 Λόγος
319 4509 403 4574 αὐτοῦ,
418 4510 491 4577 ὁτῆς
507 4508 620 4581 μεγάλης
637 4509 735 4576 βουλῆς
754 4507 872 4578 ἀγγελος,
886 4506 948 4560 κατὰ
966 4505 1011 4572 τῆν
1025 4507 1070 4558 τού
1088 4500 1225 4575 προφῆτον
1238 4501 1334 4573 φοιτῆν,
1349 4505 1390 4556 Eo.
1407 4506 1440 4557 ix.
1450 4502 1475 4556 6.

698 4619 717 4684 3
735 4621 750 4661 ι
768 4618 786 4664 2
