3284 5130
306 331 369 394 100
607 330 647 396 Β.
671 329 875 398 CYRILLI
906 329 1194 398 ALEXANDR.
1369 332 1434 396 xix.
1449 350 1504 419 30.

304 492 442 590 alrt'av3
473 495 515 574 ού
542 493 614 598 γάρ
632 494 778 600 μερικὴν
796 497 867 602 ἔχει
895 496 961 596 τήν
986 497 1221 604 ἀποκάλυψιν
1248 496 1291 578 τὸ
1319 495 1504 600 σωτήριον

304 615 481 720 κήρυγμα,
507 619 726 701 τελεώτατον
758 617 797 700 δέ
825 621 909 720 ήμῖν
936 627 1009 701 τιῦν
1042 623 1147 702 θείων
1179 621 1263 721 ἡμῖν
1292 620 1505 722 μυστηρίων

303 741 419 840 ἐνίησι
448 743 653 847 φωτισμόν.
702 740 757 825 διδ
788 748 846 825 καὶ
876 744 897 822 ὁ
926 743 1089 851 ψάλλων
1116 745 1186 852 ἔφη
1215 780 1286 826 που
1317 740 1409 847 πρὸς
1436 742 1505 824 τὸν

305 862 410 962 θεὸν,
429 868 478 950 ὦς
505 869 544 946 ἐκ
570 866 770 969 προσώπου
791 875 856 948 τοῦ
885 867 964 949 νέου
986 877 1079 949 λαοῦ
1107 879 1130 916 “
1144 867 1203 950 Τά
1228 869 1348 970 ἄδηλα
1372 872 1430 950 καὶ
1454 867 1504 949 τά

304 999 326 1038 “
344 988 479 1095 κρύφια
508 994 571 1089 τῆς
595 991 729 1096 σοφίας
757 1027 828 1072 σου
855 990 1045 1092 ἐδήλωσας
1073 994 1164 1091 μοι,”
1204 998 1263 1073 καὶ
1290 991 1363 1093 μὴν
1391 995 1449 1074 καὶ
1479 994 1543 1086 ὁ5

302 1113 496 1198 θεσπέσιος
514 1110 720 1194 ἐπιστέλλει
741 1120 890 1200 Παῦλος
915 1124 989 1202 τοῖς
1005 1118 1252 1198 πιστεύσασιν
1269 1121 1317 1201 εἰς
1336 1113 1504 1219 Χριστόν

132 1239 215 1368 ff·
227 1239 245 1291 ἱ·
303 1245 325 1284 “
344 1239 560 1343 Εύχαριστιῦ
578 1242 630 1345 τῷ
650 1243 733 1345 θεῷ
751 1273 820 1338 μου
838 1239 993 1320 πάντοτε
1010 1243 1091 1344 περὶ
1116 1242 1215 1340 ὑμῶν
1232 1242 1289 1321 ἐπὶ
1315 1245 1360 1346 τῇ
1382 1237 1504 1345 χάριτι

302 1369 325 1408 “
342 1367 388 1466 τῇ
406 1361 553 1467 δοθείσῃ
578 1364 661 1460 ὑμῖν
679 1364 716 1442 ἐν
734 1366 887 1471 Χριστῷ
904 1363 1039 1464 Ἰησοῦ,
1059 1363 1115 1444 ὅτι
1139 1366 1177 1444 ἐν
1193 1367 1302 1444 παντὶ
1329 1364 1499 1444 ἐπλουτί-

132 1490 323 1550 10⁷²A·⁸“
342 1491 455 1584 σθητε
480 1486 518 1565 ἐν
536 1487 642 1592 αὐτῷ,
661 1487 698 1565 ἐν
715 1488 824 1566 παντὶ
847 1483 948 1594 λύγῳ
973 1488 1031 1568 καὶ
1056 1484 1159 1594 παίσῃ
1177 1487 1295 1596 σοφίᾳ
1313 1488 1371 1567 καὶ
1395 1485 1503 1592 πάση

300 1619 322 1657 “
340 1607 509 1711 γνώσει.”
548 1607 602 1689 ὅτι
624 1611 742 1690 τοίνυν
769 1611 808 1689 ἐν
825 1609 930 1717 πιίσρ
956 1612 1074 1718 σοφίᾳ
1101 1613 1161 1692 καὶ
1178 1614 1216 1692 ἐν
1233 1609 1338 1716 πάση
1365 1610 1502 1714 γνώσει
1523 1657 1567 1699 10

299 1735 359 1812 καὶ
382 1734 421 1813 ἐν
438 1734 547 1812 παντὶ
575 1733 677 1840 λόγῳ
695 1733 1008 1834 καταπλουτήσειν
1025 1736 1181 1834 ἔμελλον
1198 1740 1232 1817 οἱ
1249 1743 1314 1815 τοῦ
1333 1738 1502 1836 Σωτῆρος

299 1859 556 1958 προσκυνηταὶ,
579 1855 766 1937 ἀθόλωτον
795 1856 935 1960 δηλαδή
963 1862 1022 1940 καὶ
1048 1858 1184 1944 παντὸς
1210 1858 1398 1962 ἐλευθέραν
1425 1892 1499 1938 συ-

299 1977 528 2080 σκιάσματος
546 1979 612 2080 τήν
630 1988 693 2060 τοῦ
712 1981 788 2059 κατ’
807 1981 917 2062 αὐτὸν
934 1982 1133 2086 μυστηρίου
1152 1979 1333 2087 δεχόμενοι
1350 1988 1502 2084 γνῶσιν,

298 2101 429 2203 ἐδήλου
447 2103 483 2184 τὶ
504 2105 772 2211 καταπέτασμα
791 2105 1043 2211 διεσχισμένον
1061 2107 1102 2186 οῦ
1120 2111 1283 2210 μερικῶς,
1304 2105 1390 2186 ἀλλ’
1410 2103 1502 2185 ὅλον

299 2227 341 2305 δι’
362 2225 461 2308 ὅλου.
499 2235 606 2308 τοῦτο
634 2225 706 2332 γάρ
727 2230 807 2308 ε’στι
831 2227 1025 2310 τόἊιοιθεν
1052 2227 1112 2315 ἕως
1139 2227 1245 2310 κάτω.
1284 2225 1501 2309 οἰκειότατον
1521 2261 1563 2320 15

298 2349 337 2431 δὲ
366 2353 425 2432 καὶ
449 2350 547 2431 πολῦ
575 2359 721 2450 μᾶλλον
747 2353 1112 2458 πρεπωδέστατοντῇ
1141 2359 1213 2433 τῶν
1232 2350 1336 2433 θείων
1353 2387 1498 2451 μυστη-

297 2473 384 2575 ρίων
413 2473 645 2581 ἀποκαλύψει
679 2474 798 2581 φαμὲν
828 2473 893 2555 τὸν
922 2473 1055 2579 καιρὸν,
1089 2476 1172 2556 καθ’
1205 2473 1247 2555 ῦν
1277 2472 1344 2575 τήν
1373 2473 1502 2582 ψυχὴν

264 2599 385 2703 ι)ι“οτέρ
413 2601 515 2700 ἡμῶν
542 2600 695 2680 τέθεικεν
718 2597 738 2679 ὁ
763 2597 901 2703 Σωτὴρ,
922 2602 970 2683 ὡς
998 2597 1312 2683 ἀπολακτίσαντος
1338 2598 1407 2698 ἤδη
1434 2607 1503 2680 τοῦ

297 2722 453 2824 Ἰσραὴλ
480 2723 546 2824 τήν
575 2723 692 2829 χάριν,
721 2728 780 2806 καὶ
812 2728 875 2824 τῆς
907 2729 955 2810 είς
986 2720 1083 2804 θεὸν
1112 2720 1255 2825 ἀγάπης
1288 2721 1503 2826 ὁλοκλήρως

297 2846 611 2948 ἀποπηδήσαντος,
630 2847 689 2928 διὰ
711 2851 775 2947 τῆς
794 2854 841 2931 είς
866 2845 975 2928 αὐτὸν
1001 2847 1187 2950 παροινίας
1215 2851 1273 2927 καὶ
1291 2845 1501 2950 ἀπηχεστά-
1518 2889 1563 2928 20

297 3003 369 3052 των
386 2969 641 3070 τολμημάτων.
676 2968 891 3055 ἐλλελοιπὸς
909 2969 980 3075 γάρ
998 2969 1101 3052 ούδέν
1118 2977 1192 3054 τοῖς
1210 2969 1350 3051 ἐκείνων
1368 2972 1498 3050 ἀνοσι-

296 3092 503 3198 ουργήμασι
521 3095 656 3174 κατίδοι
674 3129 728 3180 τις
745 3092 790 3174 ἀν
808 3097 866 3175 καὶ
884 3095 988 3201 μέχρι
1011 3092 1168 3176 θανοίτου
1190 3092 1500 3193 κατακομισθέντα

295 3217 421 3318 μαθὼν
439 3215 503 3298 τὸν
521 3223 585 3319 τῆς
603 3216 693 3320 ζωῆς
711 3218 881 3325 χορηγόν.

352 3339 466 3442 Οἶμαι
488 3340 554 3442 μὲν
579 3344 642 3422 οῦν
660 3342 901 3449 ἀποχρώντως
926 3344 1016 3443 ἡμῖν.
1029 3347 1192 3447 εἰρῆσθαι
1212 3344 1418 3442 καὶταῦτα,
1438 3344 1499 3422 καὶ

296 3465 360 3546 οὐκ
388 3463 461 3546 ἀπὸ
483 3474 627 3546 σκοποῦ
652 3475 716 3547 τοῦ
739 3467 939 3570 πρέποντος
960 3465 1025 3548 τὸν
1042 3475 1115 3547 τῶν
1134 3468 1239 3549 θείων
1258 3463 1500 3569 θεωρημάτων
1516 3501 1558 3562 ²5

267 3590 501 3697 θέξοίχεσθαι
519 3589 712 3692 λογισμόν·
747 3587 866 3690 ἐπειδὴ
885 3590 924 3671 δέ
941 3589 1033 3691 μετὰ
1052 3592 1208 3694 δριμείας
1227 3589 1322 3675 τινὸς
1340 3595 1404 3690 τῆς
1423 3593 1499 3671 ἐπι·

294 3712 481 3817 τηρήσεως
500 3714 699 3817 εὑρίσκεται
724 3712 844 3816 λέγων
866 3717 887 3794 ὁ
912 3715 1108 3799 θεσπέσιος
1128 3711 1403 3816 Εὐαγγελιοτής
1431 3713 1499 3800 Ὡς

296 3835 333 3921 δέ
360 3835 553 3946 ἐξέπνευσεν,
576 3835 699 3946 ἀρ’ῥάγη
727 3839 762 3920 τὶ
795 3836 1063 3944 καταπέτασμα
1089 3839 1146 3919 τοῦ
1172 3840 1259 3918 ναοῦ·
1288 3835 1401 3936 μόνον
1424 3834 1498 3940 γάρ

296 3965 375 4070 ούχὶ
398 3961 461 4044 τὸν
482 3971 546 4042 τοῦ
569 3962 782 4065 πράγματος
804 3960 927 4067 καιρὸν
946 3960 1004 4041 διὰ
1028 3961 1165 4042 τούτων
1190 3961 1274 4060 ήμῖν
1294 3961 1498 4062 ἀναγκαίως

295 4089 577 4190 ἐπισημαίνεται·
611 4086 696 4192 φέρε
716 4086 760 4186 δή
773 4121 809 4167 τι
827 4085 918 4188 πρὸς
932 4081 983 4170 οἷς
1002 4084 1139 4191 ἔφαμεν
1152 4087 1281 4186 ἀρτίως
1300 4081 1498 4183 ἐπινοήσω-
1513 4122 1558 4179 30

293 4247 362 4312 μεν
379 4212 510 4315 ἕτερον,
528 4212 569 4290 ού
587 4211 733 4312 μετρίαν
750 4209 844 4316 ἕχον,
862 4207 911 4293 ώς
933 4242 974 4311 γε
993 4243 1054 4305 μοι
1073 4210 1176 4304 δοκεῖ,
1195 4205 1262 4306 τήν
1279 4209 1317 4286 ἐν
1335 4211 1386 4314 τῷ
1404 4214 1496 4287 νοεῖ-

295 4343 384 4418 σθαι
407 4336 599 4443 κομψείαν·
638 4333 821 4414 ἁλώσεται
842 4333 913 4437 γάρ
933 4334 1096 4431 οὐδαμῶς
1114 4335 1178 4430 τῆς
1200 4337 1274 4410 τιῦν
1293 4331 1498 4433 ἀναγκαίων

258 4597 265 4611 ι
332 4547 357 4585 2.
358 4528 543 4657 δήμῖγὲ-ήμῖν]
557 4528 732 4601 ήμῶν-ήμῶν
745 4527 777 4583 Ε.
831 4528 891 4598 ήμῐν
902 4529 947 4582 alt.
961 4545 1014 4582 om.
1030 4527 1133 4599 Migne.
1315 4542 1359 4596 31.
1377 4525 1498 4597 φαίνεται

228 4628 236 4666 ·,
269 4619 345 4676 'pro
390 4623 427 4657 κει
466 4641 473 4657 .
