3294 5130
447 354 629 420 CONTRA
660 353 1009 420 SYNOUSIAS'I'AS.
1264 357 1329 419 48⁷

130 514 196 613 μὲν
233 517 296 597 οὖν
323 509 537 622 Ιἀπεφαὶνθαι
574 521 691 623 φασὶν
728 515 836 598 αι’πὸν
871 521 998 598 ἑαυτοῦ
1036 517 1230 620 κρείττονα,
1263 514 1330 616 τὴν

130 639 262 738 ἀμείνω
280 643 411 748 ψῆφον
432 642 677 740 ἐκνενομίκασι
702 644 874 746 τῇσαρκῖ
898 643 941 721 δι’
962 639 1007 740 ἣν
1025 643 1082 722 ἐπὶ
1103 638 1146 719 τὸ
1165 642 1326 743 ὑπερκεί-

129 795 238 860 μενον
257 763 494 863 ἀναπηδήσας
519 765 653 868 ὁρᾶται.
681 770 717 844 εί
741 763 779 845 δέ
804 773 911 845 τοῦτο
929 762 995 863 μέν
1013 765 1102 868 οὐχὶ,
1122 766 1331 845 καθίκεσθαι

130 882 171 964 δέ
197 891 343 982 μᾶλλον
371 889 428 966 ἐπὶ
454 885 497 968 τὸ
523 894 634 987 μεῖον,
664 887 833 988 ἠδίκησεν
861 887 930 990 ἀρα
958 891 1015 968 καὶ
1043 884 1152 968 αὐτὸν
1178 887 1201 986 ἡ
1229 885 1333 995 σάρξ

98 1005 226 1094 5καθά
258 1013 317 1089 καὶ
349 1007 442 1109 ἡμᾶς
474 1010 612 1108 αὐτοὺς,
646 1012 759 1091 καίτοι
790 1011 948 1091 καθεῖναί
976 1018 1096 1116 φαμεν
1128 1010 1253 1091 ἑαυτὸν
1282 1015 1330 1093 είς

131 1132 287 1211 κένωσιν
315 1135 373 1213 καὶ
403 1132 469 1234 τὴν
497 1136 575 1214 καθ
604 1134 696 1234 ἡμᾶς
724 1133 896 1233 ὁμοίωσιν
925 1135 1090 1214 ὑπελθεῖν
1117 1135 1184 1237 οὐχ
1210 1133 1269 1213 ἵνα
1295 1166 1331 1211 τι

131 1251 259 1335 παθὼν
286 1256 392 1340 αὐτὸς
420 1262 468 1341 είς
493 1258 587 1338 ῖδίαν
610 1259 724 1365 ὁρῷτο
752 1259 878 1362 φύσιν,
895 1257 981 1337 ἀλλ’
1000 1257 1043 1336 ἵν’
1064 1257 1156 1356 ἡμᾶς
1182 1256 1265 1341 τοὺς
1292 1259 1330 1337 ἐν

131 1381 243 1481 σαρκὶ
270 1381 329 1459 καὶ
356 1380 477 1480 αἵματι
501 1381 638 1484 σαρκὸς
666 1380 836 1487 ἀποφήνη
863 1382 1061 1481 κρείττονας
1089 1384 1148 1459 καὶ
1175 1387 1247 1460 τῶν
1267 1384 1330 1479 τῆς

132 1503 408 1605 ἀνθρωπότητος
427 1504 566 1608 μέτρων
587 1504 745 1585 ἐπέκεινα
768 1511 816 1589 είς
842 1504 936 1589 υἱοὺς
962 1503 1132 1610 ἀποφήνῃ
1153 1508 1261 1583 Θεοῦ.
1300 1508 1330 1583 εί

76 1656 119 1697 10
133 1623 171 1704 δέ
208 1625 301 1704 καθά
333 1632 449 1733 φασιν
481 1633 514 1707 οἱ
546 1627 817 1729 διεστραμμένοι
854 1627 1094 1730 συγκέκραται
1126 1632 1170 1732 τῇ
1202 1629 1326 1729 σαρκί,

131 1751 360 1853 παρενεχθεὶς
397 1755 445 1834 είς
482 1750 568 1854 ὅπερ
605 1753 669 1831 οὐκ
698 1749 753 1851 ἦν,
785 1759 862 1836 πῶς
894 1752 958 1832 οὐκ
990 1751 1185 1851 ἠδικῆσθαί
1213 1756 1330 1859 φασιν

132 1869 242 1951 αὐτὸν
261 1874 401 1972 ἐννοεῖν,
422 1875 485 1954 οὐκ
503 1874 595 1981 ἔχων
614 1873 707 1980 τάχα
735 1910 806 1955 που
834 1879 892 1955 καὶ
916 1873 1003 1956 αὐτὸ
1021 1872 1064 1953 τὸ
1089 1872 1176 1954 εἶναι
1204 1874 1329 1983 μορφὴ

131 2004 198 2075 τοῦ
228 1995 399 2102 Πατρός;
444 1997 546 2078 εἰκών
572 2033 611 2078 τε
639 2003 697 2079 καὶ
734 2009 756 2047 “
777 1997 961 2105 χαρακτὴρ
993 2003 1056 2098 τῆς
1094 1999 1438 2083 ὑποστάσεωςΗεο.ι.
1450 2047 1474 2096 3·

132 2130 155 2167 “
174 2120 307 2200 αὐτοῦ”
333 2119 634 2223 προσαποβαλὼν
658 2122 867 2224 εὑρίσκεται,
887 2125 945 2201 καὶ
969 2125 1006 2201 ἐν
1025 2119 1164 2221 ἰσότητι
1182 2121 1248 2220 μίν
1266 2123 1335 2202 οὐκΙ

78 2275 118 2336 15
133 2241 184 2322 ἔτι
212 2240 365 2347 τῇπράς
392 2242 510 2342 αὐτὸν,
535 2247 573 2326 ἐν
602 2245 726 2350 ὑφέσει
756 2245 794 2325 δέ
825 2252 971 2344 μᾶλλον
998 2246 1056 2325 καὶ
1084 2247 1330 2352 ὑποβιβασμηῖ
1423 2267 1428 2280 ’

134 2365 278 2474 φύσεώς
295 2400 333 2447 τε
351 2370 410 2446 καὶ
427 2365 547 2473 δόξης.

703 2548 759 2632 ια’.

183 2725 261 2808 Ἠν
278 2727 344 2829 μὲν
357 2729 419 2809 οὖν
430 2729 592 2834 χαλεπὸν
607 2727 717 2827 οὐδὲν,
731 2730 889 2846 πλεῖστά
899 2763 938 2810 τε
953 2728 1025 2810 ὅσα
1043 2733 1102 2811 καὶ
1120 2731 1242 2835 ἀπηχῆ
1256 2737 1330 2815 τοῖς

132 2853 323 2956 είρημένοις
335 2854 545 2955 ἐπενεγκεῖν·
575 2856 704 2957 χρῆναι
717 2851 754 2932 δέ
773 2849 869 2953 οἶμαι
883 2859 954 2933 τῶν
970 2860 1017 2937 είς
1028 2853 1178 2934 ἀτοπίαν
1188 2855 1329 2933 ἐννοιῶν

75 3007 117 3048 20
133 2976 381 3083 ἀποφέρεσθαι
404 2982 536 3083 φιλεῖν.
576 2977 810 3079 παραιτητέον
836 2979 899 3057 οὖν
927 2976 1086 3080 ἀρετὴν
1113 2975 1330 3080 σύγκρασιν,

131 3097 389 3200 παρελάσομεν
407 3098 480 3202 γὰρ
504 3100 596 3179 οὕτω
614 3101 673 3178 καὶ
696 3099 742 3179 τὰ
763 3101 919 3180 ἐντεῦθεν
937 3099 1078 3200 βλάβη.
1117 3099 1327 3203 παρεισκρί-

132 3256 231 3302 νεται
245 3221 288 3301 δέ
297 3257 351 3308 τις
364 3226 423 3303 καὶ
436 3220 552 3324 ἔτερος
571 3223 699 3321 αὐτοῖς,
714 3221 808 3302 καθά
822 3231 948 3327 φησιν,
960 3227 1039 3327 περὶ
1055 3221 1190 3304 τούτων
1204 3221 1327 3325 λόγος.

131 3348 154 3426 ὁ
182 3353 253 3451 γάρ
280 3380 336 3426 τοι
363 3344 554 3430 θεσπέσιος
574 3351 723 3430 Παῦλος
751 3346 957 3449 εὖρίσκετατ
973 3347 1165 3453 γεγραφώς
1187 3357 1209 3395 “
1223 3353 1267 3428 Ei
1293 3345 1455 3468 322&ss

131 3479 155 3516 “
174 3471 232 3548 καὶ
251 3469 454 3570 ἐγνώκαμεν
468 3467 559 3550 κατὰ
577 3467 698 3572 σάρκα
711 3467 876 3572 Χριστὸν
894 3469 994 3548 ἀλλά
1012 3479 1074 3550 νῦν
1092 3470 1206 3551 οὐκέτι
1224 3471 1327 3573 γινώ-
1377 3455 1384 3470 ’

77 3612 117 3674 ²5
131 3601 156 3638 “
174 3593 345 3688 σκομεν.”
379 3594 506 3673 οὐκοῦν
533 3599 563 3672 εί
590 3591 640 3693 μὴ
668 3593 760 3674 κατά
787 3591 908 3694 σάρκα
936 3591 1101 3696 Χριστὸν
1126 3594 1329 3696 γινώσκετε,

131 3714 261 3818 φασὶν,
290 3711 533 3809 μεταβάλλειν
572 3715 710 3818 ἀνάγκη
752 3714 818 3815 τὴν
853 3716 975 3819 σάρκα
1015 3718 1144 3819 λέγειν,
1182 3720 1231 3803 ὦς
1264 3717 1330 3816 τὴν

131 3837 260 3916 ἑαυτοῦ
286 3843 351 3915 τοῦ
380 3836 502 3938 Λόγον
530 3838 645 3941 φύσιν
671 3835 757 3919 εἶναι
785 3843 833 3922 ὡς
853 3839 947 3923 Θεὸς
973 3839 1201 3942 γινώσκεται.
1240 3839 1330 3947 φαίη

132 3961 164 4038 8
185 3955 229 4038 ἀν
248 3955 350 4060 οίμαί
363 3994 416 4044 τις
435 3958 526 4063 πρὸς
550 3969 657 4041 τοῖπο
674 3960 777 4045 εὐθύς
788 3957 873 4064 'Ap’
894 3963 956 4042 οὖν
975 3963 1077 4061 ἡνίκα
1102 3961 1147 4044 ἀν
1165 3963 1256 4068 λέγῃ
1273 3967 1331 4043 καὶ

131 4085 213 4184 περὶ
236 4082 337 4182 ἡμῶν
363 4092 386 4130 “
401 4088 451 4164 Οἱ
476 4082 515 4164 δέ
536 4087 574 4164 ἐν
593 4087 701 4187 σαρκὶ
720 4083 818 4170 ὅντες
837 4090 923 4194 Θεῷ
941 4085 1067 4188 ἀρέσαι
1087 4087 1129 4165 οὐ
1148 4086 1326 4166 δύνανται·
1342 4111 1478 4164 Romani.

1126 4209 1147 4237 u
1297 4208 1308 4236 ς
1343 4177 1367 4239 ⁸⁹
1379 4192 1405 4243 9·

78 4244 120 4302 30
134 4215 156 4253 “
176 4207 273 4305 ὑμεῖς
301 4207 338 4287 δὲ
366 4208 431 4287 οὐκ
455 4206 538 4288 ἐστέ
564 4209 602 4288 ἐν
624 4211 743 4310 σαρκὶ,
762 4210 849 4289 ἀλλ’
877 4211 916 4288 ἐν
942 4208 1126 4308 πνεύματι,
1175 4243 1331 4312 γυμνονς

170 4448 196 4497 4.
216 4430 244 4484 δι’
256 4448 310 4486 om.
323 4449 347 4486 c.
422 4448 462 4488 10.
480 4433 566 4502 φασιν
577 4431 724 4487 emendavi.
736 4435 820 4503 φησιν
831 4431 883 4489 b.e.
958 4449 999 4488 11.
1016 4432 1182 4504 παρενεχθεὶς
1194 4433 1230 4490 εἷς
1241 4452 1332 4490 emen-

135 4500 485 4574 εἰκελπαρενεχθείσηςίιο.
542 4503 583 4557 18.
596 4507 642 4558 τοῦ
653 4504 732 4559 αὐτοῦ
744 4504 772 4558 ἐκ
783 4507 829 4558 τοῦ
841 4504 919 4558 αὐτοῦ
930 4507 1012 4576 λόγον
1023 4503 1075 4561 bx.
1130 4521 1172 4558 τι.
1187 4505 1294 4560 ἐνταῦθα
1307 4523 1330 4561 c.

134 4572 314 4642 πορσκρίνετσι
327 4591 350 4630 c.
430 4589 473 4628 22.
492 4575 562 4644 φασι
574 4572 602 4630 b.
682 4587 724 4642 25.
743 4573 896 4646 γινώσκετε]
909 4575 946 4630 itu
958 4574 1010 4632 b.c.
1092 4575 1135 4632 τό.
1153 4573 1200 4647 ὣς]
1213 4576 1249 4632 είς
1261 4575 1313 4631 b.c.
