3278 5130
308 229 372 318 33.ss
482 230 520 293 Β.
544 225 730 292 CYRILLI
757 224 1018 290 ALEXANDR.
1047 223 1333 289 FRAGMENTA
1402 221 1453 284 iii.
1476 219 1531 282 18.

153 326 204 396 [τι
219 329 281 394 M·]

260 483 420 566 ῐὸἫμεῖο
447 488 483 553 δὲ
510 489 629 554 πάντες
655 487 954 573 ἀνακεκαλυμμένῳ
982 485 1152 576 προσώπῳ
1179 485 1237 552 τιίν
1266 485 1370 555 δόξαν
1396 484 1529 572 Κυρίου

360 615 641 703 κατοπτριζόμενοι
663 612 722 678 τιίν
741 611 841 678 αύτιίν
860 609 971 678 εἰκόνα
995 613 1294 702 μεταμορφούμεθα
1314 611 1384 678 ἀπὸ
1415 610 1526 676 δόξειε

360 735 406 803 ele
432 738 541 816 δόξαν,
569 741 715 826 καθάπερ
743 737 809 804 ἀπό
838 737 951 826 Κυρίου
978 739 1172 814 πνεύματος.

368 929 509 1024 Μωσῆς
537 923 601 1025 μὲν
629 925 700 1028 γάρ
728 925 875 1005 ἐπετίθει
904 926 1016 1032 ἑαυτῷ
1042 924 1214 1025 κάλυμμα
1235 925 1293 1004 διά
1313 958 1370 1004 τοι
1392 923 1443 1004 τό
1467 923 1525 1022 μὴ

141 1047 224 1176 {⁰1³⁸
232 1063 283 1100 ω’·
312 1044 487 1127 δύνασθαι
506 1047 585 1133 τοῦς
605 1048 698 1133 υἱοῦς
716 1047 870 1150 Ἰσραὴλ
890 1055 1041 1130 κατιδεῖν
1060 1060 1081 1096 “
1092 1050 1158 1149 τὴν
1176 1048 1288 1155 δόξαν
1305 1057 1372 1128 τοῦ
1389 1073 1552 1152 προσ-5

313 1181 334 1218 “
352 1169 451 1252 άπου
469 1172 611 1253 αὑτοῦ·”
650 1176 798 1279 ψυχικοί
824 1170 895 1276 γάρ
914 1171 1011 1273 ἦσαν
1029 1175 1087 1253 καί
1110 1175 1275 1275 σαρκικοί
1293 1174 1352 1252 καὶ
1371 1175 1522 1256 ἀτελεῖς
1582 1198 1584 1277 3

311 1298 359 1380 είς
385 1294 524 1375 πίστιν·
563 1295 660 1394 ἡμεῖς
689 1296 727 1375 δὲ
749 1301 782 1376 οί
805 1299 929 1376 πιστοὶ
957 1294 1016 1376 διά
1037 1300 1101 1396 τῆς
1119 1298 1186 1377 τοῦ
1202 1296 1415 1392 Πνεύματος
1447 1301 1518 1402 δᾳ·
1582 1290 1586 1359 '²

311 1419 454 1523 δουχίας
489 1418 765 1523 πεφωτισμένην
796 1419 936 1522 ἔχοντες
973 1417 1040 1518 τὴν
1071 1422 1219 1522 καρδίαν
1252 1421 1309 1498 καί
1342 1425 1520 1520 καθαρῶς
1583 1472 1588 1539 3

312 1542 460 1636 βλέπειν
478 1540 593 1620 εἰδότα
616 1545 679 1640 τῆς
707 1541 860 1625 διανοίας
887 1540 950 1622 τόν
968 1541 1162 1649 ὀφθαλμόν
1186 1541 1519 1651 ἀνακεκαλυμμένῳ
1585 1574 1589 1591 ·

312 1663 482 1770 προσάπῳ
509 1663 703 1764 τεθεάμεθα
735 1663 798 1743 τόν
828 1662 973 1768 Κύριον·
1014 1663 1194 1765 λελάληκε
1228 1663 1300 1767 γάρ
1330 1664 1416 1764 ἡμῖν
1454 1669 1519 1744 καὶ
1536 1705 1566 1744 ιο

313 1784 419 1894 ὤφθη
446 1788 484 1866 ἐν
513 1785 602 1893 δόξῃ
635 1792 693 1866 καὶ
723 1789 877 1893 ὑπεροχῇ
905 1794 950 1893 τῇ
978 1787 1281 1895 θεοπρεπεστάτη·
1313 1788 1409 1869 Θεὸν
1438 1790 1520 1891 γάρ

313 1907 421 1990 αὑτόν
449 1910 651 2011 ἐγνώκαμεν
678 1915 884 2015 χαρακτῆρα
912 1917 976 2010 τῆς
1004 1912 1240 1996 ὑποστάσεως
1262 1921 1327 1992 τοῦ
1347 1913 1515 2012 Πατρός.
1588 1944 1592 2020 ζ

314 2036 363 2116 ὡς
395 2035 432 2112 ἐν
463 2031 630 2142 ἐσόπτρῳ
661 2035 723 2114 οὖν
755 2040 953 2185 θεῳμυῦμεν
988 2034 1054 2136 τὴν
1089 2036 1187 2115 θείαν
1216 2037 1275 2115 καὶ
1305 2035 1519 2136 άπόῤῥητον

315 2157 439 2259 φύσιν,
458 2155 744 2257 μεταπλάττεται
771 2158 842 2260 γὰρ
870 2154 994 2260 ὥσπερ
1021 2164 1094 2237 τῶν
1115 2157 1359 2238 πιστευόντων
1381 2159 1402 2234 ό
1427 2166 1517 2242 νοῦς

304 2280 353 2361 εἰς
367 2285 510 2380 νομικῆς
521 2281 746 2380 εῦμαθείας’
718 2315 766 2367 εις
784 2282 972 2361 παίδευσιν
987 2279 1231 2430 εραγγελικὴν,
1250 2285 1309 2361 καὶ
1326 2314 1512 2434 μεταμομ-
1532 2322 1594 2379 ¹5

314 2409 444 2554 φρῦται
471 2402 605 2557 τρόπρν
628 2403 706 2484 τινά
733 2410 781 2489 είς
811 2403 1014 2503 εἴδησιν
974 2438 1040 2503 την
1069 2403 1318 2554 πνευματικην,
1348 2409 1457 2489 σκιᾶς
1490 2402 1514 2504 ἢ

314 2526 435 2607 τύπων
463 2529 525 2607 οῦκ
551 2526 772 2632 ἀνεχόμενος,
803 2529 933 2606 οἰλλΗ
915 2562 954 2607 εκ
982 2521 1149 2634 δόξης
1104 2561 1169 2626 της
1193 2525 1286 2607 κατὰ
1310 2525 1374 2607 τόν
1399 2526 1514 2625 νόμον

316 2659 362 2738 είς
390 2647 491 2758 δόξαν
514 2651 636 2753 ἑτέραν
660 2650 725 2751 τὴν
744 2653 781 2730 ἐν
798 2656 951 2757 Χριστῷ
980 2649 1037 2730 διά
1064 2649 1259 2756 Πνεύματος
1287 2657 1514 2756 μεταφοιτᾶν

314 2772 497 2878 ᾑρημένος.
543 2775 670 2854 οὐκοῦν
697 2771 749 2866 τίμ
779 2771 875 2868 αύτῦμ
904 2775 1013 2855 είκίνα
1039 2773 1360 2881 μεταμορφούμεθα·
1403 2781 1509 2871 μεθι-

315 2895 466 2982 στάντες
494 2896 565 2999 γάρ
583 2894 663 2980 τοῦς
688 2897 818 2980 τύπους
841 2902 889 2982 είς
914 2897 1095 2997 ἀλήθειαν,
1114 2899 1173 2976 καὶ
1190 2899 1229 2977 εἰς
1250 2901 1314 2997 τῆς
1337 2893 1428 2975 κατά
1445 2897 1513 2977 τόν
1528 2939 1567 2978 ιο

316 3017 425 3118 νόμον
446 3027 551 3103 σκιᾶς
578 3019 619 3099 τό
647 3024 811 3122 Χριστοῦ
838 3019 1036 3121 μυστήριον
1058 3025 1102 3125 τῇ
1129 3027 1202 3100 τῶν
1220 3022 1362 3101 ε’ννοιιῦν
1380 3021 1508 3124 ίσχνά-

315 3176 396 3242 τητι
418 3147 710 3246 διαμορφοῦντες,
732 3147 780 3227 ὡς
800 3146 838 3223 ἐν
855 3144 936 3223 είδει
958 3142 1024 3244 τὴν
1043 3142 1152 3292 αι’τρὴν
1168 3143 1365 3245 εὑρήσομεν
1383 3144 1508 3251 δόξαν·

317 3270 347 3344 εἰ
375 3263 446 3369 γάρ
465 3267 603 3347 δεδοται
631 3265 721 3373 δόξα
742 3273 815 3352 τοῖς
837 3264 1106 3347 διακονοῦσι
1069 3301 1133 3347 τον
1158 3264 1277 3419 νόμον,
1295 3266 1423 3370 μείζων
1450 3277 1510 3351 καὶ
1593 3369 1594 3380 η

318 3390 542 3544 άρυγκμίτῳς
561 3390 787 3539 ὑπερκειμείηη
805 3388 870 3490 τὴν
888 3391 1034 3492 πρώτην
1052 3391 1074 3489 ἡ
1092 3396 1165 3470 τῶν
1182 3391 1294 3534 άχίων
1308 3395 1510 3542 ἱερουμγῶνη

151 3530 294 3648 {uptam
319 3509 353 3593 06
380 3517 438 3594 καὶ
460 3510 645 3593 ἱκάνωνται
669 3547 768 3616 παρα
752 3513 881 3594 Θεοῦ
907 3512 1112 3594 διάκονοι“
1123 3517 1244 3611 καινῆς
1272 3511 1506 3614 διαθήκης’
1466 3549 1509 3595 ου
1525 3551 1561 3608 25

170 3634 176 3648 ⁶
319 3647 356 3683 “
354 3635 569 3738 γράμματος
587 3635 687 3716 ἀλλὰ
704 3636 915 3735 πνεύματος.
918 3635 1155 3739 ”πρόδηλον
1174 3635 1289 3735 δήπου
1313 3641 1372 3716 καὶ
1397 3638 1509 3720 ούδενὶ

317 3767 391 3840 τιῦν
409 3759 522 3841 όντων
539 3759 762 3868 άσυμφανές,
783 3759 838 3841 ότι
854 3759 972 3862 πάντη
991 3794 1028 3840 τε
1047 3764 1104 3840 καὶ
1122 3761 1265 3843 πάντως
1283 3764 1316 3839 ⁰6
1342 3762 1382 3839 ἐκ
1407 3793 1503 3858 νομι-

319 3888 382 3983 κῆς
408 3882 627 3969 παιδεύσεως
654 3885 904 3985 μεθιστάμενοι
931 3886 1021 3987 πρός
1050 3882 1232 3985 ἀκρίβειαν
1265 3882 1507 3985 εὑαγγελικὴν,

354 4109 450 4159 4-ι4.
470 4101 497 4145 Μ
499 4092 686 4164 ι-φοσιν
698 4101 867 4164 assumptum
879 4111 912 4146 ex
926 4093 963 4148 H.
1123 4091 1242 4215 ῳλρ
1245 4099 1414 4160 assumptum
1425 4089 1504 4146 ειτΗ

321 4177 362 4233 15.
381 4164 443 4230 εύμα
445 4163 514 4218 θειας
499 4115 606 4217 habet
618 4164 691 4217 etH
801 4163 842 4216 16.
861 4183 958 4251 τρόπον
969 4164 1024 4216 τινὰ
1036 4179 1091 4217 om.
1103 4162 1140 4216 Η.
1198 4161 1273 4215 tntim
1285 4163 1350 4231 πρός
1362 4177 1429 4246 pro
1422 4161 1503 4215 ιίςΗ

321 4247 362 4301 17.
380 4235 425 4287 τόν
438 4251 492 4287 om.
510 4233 548 4287 Η.
708 4234 748 4287 18.
768 4233 808 4287 διδ
820 4254 962 4301 πνευματος
974 4234 1133 4302 μεταφοιταν
1143 4230 1279 4356 ηρημενοςθ]
1293 4232 1357 4301 μετὰ
1368 4229 1504 4298 πνεύματος

318 4303 459 4390 διαφοιτῶν
473 4303 511 4357 Η.
755 4320 795 4388 19.
814 4303 1045 4370 τήναῦτηνείκόνα
1055 4301 1257 4389 μεταμορφούμε
1274 4301 1453 4371 αελγδροαι.
1468 4299 1501 4354 Η.

319 4371 554 4513 ρρὸςάλῐηθὲῳέ])
523 4373 642 4496 2ριἪΓ
628 4393 656 4426 εκ
668 4373 715 4442 δύξ
699 4373 744 4442 ξης
755 4375 800 4440 τῆς
810 4375 953 4442 πρώτης
924 4395 968 4442 της
980 4395 1082 4443 νομικης
1097 4373 1134 4430 είς
1146 4373 1224 4443 δόξαν
1236 4373 1324 4443 ἑτέρον
1334 4371 1503 4440 μετερχόμεθα
