3294 5130
161 337 293 400 ωτι.
404 337 457 401 οι
487 335 746 402 ουτοςοοιιιι
776 339 840 402 An
872 340 1121 408 Ηοοοκαος.
1295 347 1361 410 419

1375 445 1447 514 [12⁶
1459 449 1520 512 ιιι

398 589 465 656 Tne
492 589 529 656 δὲ
555 586 704 658 εὐποιίας
731 592 785 657 καί
813 593 985 660 κοινωνίας
1011 599 1122 666 κ.τ.λ.
1376 609 1412 664 16

163 805 166 814 ’
220 770 273 852 Σὺ
300 773 344 853 δέ
367 809 429 872 μοι
455 775 522 877 ὅρα
548 775 674 873 πάλιν,
695 773 791 861 ὅπως
819 776 941 857 ε’νθάδε
961 777 1057 859 Θεὸν
1081 779 1270 861 ὁΠοῦλος
1296 776 1360 858 τὸν

161 893 253 975 Υίίιν
283 899 469 978 ἀποκαλεῖ·
514 903 543 976 εί
576 899 647 1001 γάρ
676 897 783 983 αὐτός
814 902 914 980 ἔστιν
947 902 966 978 ὁ
1001 902 1151 999 σύμπαν
1180 902 1280 1003 ἄγων
1311 907 1359 985 είς

161 1021 282 1122 κρίσιν
309 1021 351 1099 τὸ
377 1022 525 1120 ποίημα,
553 1024 612 1100 καί
640 1020 828 1108 ἀποδιδούς
861 1034 882 1070 “
896 1021 1039 1130 ἑκάστῳ
1073 1022 1165 1104 κατά
1197 1023 1242 1102 τά
1271 1023 1360 1126 ἔργα
1371 1049 1445 1098 Rom.
1459 1050 1483 1098 ii.
1494 1050 1519 1101 6.

127 1175 147 1234 5
161 1144 337 1241 θαύτοῦ,”
357 1143 415 1223 διά
432 1179 470 1223 τε
489 1154 594 1224 τοῦτο
611 1143 694 1228 τοῦς
712 1147 750 1225 εῦ
767 1155 956 1230 ποιοῦντας
974 1147 1038 1227 τὸν
1055 1148 1215 1245 πλησίον
1231 1150 1430 1229 &vose-127
1446 1173 1494 1228 Μ.

161 1266 311 1371 χάμευος
336 1272 393 1347 καί
417 1269 535 1370 λέγων
556 1280 577 1316 “
593 1276 717 1366 Δεῦτε,
737 1268 1033 1372 κληρονομήσατε
1050 1270 1117 1369 τὴν
1134 1269 1355 1370 ἡτοιμασμέ·
1372 1303 1501 1353 αιτιοι.

162 1400 184 1436 “
199 1425 264 1488 νην
281 1393 362 1488 ύμῖν
379 1391 581 1488 βασιλείαν,
597 1391 768 1471 ε’πείνασα
785 1390 857 1494 γάρ
875 1397 932 1471 καί
950 1391 1108 1472 ε’δοίκατέ
1118 1427 1179 1490 μοι
1198 1395 1356 1496 φογεῖν,”
1371 1383 1485 1496 ῖῖᾎέί

162 1516 221 1593 καὶ
238 1511 285 1592 τά
305 1514 398 1618 ἑξῆς,
417 1522 494 1599 πῶς
513 1516 577 1594 ούκ
593 1515 697 1595 ἔσται
715 1514 808 1599 Θεὸς
828 1516 848 1592 ὁ
868 1517 978 1599 οὕτως
996 1515 1283 1616 ἀποκεκλημένος
1301 1515 1359 1597 διὰ

161 1639 226 1734 τῆς
253 1639 430 1741 ἀψευδοῦς
451 1643 523 1716 τῶν
542 1638 653 1739 ἁγίων
677 1643 809 1743 φωνῆς,
829 1641 887 1717 καὶ
914 1637 979 1724 τοῖς
1006 1645 1079 1717 τῶν
1097 1639 1135 1717 εῦ
1162 1638 1359 1720 ποιούντων

106 1797 148 1837 10
162 1760 290 1842 θυσίας
318 1759 590 1863 ἀποδεχόμενος,
611 1758 800 1843 ἀποδιδούς
827 1794 865 1840 τε
893 1759 1035 1870 ἑκάστῳ
1057 1761 1123 1862 τὴν
1147 1763 1242 1870 αύτῷ
1267 1765 1355 1866 πρέ·

160 1915 305 1961 πουσαν
323 1880 491 1981 ἀμοιβὴν,
507 1887 565 1962 καὶ
580 1889 628 1967 είς
646 1881 712 1983 τὴν
730 1889 803 1962 τῶν
820 1884 980 1986 οὐρανῶν
998 1885 1193 1980 βασιλείαν
1210 1887 1358 1987 εἰσπέμ-

161 2037 241 2084 πων
258 2000 323 2084 τὸν
340 2010 412 2085 τεῦν
428 1999 540 2108 ἁγίων
558 2005 690 2110 χορόν,

198 2225 224 2278 5.
241 2234 270 2266 τε
284 2210 352 2266 cod.
365 2211 393 2266 δι’
406 2211 458 2267 Εά.
607 2228 647 2266 12.
666 2211 778 2296 χαρείη]
793 2213 870 2273 Quae
883 2212 1062 2286 sequebantur
1075 2214 1101 2268 in
1116 2214 1177 2278 Ed„
1191 2214 1233 2269 hic
1245 2214 1358 2270 exhibeo

160 2299 247 2352 quum
266 2281 294 2336 S.
309 2281 440 2353 cyrillum
455 2290 591 2337 auctorem
606 2297 662 2337 non
676 2284 719 2353 (ut
731 2283 838 2354 opmor)
852 2283 978 2338 habeant.
1015 2283 1123 2339 Codicis
1136 2287 1254 2373 margine
1267 2285 1359 2340 charta

161 2352 290 2406 crassiore
308 2353 414 2419 resecto,
426 2370 525 2407 nomen
544 2353 566 2406 οἱ
585 2370 686 2407 novum
705 2353 748 2408 hic
766 2353 924 2408 adhibeatur
941 2354 993 2422 legi
1006 2371 1061 2407 non
1073 2360 1171 2425 potest.
1189 2355 1358 2425 αναφέρωμεν

161 2419 209 2476 οῦν
219 2421 266 2490 τὴν
277 2425 321 2492 τῆς
333 2423 454 2478 αῖνέσεως
465 2422 566 2489 θυσίαν,
578 2424 623 2478 τδν
636 2425 734 2493 καρπὸν
745 2428 795 2478 τῶν
806 2423 916 2493 χειλέων
926 2426 962 2494 τῷ
977 2422 1094 2478 κτίσαντι
1106 2423 1171 2492 ἡμεῖς
1183 2424 1242 2496 θεῷ·
1264 2426 1294 2480 οὗ
1306 2427 1357 2496 γάρ

162 2491 203 2545 δεῖ
219 2495 298 2558 μόνον
314 2493 414 2548 άλωνος
431 2493 472 2546 καί
487 2495 576 2560 ληνοῦ,
590 2492 660 2546 ἄλλά
677 2495 719 2547 καί
736 2495 824 2562 λόγων
842 2492 1007 2563 ιῖπιίρχεσθοι
1023 2494 1063 2546 δεῖ
1080 2497 1117 2564 τῷ
1135 2494 1194 2565 θεῷ,
1211 2495 1252 2548 καῖ
1270 2497 1358 2586 λόγων

160 2563 254 2634 πολλῷ
272 2564 374 2630 μάλλον
390 2562 406 2630 ἦ
424 2563 585 2632 δραγμάτων,
602 2561 658 2634 ὅσῳ
676 2563 717 2616 καί
736 2561 795 2630 ίημῖν
813 2563 964 2630 οἰκειότερος
983 2562 1057 2618 οὗτος
1075 2565 1089 2615 6
1107 2567 1211 2633 καρπὸς,
1229 2565 1271 2618 καί
1288 2569 1357 2638 ουτηῖ

160 2633 392 2703 προσφιλέστερος
403 2636 439 2705 τηῖ
456 2633 587 2704 τιμωμένῳ
599 2632 658 2704 θεῷ·
682 2635 780 2703 βότρυν
790 2633 837 2702 μέν
848 2635 898 2704 γάρ
911 2635 952 2686 καί
965 2632 1082 2703 ἄστοχον
1093 2636 1202 2702 λαγόνες
1215 2633 1357 2703 ἐκφέρουσι

182 2703 219 2766 ”ς,
240 2703 281 2756 καὶ
298 2702 442 2773 τρέφουσιν
459 2702 563 2771 ὄμβρων
581 2701 706 2774 ε’πιρῤοοί,
724 2705 765 2757 καί
783 2705 902 2774 γηπόνων
921 2702 1093 2772 θεραπεύουσι
1112 2706 1205 2773 χεῖρες·
1230 2702 1309 2770 ὕμνον
1327 2706 1356 2758 δέ

160 2724 231 2843 ζηρὸν
242 2772 320 2827 τίκτει
334 2774 381 2840 μέν
392 2774 514 2836 εὐλάβεια
524 2775 623 2864 ψυχῆς,
635 2772 727 2843 τρέφει
745 2773 773 2826 δέ
792 2774 909 2829 συνειδὸς
926 2773 1031 2843 άγαθδν,
1044 2773 1145 2844 δέχεται
1162 2773 1191 2826 δέ
1209 2773 1245 2829 είς
1261 2774 1293 2827 τά
1310 2797 1356 2828 τα·

159 2864 230 2912 μιεια
247 2865 299 2897 των
316 2864 428 2911 ονρονων
445 2846 460 2897 6
478 2844 545 2899 θεος·
570 2864 625 2914 οσῳ
640 2843 669 2897 δέ
684 2845 732 2914 γῆς
747 2842 855 2913 άμείνων
872 2843 958 2914 ψυχά,
970 2842 1088 2915 τοσούτῳ
1107 2844 1148 2896 καί
1166 2841 1227 2911 αὕτη
1244 2845 1357 2906 βελτίων

161 2911 257 2982 ἐκείνης
269 2911 283 2980 ἡ
296 2915 375 2984 φορά·
401 2914 444 2968 διά
461 2935 500 2967 τοι
518 2917 595 2968 τοῦτο
612 2913 653 2967 καὶ
671 2917 723 2967 τῶν
738 2915 880 2984 προφητῶν
897 2936 945 2981 τις,
962 2913 1026 2982 άνὴρ
1044 2912 1191 2980 θαυμαστάς
1209 2913 1250 2966 καί
1266 2913 1355 2984 μέγας,

159 2981 242 3052 Ὠσηὲ
260 2982 432 3055 ὄνομααύτφ,
449 2986 503 3040 τοῖς
517 2987 554 3056 τῷ
571 2984 621 3054 θεῷ
638 2985 870 3052 προσκεκρουκάσι,
882 2985 923 3038 καί
940 2983 1085 3052 μέλλουσιν
1101 2981 1167 3037 ῖλεω
1185 2981 1357 3050 καταστήσειν

159 3053 246 3139 αιἠτὸν,
264 3053 381 3144 πρροίνει
399 3053 492 3124 λέγων·
517 3052 612 3144 φέρετε
632 3052 693 3144 μηθ’
714 3055 810 3107 εἀυτῶν
827 3054 886 3124 οῦχί
902 3052 1095 3145 βοῶν,άγέλας,
1114 3054 1174 3108 οὐδὲ
1185 3053 1356 3142 ισεμιδάλεως

158 3144 243 3256 ίίῖίί
255 3145 327 3247 ῖίίί
336 3124 1357 3264 6653&·⁰362166”66}“w‡“²0256‘⁰122‘'636'’6506626‘2JT63‘1‘22'63

157 3264 269 3334 μεγίστη
278 3264 326 3332 μέν
334 3262 378 3318 οῦν
390 3265 431 3318 καί
443 3264 586 3332 σεμνοτάτη
595 3264 636 3316 καί
647 3269 698 3317 τῶν
709 3265 798 3318 ἄλλων
808 3263 917 3319 άπασῶν
924 3265 1044 3326 βελτίων·
1065 3265 1106 3316 καί
1118 3265 1156 3320 τίς
1168 3264 1246 3317 ταῦτά
1256 3264 1340 3333 φησιν
1344 3285 1353 3327 ;

158 3334 235 3389 αῦτδς
247 3337 262 3388 6
273 3336 387 3401 μάλιστα
399 3334 501 3388 πάντων
511 3337 591 3388 ταῦτα
603 3334 675 3388 είδδις
686 3333 798 3402 ἀκριβῶς
810 3337 825 3388 6
838 3337 952 3404 γενναῖος
964 3335 1005 3387 καί
1016 3333 1096 3404 μέγας
1112 3333 1356 3422 [μάλιστα-μέγας

157 3404 276 3458 ecodice
293 3402 440 3474 desumpsi,
452 3405 577 3458 omiserat
590 3402 694 3474 Maius]
709 3405 801 3468 Δαβίδ·
825 3407 861 3476 τῷ
877 3405 928 3476 γάρ
941 3404 991 3476 θεῷ
1007 3406 1070 3460 ποτέ
1087 3403 1271 3476 εύχαριστίηρια
1287 3405 1356 3458 θυοτν

157 3475 202 3530 ε’πί
220 3475 276 3542 νίκῃ
292 3474 408 3544 πολέμου
425 3473 588 3546 γεγενημένη,
607 3473 704 3529 οὑτωσί
721 3493 775 3530 πως
790 3476 882 3545 φησίν·
907 3475 1001 3530 αίνέσω
1019 3477 1049 3530 τὸ
1067 3473 1148 3542 ὄνομα
1165 3478 1212 3529 τοῦ
1229 3474 1289 3528 θεοῦ
1304 3496 1355 3542 μου

156 3543 448 3670 σίκιννιν
458 3543 691 3668 θυννίς·
705 3539 822 3669 ιέτιιι
834 3543 1032 3668 νοντας
1048 3615 1302 3684 ι
1314 3546 1355 3668 ,ἐι

156 3637 455 3757 διιλάςίκταύτύτῖδᾞδ
467 3637 765 3754 omisitpMaiusf’iepeia
779 3637 1046 3754 καὶρῆιῖῖῖςχθύσωμεν,
1065 3636 1105 3738 κῖιί
1124 3685 1154 3738 τὸ
1170 3635 1355 3754 θυσίαστήριον

155 3755 209 3810 άπὸ
220 3759 271 3810 τῶν
283 3756 401 3826 θυμάτων
412 3753 509 3810 τούτων
520 3754 666 3824 αίμάξομεν
677 3755 708 3808 τὸ
719 3756 897 3823 πνευματικόν.

194 3901 302 3956 Scholia
315 3901 458 3955 Niketiana
475 3900 519 3954 hic
537 3899 665 3954 desinunt
671 3921 680 3962 ;
699 3898 819 3968 margine
837 3897 1005 3960 circumciso,
1021 3908 1052 3952 ut
1070 3895 1180 3951 adnotat
1194 3897 1283 3950 Maius
1301 3898 1354 3967 legi

156 3989 212 4027 non
226 3982 339 4041 possunt
355 3981 495 4025 auctorum
508 3969 616 4025 nomina
623 3991 632 4034 ς
651 3969 696 4024 vix
708 3976 797 4022 tamen
812 3967 890 4022 credo
904 3967 932 4022 S.
947 3967 1039 4040 cyrilli
1051 3967 1150 4042 aliquid
1167 3968 1236 4023 soliis
1252 3976 1353 4038 postre-

156 4043 209 4097 αιίε
222 4041 310 4097 adhuc
323 4051 428 4097 restare.
