3284 5130
125 348 208 418 xix.
225 375 278 424 20.
433 357 492 422 IN
522 357 556 422 S.
578 356 600 421 J
606 357 836 423 OANNEM.
875 356 973 424 LIB.
989 356 1069 422 XII.
1306 354 1348 418 85

126 521 259 606 δίκας.
300 527 330 602 εί
358 521 430 675 γὰρ
459 529 517 603 καὶ
544 523 592 610 είς
618 522 663 626 ἦν
691 526 711 604 ὃ
738 522 905 674 πάσχων,
931 522 1015 604 ἀλλ’
1035 519 1080 624 ἦν
1108 519 1197 624 ὑπὲρ
1222 527 1350 601 πᾶσαν

130 643 215 746 τῆν
243 645 373 746 κτίσιν,
396 650 445 733 ῶς
463 646 567 749 Θεὸς,
585 652 645 729 καί
669 652 734 748 τῆς
759 647 929 729 ἁπάντων
946 643 1035 750 ζωῆς
1053 645 1254 754 ἀξιώτερος.
1291 644 1351 726 διά

129 802 202 849 τοι
230 778 350 869 τοῦτο,
369 770 464 852 καθὰ
488 776 545 852 καί
569 807 589 852 ο
575 770 774 880 ψιίλλων
791 774 916 878 φησὶν,
936 766 1180 880 ἐνέφραξε
1136 805 1203 871 μεν
1220 765 1430 894 ιίνομιάἷ,Ε

130 899 255 973 πᾶσα
270 891 314 974 τό
331 895 453 994 στόμα
471 897 589 996 αι’πῆς,
608 893 816 1044 κατηργῆθη
834 895 873 976 δε
894 893 1029 1000 τρόπον
1045 892 1125 975 τινὰ
1146 897 1209 995 τῆς
1228 896 1347 998 ἁμαρ·
1332 918 1381 962 -0

95 1030 116 1090 5
134 1017 226 1101 τίας
245 1053 268 1117 η
256 1018 446 1119 γλῶττα,
465 1019 718 1172 καταλέγειν
693 1054 744 1099 ετι
760 1026 833 1101 τῶν
849 1017 1105 1125 ἡμαρτηκότων
1123 1019 1187 1100 οῦκ
1205 1018 1350 1126 ἔχουσα.

136 1143 407 1243 δεδικαιῶμεθα
444 1143 526 1248 γὰρ,
558 1141 774 1228 έκτετικότος
808 1141 897 1247 ῦπέρ
933 1143 1035 1244 ἡμῶν
1071 1140 1117 1223 τὰ
1154 1141 1352 1251 ὀφλήματα
1398 1255 1441 1308 Es.
1450 1255 1486 1306 m

1299 1265 1350 1347 v„
1478 1271 1496 1308 1.

1398 1335 1421 1386 ε

141 1389 243 1484 κατὰ
269 1389 313 1471 τὸ
341 1426 600 1495 γεγραμμενον.
625 1391 751 1496 ῶσπερ
773 1391 812 1473 δέ
837 1391 896 1472 διὰ
922 1400 987 1472 τοῦ
1015 1389 1193 1498 ξύλου
1157 1425 1199 1471 το
1225 1394 1264 1471 έκ
1288 1329 1352 1492 τῆς

143 1514 399 1601 ἀποπτῶσεως
427 1517 511 1616 ἡμῖν
537 1516 785 1625 ε’ξεμηχανήθη
813 1515 933 1614 κακὸν,
962 1517 1055 1598 οὕτω
1083 1514 1127 1616 δῆ
1154 1508 1267 1596 πόλιν
1292 1511 1353 1595 διό

87 1661 130 1700 ¹0
146 1637 342 1746 ξόλου’
293 1674 439 1743 γεγονεν
458 1642 480 1741 ἡ
499 1647 547 1725 είς
568 1642 656 1745 όπερ
674 1639 762 1742 ἦμεν
780 1643 818 1721 έν
840 1643 966 1746 ἀρχαῖς
985 1638 1179 1742 όναδρομῆ,
1198 1641 1256 1719 καί
1280 1644 1353 1719 τῶν

148 1764 328 1866 οὐρανίων
364 1766 568 1868 ἀγαθῶν
547 1802 570 1865 η
605 1763 819 1868 τριπόθητος
865 1764 1104 1871 ἐπανάληψις,
1140 1765 1199 1845 καὶ
1242 1762 1353 1864 αῦτῆν

148 1884 278 1991 ὥοπερ
310 1897 375 1969 τοῦ
408 1885 613 2039 νοσήματος
644 1888 711 1991 τῆν
745 1887 861 1995 ἀρχὴν
898 1888 1272 1996 όνακεφαλαιουμείιου
1308 1889 1351 1968 δι’

150 2012 247 2111 ἡμᾶς
271 2017 320 2098 εἰς
343 2014 469 2095 εαυτὸν
491 2049 554 2096 του
537 2019 754 2118 Χριστοῦ

1366 2185 1524 2246 aloem.

153 2271 278 2337 Τοῦτον
309 2268 366 2337 οὖν
397 2271 453 2340 τόν
481 2271 591 2339 τίτλον
623 2273 743 2338 πολλοί
773 2272 961 2348 ἇνὲτνωσαν
999 2273 1064 2340 τῶν
1093 2271 1276 2355 Ἰουδαίων,
1304 2274 1408 2340 61120

99 2431 137 2492 ¹5
205 2397 298 2472 ἑττύς
330 2393 370 2464 ιίν
401 2398 419 2465 ὀ
448 2399 549 2464 τόττοο
578 2406 636 2466 τῆς
666 2401 800 2466 πόλεως
832 2401 915 2466 ὅπου
946 2398 1137 2488 ὲοταυρώθιι
1170 2401 1189 2469 ὁ
1215 2400 1353 2466 Ἰησοῦς·

208 2525 262 2589 καί
289 2520 329 2591 ιίν
356 2525 577 2616 τετραμμένον
599 2525 767 2617 Ἐβραϊστί
788 2525 970 2604 Ῥωμαϊστί
992 2524 1192 2591 Ἑλληνιστί.

213 2721 435 2828 Εόμηχιίνως
466 2720 511 2825 δῆ
545 2723 629 2804 λίαν
660 2726 718 2804 καὶ
751 2723 809 2805 διὰ
845 2723 939 2809 θείας
975 2723 1070 2808 τινὸς
1107 2725 1166 2804 καί
1203 2722 1358 2828 όῤῥῆτου

153 2846 270 2928 πάλιν
306 2847 505 2949 οἰκονομίας
546 2851 795 2929 ἀνατεθεῖσθαι
835 2846 899 2929 τὸν
935 2850 1060 2930 τίτλον
1097 2849 1186 2954 φαίη
1223 2882 1277 2932 τις
1313 2846 1359 2928 ἂν

155 2974 315 3074 τριπλῆν
342 2971 471 3078 ἔχοισα
505 2971 572 3072 τὴν
599 2970 755 3077 γραφὴν,
783 2970 974 3082 Ἐβραϊστί,
1001 2973 1201 3079 Ῥωμαϊστὶ,
1227 2972 1357 3069 Ἐλλη-

104 3125 143 3168 20
158 3099 253 3176 νιστί·
283 3097 470 3198 προῦκειτο
494 3095 568 3199 γῦρ
591 3100 748 3200 ἐναργῶς
772 3095 839 3198 τῆν
857 3105 920 3177 τοῦ
940 3101 1107 3200 Σωτῆρος
1125 3097 1226 3196 ἡμῶν
1244 3103 1354 3192 βασι·
1372 3095 1393 3160 b

157 3220 260 3300 λείαν
278 3221 468 3322 ὁμολογῶν
488 3218 547 3299 διὰ
571 3227 680 3324 τριῶν
696 3221 784 3306 τέως
808 3227 881 3302 τῶν
898 3223 1054 3301 ἁπασῶν
1070 3218 1361 3325 έπιφανεστέρων

157 3350 358 3445 γλωσσῶν,
377 3345 436 3424 καί
454 3343 622 3451 ἀπαρχὴν
639 3342 764 3448 ῶσπερ
786 3343 867 3425 τινὰ
891 3350 943 3454 τῷ
969 3344 1212 3448 σπαυρωθέντι
1236 3378 1355 3448 προσ·

158 3467 260 3570 α’γων
276 3472 340 3568 τῆς
357 3472 438 3573 περὶ
457 3472 565 3550 αῦτου
548 3470 807 3571 λαληθείσης
823 3470 1055 3576 προφητείας.
1094 3469 1164 3577 ἔφη
1191 3467 1262 3572 γάρ
1288 3503 1360 3550 που

160 3590 340 3692 Δανιὴλ
324 3627 344 3672 ο
362 3592 663 3699 σοφοίτατος,οτι
608 3593 650 3674 ότ
650 3604 703 3673 ι“
717 3595 813 3700 αῦτω
794 3591 987 3694 ἐδόθη
967 3629 990 3693 η
1015 3591 1099 3693 τιμῆ
1125 3627 1183 3672 και
1170 3593 1357 3693 ῆβασι·
1439 3622 1472 3702 .'

104 3727 145 3789 ²5
160 3727 183 3763 ‘⁴
202 3719 282 3796 λεία
314 3719 373 3796 καί
404 3724 521 3797 πᾶσαι
553 3723 590 3798 αἱ
623 3720 738 3824 φυλαὶ
770 3719 829 3797 καί
866 3723 1041 3818 γλῶσσαι
1078 3717 1175 3825 αὐτῷ
1211 3715 1358 3797 δουλεύ-

159 3851 184 3889 “
201 3875 346 3937 σουσιν,
356 3839 496 3920 ’ἀλλὰ
523 3876 581 3922 και
568 3841 806 3926 Παῦλος
785 3847 869 3968 ημῖν
892 3843 913 3920 ό
939 3840 1126 3945 ἱερώτατος
1153 3841 1361 3920 ἐπιστέλλει

158 3964 314 4063 βοῶν,”
294 3998 350 4045 οτι
368 3975 391 4013 “
404 3971 479 4046 πᾶν
504 3963 592 4069 γόνυ
620 3963 803 4114 κάμψει
785 3965 1002 4069 επουρανίων
1029 3967 1087 4046 καί
1116 3963 1279 4067 ἐπιγείων
1303 3967 1362 4044 καὶ
1442 3953 1464 4080 ‚⁸

161 4090 459 4195 “καταχθονίων,
497 4124 556 4170 και
598 4096 703 4172 πᾶσα
744 4095 905 4193 γλῶσσα
952 4087 1327 4196 έξομολογῆσεται”
1307 4123 1362 4168 οτι

160 4226 183 4263 “
204 4213 338 4318 Κύριος
355 4215 499 4314 Ἰησοῦς
516 4212 677 4318 Χριστός
695 4220 743 4298 είς
761 4212 873 4321 δόξαν
892 4217 988 4293 Θεοῦ
1008 4211 1184 4315 Πατρός.”
1215 4211 1392 4318 ἀπαρχὴν

108 4365 149 4424 30
163 4347 356 4443 τοιγαροῦν
374 4335 499 4442 ῶσπερ
525 4373 578 4423 τις
604 4336 742 4440 ἀληθὴς
767 4342 831 4438 τῆς
856 4343 928 4418 τῶν
953 4342 1143 4438 γλωσσῶν
1167 4337 1363 4440 ὁμολογίας

163 4467 185 4546 ό
216 4465 339 4548 τίτλος
366 4460 422 4562 ἦν,
450 4463 608 4559 βασιλέα
638 4461 835 4568 κηρύσσων
862 4460 925 4543 τὸν
952 4463 1109 4564 Ἰησοῦν.
1163 4459 1208 4564 ἦν
1235 4461 1273 4544 δὲ
1305 4466 1363 4544 καί

164 4589 292 4694 ἑτέρως
310 4591 373 4688 τῆς
391 4588 572 4669 Ἰουδαίων
590 4587 799 4696 ἀφιλοθείας
823 4585 1030 4691 κατήγορος,
1049 4590 1238 4694 μονονουχὶ
1260 4589 1360 4690 διαῤ-
