3268 5130
125 330 179 396 vii.
194 345 223 415 7,
237 333 267 397 8.
378 333 432 398 IN
457 331 719 397 EPIS'POLAM
745 333 809 396 AD
835 332 1071 400 ROMANOS.
1261 333 1324 397 197

1379 446 1388 481 1
1419 430 1458 482 M.
1488 467 1490 474 -

125 495 352 600 ἐργάσαιντο,
375 498 409 579 εί
432 533 475 602 γε
500 501 559 579 καὶ
582 501 667 603 πρίν
689 499 825 597 είδέναι,
849 497 994 584 πάντως
1018 533 1091 580 που
1114 502 1173 579 καί
1197 497 1321 600 ἔδρων·
1350 431 1363 497 [
1394 439 1408 496 ⁷
1468 427 1490 496 Τ

127 631 149 670 “
168 622 209 700 οὐ
237 619 310 724 γὰρ
337 620 381 725 ἦν
409 625 557 720 δίκαιος,
587 621 668 702 οὐδὲ
696 620 775 720 είς,”
805 619 897 702 κατά
923 619 990 722 τὴν
1018 631 1082 702 τοῦ
1111 621 1325 730 ψάλλοντος
1337 620 1466 739 ξξῐζέἢῑξῑ·

127 745 265 852 φωνήν·
302 746 463 827 ἀλλ’ἵνα
487 745 530 826 τὸ
554 749 697 827 ἀδικοῦν
714 744 855 845 εἰδότες,
873 741 963 849 πρὸς
982 744 1030 825 τά
1055 747 1188 844 ἀμείνω
1212 781 1323 846 μετα·
1338 753 1391 804 ¹¹³¹·
1405 765 1429 816 ³·

128 866 343 972 χωρήσειαν.
374 872 436 951 καί
459 903 521 968 μοι
544 873 642 949 δοκεῖ
658 869 828 970 γενέσθαι
852 903 888 948 τι
906 877 1067 950 τοιοῦτον
1084 877 1158 956 τοῖς
1176 873 1325 976 ἀρχαιο-

93 990 239 1095 5τέροις
263 991 323 1076 διά
344 997 409 1094 τῆς
428 994 595 1077 Μωσέως
613 995 773 1093 ἐντολῆς.
805 993 1007 1074 ὑποκείσθω
1025 998 1077 1101 τῷ
1100 993 1202 1102 λόγιρ
1223 1005 1326 1074 πλα-

129 1114 204 1196 τεῖά
228 1149 282 1200 τις
304 1115 402 1216 οίμος
420 1116 686 1221 ἀποκομίζουσά
709 1150 783 1216 ποι,
802 1118 862 1196 καὶ
883 1116 1077 1222 διεῤῥίφθω
1096 1115 1161 1216 μέν
1180 1118 1218 1198 ἐν
1236 1119 1328 1224 αὐτῇ

128 1237 253 1342 πολλὴ
272 1240 331 1320 διά
346 1241 462 1340 με’σου
487 1241 632 1348 χερμάς,
650 1238 847 1346 ἀρωρθχθω
866 1239 903 1321 δέ
928 1245 958 1320 εί
983 1245 1081 1320 δοκεῖ
1101 1243 1159 1321 καί
1184 1238 1325 1345 βόθροι·

129 1359 205 1443 είτά
231 1398 323 1450 τινες
350 1364 521 1446 ἔστωσαν
548 1368 581 1446 οἱ
612 1367 651 1444 ἐν
681 1362 780 1445 νύκτι
813 1365 871 1444 καί
903 1363 1027 1472 σκότιρ
1055 1362 1257 1468 βαδίζοντες
1290 1368 1329 1445 ἐν

130 1487 231 1593 αι’πῇ,
257 1489 524 1593 περιπταίοντές
556 1522 595 1568 τε
629 1491 687 1569 καὶ
715 1486 818 1587 μάλα
848 1493 993 1593 συχνῶς
1023 1495 1098 1573 τοῖς
1130 1488 1188 1569 διὰ
1216 1488 1330 1590 με’σου

77 1648 118 1689 ιο
131 1612 309 1711 κειμένοις,
328 1615 386 1693 καὶ
406 1610 480 1713 μὴν
496 1611 643 1716 βόθροις
666 1609 880 1711 ἀβουλήτως
897 1611 1147 1714 ἐγκαθιέμενοι·
1186 1611 1330 1717 ἐχοντος

131 1734 169 1816 δέ
197 1732 264 1817 ὦδε
292 1744 356 1817 τοῦ
384 1735 606 1839 πράγματος,
625 1733 716 1844 δᾷδά
740 1769 794 1821 τις
815 1732 945 1832 λαβὼν
974 1737 1027 1816 ἐπ’
1046 1736 1167 1820 αὐταῖς
1194 1736 1330 1836 ἐστησε
1444 1771 1447 1780 ·

130 1867 207 1944 ταῖς
236 1857 397 1963 τριόδοις,
425 1862 568 1967 ἐμφανῆ
596 1857 771 1943 καθιστὰς
800 1865 875 1945 τοῖς
902 1860 986 1940 οὖσι
1014 1856 1061 1939 τά
1087 1859 1234 1967 μεταξὺ,
1263 1861 1331 1966 οὐχ

129 1985 189 2064 ίνα
215 1982 329 2064 πόλιν
357 1986 476 2069 αὐτοῖς
504 1983 781 2087 περιπταίωσιν,
809 1982 977 2064 ἀλλ’ἵνα
1004 1989 1150 2082 μᾶλλον
1177 1984 1331 2091 ἀτερψί-

130 2141 250 2211 ροιντο
278 2109 337 2188 καὶ
355 2105 648 2188 ἀπαλλάττοιντο
675 2114 739 2187 τοῦ
766 2114 888 2186 κακοῦ·
929 2102 1001 2211 ἀρα
1028 2108 1091 2188 οὖν
1113 2107 1261 2210 ἠδίκησε
1288 2107 1331 2188 τὸ

80 2261 119 2323 15
133 2237 222 2337 φῶς,
241 2230 296 2312 ὅτι
320 2231 505 2338 παρέδειᾷ
530 2229 572 2312 τὸ
597 2239 760 2326 λνποῦν;
789 2227 812 2330 ἢ
836 2236 984 2330 μᾶλλον
1008 2229 1117 2312 ἐκεῖνό
1135 2238 1265 2337 φαμεν,
1283 2235 1332 2316 ὡς

132 2355 311 2456 πλείστην
335 2354 428 2456 ὅσην
449 2357 567 2439 αὐτοῖς
594 2355 739 2435 ἐνεποίει
766 2352 832 2453 τὴν
854 2352 993 2454 ὄνησιν,
1013 2353 1178 2436 ἀπετέλει
1206 2354 1243 2436 δέ
1272 2357 1336 2436 καὶ

132 2479 460 2588 ἀσφαλεστεροος;
496 2479 581 2558 ἀλλ’
602 2475 700 2576 οἶμαι
723 2474 832 2557 τοῦτο’
854 2478 956 2557 ἐστιν
980 2478 1093 2558 οὐδενί
1119 2485 1192 2558 τῶν
1217 2477 1331 2560 ὄντων

133 2602 356 2709 ἀσυμφανές.
397 2601 455 2683 ὅτε
479 2603 598 2681 τοίνυν
616 2599 715 2686 ὄντες
733 2601 951 2703 ἁμαρτωλοί,
969 2600 1156 2685 πλείστοις
1173 2635 1213 2682 τε
1231 2599 1331 2686 ὅσοις

132 2725 339 2828 ἐγκλήμασι
376 2723 652 2829 περιπταίοντες,
685 2720 891 2825 ἐγνώκαμεν
926 2723 984 2804 διὰ
1021 2733 1086 2806 τοῦ
1119 2723 1230 2824 νόμον
1265 2725 1332 2826 τὴν

80 2851 319 2952 ιοάμαρτάιν,
346 2850 413 2954 οὐχ
443 2849 599 2950 ἁμαρτία
625 2853 771 2947 μᾶλλον
799 2848 819 2926 ό
847 2843 953 2946 νόμος
981 2845 1086 2929 νοοῖτ’
1116 2844 1162 2928 ἀν
1189 2848 1331 2934 εἰκότως

133 2972 157 3075 ἢ
175 2972 326 3077 λέγοιτο,
345 2980 489 3053 πολλοῦ
514 3005 556 3074 γε
584 2973 642 3051 καὶ
668 2974 730 3069 δεῖ,
748 2968 1016 3076 παραδεικτικὸς
1038 2971 1076 3051 δέ
1102 2979 1249 3071 μᾶλλον
1268 2978 1331 3074 τῆς

134 3098 318 3201 ἁμαρτίας,
341 3099 389 3182 ὡς
413 3095 518 3203 ἐφην.

134 3323 204 3390 Τιίν
230 3345 265 3389 τε
297 3319 358 3411 τὰρ
389 3320 559 3398 ἐπιθυμίαν
591 3321 650 3386 οὐκ
680 3319 780 3402 είδειν,
808 3317 837 3386 εἰ
868 3323 912 3399 μιί
946 3323 964 3389 ὁ
997 3323 1096 3400 νόμος
1127 3323 1186 3388 οὐκ
1221 3323 1331 3389 ἐπιθυ-

186 3448 300 3526 μείαεια
335 3447 457 3524 ἔλεγεν.
502 3445 657 3535 ἀφορμήν
691 3445 728 3512 δὲ
762 3449 904 3526 λαβοῦσα
939 3448 958 3513 A
1001 3447 1144 3538 ἁμαρτία
1180 3447 1235 3514 διὰ
1269 3451 1363 3522 τείας

83 3586 123 3648 25
185 3576 323 3644 ἐντοκιίο
351 3574 585 3664 κατειρτιίοατο
611 3573 646 3638 ἒν
673 3573 746 3651 ἐμοὶ
774 3578 882 3640 πᾶσαν
908 3573 1091 3652 ἐπιθυμίαν.

194 3723 267 3800 Καὶ
297 3719 340 3799 τὸ
368 3725 432 3820 τῆς
465 3716 637 3824 ἡμετέρας
673 3720 819 3827 φύσεως
850 3721 999 3825 ἀδρανὲς
1028 3722 1249 3827 παρεισάγει,
1278 3722 1332 3803 ότι

137 3848 251 3930 δοθεὶς
279 3847 299 3925 ὃ
327 3845 435 3942 νόμος
459 3849 508 3930 είς
536 3843 673 3945 ὄνησιν,
691 3845 953 3941 ἐπεβούλευσεν
980 3845 1170 3946 ἀδοκίγτως,
1198 3850 1246 3932 ὦς
1275 3849 1333 3927 καί

137 3977 211 4054 τοῖς
238 3967 302 4050 τὸν
320 3966 514 4075 ὀφθαλμὸν
538 3970 734 4048 ἀσθενοῦσι
754 3976 819 4048 τοῦ
842 3969 945 4066 ἡλίου
972 3967 1014 4049 τδ
1037 3976 1128 4075 φῶς.
1167 3968 1254 4050 ὅταν
1271 3971 1334 4050 οὖν

139 4093 230 4199 λε’γη
258 4089 409 4200 ἀφαρμῆν
438 4098 515 4175 ταῖς
537 4093 736 4189 ἐπιθυμίαις
755 4089 891 4194 τρόπον
908 4091 987 4172 τινὰ
1014 4092 1080 4193 τὴν
1105 4090 1254 4193 ἐντολὴν
1271 4128 1331 4196 γε·

83 4219 324 4320 3ογενῆσθαι,
342 4218 463 4315 μηδείς
485 4221 696 4318 κατηγορεῖν
723 4213 832 4294 αὐτὸν
850 4214 981 4295 οίέσθω
1005 4223 1070 4295 τοῦ
1095 4214 1215 4314 νόμου,
1234 4215 1335 4296 ἀλλά

177 4393 201 4431 1
220 4375 234 4427 ί
276 4374 283 4394 ’
319 4374 420 4428 ιντοΑ.
596 4373 1023 4468 αούδεείεαςιυαιριααιειΑ
1209 4394 1250 4434 ιο.
1268 4375 1332 4502 μὴν]

140 4453 171 4514 4
185 4447 228 4500 καί
268 4444 415 4500 ‚invitoA
581 4461 621 4502 ια.
639 4447 754 4500 ίοῦσιΑ.
918 4463 963 4572 ὦ.
980 4445 1168 4532 νπερφιροιντο
1180 4449 1221 4504 καί
1233 4450 1324 4504 om

139 4515 285 4588 14fip'A.
429 4531 472 4569 αι.
492 4515 576 4584 παροδ
510 4509 833 4584 αραοιικταὸεειαιαδονί
845 4525 906 4587 pout
973 4517 1075 4590 Migne.
1086 4518 1334 4592 παραδικτικδςΕδ.

139 4605 237 4659 23-p
250 4586 346 4658 198‚9.
367 4585 441 4640 Haec
454 4588 712 4644 ιςοοειοταιιιιιΑ.
726 4588 761 4644 ef.
775 4587 892 4652 Cramer,
906 4605 933 4658 p
944 4587 1003 4662 169.
