3280 5142
300 361 321 422 8
603 361 643 426 B.
667 361 877 426 CYRILLI
907 359 1196 428 ALEXANDR.
1359 361 1434 426 xvii.
1450 378 1502 446 25.

301 523 462 623 δύναμιν,
489 529 548 606 καὶ
577 525 631 607 ὅτι
660 527 896 631 προέγνωστο
926 529 991 626 μὲν
1020 534 1072 636 τῷ
1093 532 1177 636 Θεῷ
1205 529 1264 607 καὶ
1290 527 1410 628 Πατρὶ
1438 528 1503 624 τῆς

302 649 471 754 ἡμετέρας
489 653 669 755 σωτηρίας
687 652 710 751 ῆ
729 651 821 749 ὁδὸς,
840 653 863 752 ῆ
881 651 940 733 διὸ
958 657 1022 752 τῆς
1045 661 1108 733 τοῦ
1134 658 1299 756 Χριστοῦ
1322 651 1503 750 μεσιτείας

270 774 551 875 ᾱτετελεσμένη.
590 772 696 875 ἐδόθη
724 775 789 875 μέν
811 777 874 856 οῦν
904 779 967 856 οῦκ
990 780 1029 857 έν
1055 779 1183 883 ἀρχαῖς
1208 783 1282 860 τοῖς
1309 777 1366 856 ε’πὶ
1393 774 1503 877 γῆςῆ

303 905 450 1002 γνῶσις,
483 897 581 979 ἀλλά
608 902 802 1003 παρεισέδυ
833 899 940 1002 νόμος
970 903 994 980 ῦ’
1023 899 1254 1004 παιδαγωγὸς
1286 905 1350 1000 τῆς
1381 897 1503 979 ε’νθέου

302 1023 493 1120 πολιτείας,
512 1023 742 1105 διαπλάττων
764 1024 849 1124 ῆμῖν
868 1023 1029 1127 ἀμυδρὰν
1052 1027 1090 1104 έν
1114 1027 1238 1108 τύποις
1266 1020 1332 1118 τῆν
1354 1023 1535 1122 ε’ίδησιν,5

303 1151 413 1255 καιρῷ
439 1150 491 1256 τῷ
516 1147 688 1251 πρέποντι
713 1148 779 1250 τὴν
797 1147 856 1229 διὸ
880 1159 944 1229 τοῦ
964 1153 1131 1251 Σωτῆρος
1148 1145 1375 1248 τηρήσαντας
1397 1146 1504 1250 χάριν

302 1281 366 1353 τοῦ
394 1277 492 1352 θεοῦ
522 1275 580 1352 καὶ
611 1271 769 1375 Πατρός.
823 1273 1020 1373 λυσιτελὴς
1048 1271 1086 1353 δέ
1111 1273 1258 1377 σφόδρα
1287 1271 1392 1370 καὶὴ
1420 1273 1504 1373 περὶ

301 1395 438 1476 τούτων
469 1397 553 1496 ἡμῖν
584 1397 817 1502 ἀναφαίνεται
848 1403 984 1500 γνῶσις
1015 1394 1106 1498 πρὸς
1138 1395 1341 1475 κατάλυσιν
1368 1394 1506 1499 ὀφρύος

300 1521 496 1620 Ἰουδαϊκῆς
523 1522 582 1600 καὶ
608 1521 844 1626 φρυάγματος
871 1521 1021 1600 ἀνοσίου
1043 1525 1116 1599 τῶν
1141 1519 1184 1626 ἐξ
1199 1515 1364 1621 Ἰσραὴλ,
1384 1551 1502 1616 συνη-

302 1653 421 1749 γορεῖν
457 1643 637 1744 ἑλομένων
673 1651 783 1725 εἰσαεὶ
818 1651 870 1753 τῷ
907 1643 1005 1753 νόμερ
1040 1648 1098 1724 καὶ
1136 1644 1195 1725 ὅτε
1234 1647 1297 1742 τῆς
1335 1641 1504 1742 ἀληθείας
1521 1685 1560 1725 ιο

301 1769 490 1873 παρούσης
521 1767 606 1871 παρ’
640 1768 742 1849 οῦδὲν
773 1768 844 1850 ἔδει
874 1767 1004 1850 λοιπὸν
1032 1774 1214 1850 ποιεῖσθαι
1242 1765 1326 1852 τοῦς
1357 1765 1504 1853 τύπους.

302 1891 562 2000 χρησιμωτάτη
588 1891 625 1973 δὲ
650 1889 798 2000 σφόδρα
823 1896 882 1973 καὶ
909 1891 1000 1996 πρὸς
1028 1893 1093 1992 τῆν
1111 1900 1182 1974 τῶν
1200 1891 1328 1995 έτέρων
1346 1892 1501 1994 ἀνατρο-

303 2016 387 2117 πῆν,
419 2017 588 2116 οίομένων
624 2015 680 2096 ότι
716 2015 932 2122 πρόσφατος
968 2016 1053 2116 ἡμῖν
1089 2018 1148 2096 καὶ
1186 2015 1248 2096 νέα
1283 2011 1403 2113 βουλὴ
1440 2022 1506 2095 τοῦ

307 2137 453 2244 Πατρὸς
483 2139 550 2239 τῆν
581 2149 645 2220 τοῦ
674 2141 873 2243 μυστηρίου
904 2140 1055 2238 δύναμιν
1086 2137 1393 2247 ε’ξεμηχανήσατο.
1445 2138 1505 2220 διὰ

304 2274 411 2345 τοῦτο
433 2267 491 2344 καὶ
517 2265 707 2348 ὸΠαῦλος
733 2262 800 2364 τὴν
825 2269 897 2344 τῶν
920 2265 1014 2344 οὕτω
1042 2264 1289 2363 διατιθεμένων
1316 2261 1505 2370 ῦπόληφιν
1521 2301 1559 2362 15

135 2392 470 2492 1006Δ.αάναιρῦν,
506 2388 577 2495 ἔφη
613 2422 684 2468 που
729 2391 811 2491 περὶ
847 2394 1024 2492 Χριστοῦ·
1076 2386 1131 2468 ὅτι
1166 2389 1402 2490 προέγνωστο
1438 2383 1505 2485 μέν

135 2529 152 2630 1¹.
164 2515 259 2630 ³3'P0‘·
308 2525 330 2564 ‘⁶
347 2511 420 2616 πρὸ
445 2516 652 2612 καταβολῆς
675 2511 846 2613 κόσμου,”
866 2512 1116 2619 πεφανέρωται
1139 2510 1252 2614 γεμῆν
1276 2515 1314 2592 ἐν
1337 2511 1505 2617 ἐσχάτοις

305 2647 370 2720 τοῦ
387 2645 512 2722 αίῶνος
528 2645 672 2742 καιροῖς.

361 2762 582 2863 Σημειωτέον
610 2761 648 2842 δέ
676 2760 731 2840 ὅτι
749 2759 920 2841 δεδόσθαι
948 2764 1064 2867 φησὶν
1086 2762 1200 2869 ἑαυτῷ
1227 2758 1328 2864 παρά
1347 2757 1504 2865 Πατρός,

305 2888 432 2971 αὐτούς
459 2920 498 2966 τε
519 2883 602 2970 τοῦς
627 2883 790 2984 μαθητὰς
815 2888 873 2964 καὶ
898 2883 951 2979 τῆν
971 2881 1070 2992 δόξαν
1088 2881 1154 2983 τῆν
1173 2889 1352 2987 θεοπρεπῆ
1378 2887 1437 2966 καὶ
1460 2883 1504 2964 τὸ
1520 2924 1561 2966 αο

305 3008 397 3090 κατὰ
427 3009 574 3089 πάντων
604 3007 745 3111 κράτος,
775 3009 817 3087 οῦ
848 3007 939 3089 καθὸ
969 3008 1080 3114 φύσει
1110 3015 1238 3088 νοεῖται
1269 3008 1363 3093 Θεὸς
1391 3011 1412 3088 ὁ
1440 3013 1506 3108 τῆς

306 3133 415 3239 δόξης
451 3131 593 3235 Κύριος,
623 3135 682 3211 καὶ
719 3133 889 3216 οὐσιῶδες
920 3131 1012 3238 ἔχων
1044 3131 1085 3213 τὸ
1118 3131 1315 3229 βασιλικὸν
1347 3133 1503 3240 ἀξίωμα·

305 3265 451 3357 μᾶλλον
470 3257 507 3337 δέ
525 3255 615 3337 καθὸ
638 3256 796 3364 πέφηνεν
814 3255 1012 3359 ἅνθρωπος,
1032 3254 1061 3366 ᾧ
1082 3257 1202 3338 πάντα
1220 3258 1300 3336 ἐστὶ
1328 3257 1507 3337 θεόσδοτα

306 3383 364 3460 καὶ
383 3382 446 3461 οῦκ
471 3381 516 3488 ἐξ
537 3381 626 3465 ίδίας
644 3379 801 3486 φύσεως.
841 3381 961 3461 πάντα
980 3380 1051 3483 γὰρ
1067 3383 1114 3487 τῆ
1138 3381 1254 3461 κτίσει
1274 3379 1372 3484 παρὸ
1391 3386 1502 3460 Θεοῦ·

306 3505 397 3584 ’ίδιον
421 3501 459 3585 δέ
487 3504 582 3589 ὅλως
610 3502 712 3585 οὐδέν
739 3506 778 3584 έν
805 3506 906 3610 αὐτῇ,
933 3504 1000 3586 κάν
1029 3505 1169 3612 ἔχουσά
1197 3540 1232 3586 τι
1258 3512 1331 3586 τῶν
1357 3508 1506 3608 ἀγαθῶν
1523 3543 1561 3604 ²5

306 3628 544 3736 διαφαίνηται.

256 3891 293 3950 25
308 3875 418 3966 Πάτερ
450 3874 564 3958 δίκαιε,
597 3875 646 3941 καὶ
676 3879 695 3944 ὁ
727 3879 847 3954 κόομοε
879 3901 915 3944 οε
946 3880 1004 3944 οὐκ
1035 3877 1129 3960 ἔτνω,
1160 3877 1226 3954 ἒτὼ
1257 3878 1293 3945 δέ
1325 3901 1361 3946 οε
1389 3879 1506 3962 ἔτνων,

273 3990 294 4054 b
514 4003 567 4070 καί
595 4005 686 4071 αὐτοὶ
713 4005 858 4081 ἓτνωοαν
885 4007 935 4073 ὅτι
962 4009 999 4072 οὐ
1025 4030 1065 4084 με
1092 4006 1298 4073 ἀπέστειλας.
1626 4043 1627 4081 η

365 4179 514 4259 Δίκαιον
537 4180 576 4257 έν
602 4176 740 4261 τούτοις
764 4181 941 4259 ἀποκαλεῖ
967 4177 1031 4261 τὸν
1057 4179 1205 4287 Πατέρα,
1233 4181 1347 4259 καίτοι
1379 4176 1506 4282 ἑτέρως

306 4299 415 4380 αὐτὸν
449 4300 626 4399 ὀνομάσαι
663 4293 864 4400 δυνάμενος.
917 4307 977 4383 καὶ
1009 4303 1081 4406 γάρ
1111 4306 1211 4384 ε’στιν
1250 4302 1361 4401 ὅσιος,
1392 4302 1505 4405 ἅγιος,
1521 4343 1562 4400 3ο
1625 4349 1626 4386 τ

306 4423 487 4526 ἀμίαντος,
505 4428 654 4528 κτίστης
682 4428 741 4506 καὶ
769 4425 993 4530 δημιουργὸς,
1011 4430 1070 4508 καὶ
1095 4426 1235 4533 ὅσαπερ
1253 4426 1299 4508 διν
1315 4427 1437 4533 πρέπη
1458 4435 1506 4534 τῇ

711 4628 737 4684 5·
757 4613 816 4685 ἡμῖν
827 4623 997 4687 assumptum
1012 4634 1044 4671 ex
1058 4615 1089 4670 E.
