3244 5146
306 299 371 364 536
538 303 579 368 Β.
603 304 794 400 CYRILLI
820 308 1088 373 ALEXANDR.
1112 309 1282 374 FRAGM.

306 464 443 530 arbitror
465 471 499 530 et
530 466 622 533 valde
652 471 774 534 merito.
830 470 1008 555 Oportebat
1030 471 1114 535 enim
1138 469 1302 556 oportebat
1327 469 1509 535 memoriam

140 579 247 630 runca.
257 596 282 632 v.
306 565 420 632 babere
440 571 630 636 sanctissimi
645 572 745 652 Pauli,
762 572 853 657 plane
876 574 1041 639 scribentis
1061 574 1152 638 nobis
1175 575 1317 638 “Estote
1339 575 1510 656 prudentes

140 658 178 702 ar,
189 659 227 694 ιι.

306 677 326 708 “
341 672 566 738 nummularii:
599 677 705 739 omnia
726 677 864 760 probate,
887 678 972 760 quod
992 678 1112 742 bonum
1133 681 1325 741 esttenete:
1359 676 1400 741 ab
1422 677 1508 741 omui

306 780 325 812 “
342 775 443 858 specie
462 777 547 840 mala
566 777 722 843 abstinete
739 779 827 843 vos.’'
872 779 966 844 Quod
989 785 1022 844 et
1043 803 1137 863 agere
1156 779 1242 844 soliti
1262 801 1319 844 nos
1338 785 1371 843 et
1393 777 1508 843 solido-

305 897 377 940 rum
398 881 578 962 probatores
600 881 717 945 imitari
733 881 927 962 festinantes,
943 883 997 947 illa
1011 884 1139 968 quidem
1157 905 1237 968 quae
1259 889 1334 948 sunt
1354 885 1462 967 turpia
1478 887 1538 949 et5

305 981 437 1064 reproba
461 981 612 1068 dogmata
641 986 851 1069 reprobamur,
880 985 1067 1070 suscipimus
1089 1009 1163 1052 vero
1192 992 1226 1052 et
1253 987 1344 1050 valde
1372 987 1510 1050 libenter

305 1084 412 1148 omnia
427 1109 506 1170 quae
526 1089 726 1172 resplendent
746 1090 829 1153 clara
842 1090 986 1155 veritatis
1006 1090 1249 1174 pulchritudine.
1295 1090 1419 1154 Iterum
1433 1113 1508 1155 vero

305 1187 396 1252 nobis
410 1190 491 1254 ratio
505 1197 705 1256 convertetur
719 1193 759 1256 ed
774 1193 935 1256 decentem
949 1193 978 1256 ei
994 1199 1027 1257 et
1040 1193 1233 1276 propositam
1248 1193 1343 1258 viam.

350 1291 509 1377 Scriptum
521 1299 569 1358 est
579 1295 681 1380 igitur
691 1295 772 1360 bono
781 1295 881 1360 'Pheo-
977 1296 1096 1380 Scripti
1131 1301 1206 1360 sunt
1240 1319 1259 1360 a
1290 1317 1408 1380 magno
1438 1298 1507 1387 2¹33

305 1393 380 1458 doro
403 1396 551 1460 adversus
580 1398 721 1462 haeresin
745 1398 880 1462 Ariano—
931 1397 1094 1462 Theodoro
1123 1397 1271 1462 adversus
1300 1398 1505 1462 Atrianorum
1523 1421 1557 1459 10

305 1519 376 1560 rum
405 1504 437 1562 et
462 1499 733 1565 Eunomianorum
760 1501 881 1586 viginti
931 1505 962 1565 et
988 1501 1260 1564 Eunomianorum
1289 1499 1429 1564 haereses
1459 1500 1506 1564 ri-

303 1621 383 1683 pene
403 1623 533 1666 numero
547 1603 598 1668 vel
612 1603 778 1688 ampliores
796 1603 879 1682 libri,
930 1603 1016 1686 giuti
1052 1603 1134 1667 forte
1171 1609 1205 1667 et
1234 1603 1338 1668 adhue
1370 1603 1507 1686 amplius

304 1724 426 1768 necnon
441 1706 537 1770 etiam
557 1706 621 1784 alii,
637 1706 880 1790 interpretantes
931 1706 1003 1770 libri
1023 1711 1056 1770 et
1078 1706 1140 1770 alia
1160 1711 1284 1789 praeter
1306 1705 1381 1769 haec
1398 1705 1506 1769 Evan-

304 1807 502 1890 evangelicos
519 1813 552 1872 et
565 1809 751 1891 apostolicos
764 1809 877 1873 libros:
929 1809 1031 1894 gelice
1053 1814 1086 1873 et
1108 1807 1291 1893 Apostolica
1315 1807 1432 1891 scripta
1457 1809 1508 1872 in·

303 1930 380 1992 quo
391 1909 516 1992 quidem
527 1909 647 1975 labores
659 1911 756 1976 nollet
766 1912 879 1996 aliquis
928 1917 1120 1995 terpretatus
1140 1917 1196 1977 est.
1241 1912 1286 1976 Et
1305 1911 1363 1975 hos
1378 1909 1504 1995 quidem
1523 1930 1556 1989 15

302 2011 472 2095 increpare,
495 2013 598 2096 magis
623 2019 729 2078 autem
755 2013 879 2080 decreto
928 2015 1049 2080 labores
1070 2014 1178 2078 nullus
1198 2036 1293 2078 ausus
1314 2020 1384 2078 est·
1406 2014 1507 2078 inere-

303 2114 443 2178 stndium
467 2115 640 2195 honoraret,
657 2117 684 2180 si
704 2115 820 2182 inesset
833 2117 879 2182 eis
928 2141 1001 2202 pare
1019 2118 1072 2181 sed
1089 2119 1199 2182 dextro
1214 2117 1338 2181 decreto
1353 2117 1507 2181 bonorare

302 2213 487 2300 dogmatum
503 2219 667 2284 rectitudo.
928 2221 1069 2284 studium
1116 2225 1272 2284 rectorum
1316 2219 1505 2304 dogmatum

927 2323 1011 2409 quod
1032 2323 1066 2386 in
1088 2322 1133 2386 eis
1155 2327 1212 2387 est.

348 2421 382 2484 Si
394 2445 468 2488 vero
479 2425 608 2508 quidam
620 2431 710 2489 extra
719 2425 913 2490 destinatum
928 2426 1078 2503 ambulet,
1088 2430 1121 2490 et
1135 2431 1252 2490 rectam
1262 2424 1347 2487 viem
1358 2425 1505 2488 veritatis
1519 2452 1555 2492 ro

301 2523 489 2609 relinquens,
506 2549 561 2610 per
581 2528 726 2592 semitam
746 2532 798 2592 eat
816 2529 995 2606 distortam,
1018 2528 1303 2612 simpliciorumque
1324 2527 1418 2592 corda
1432 2528 1503 2592 vul·

302 2634 401 2707 neret,
418 2629 664 2695 adulteratorum
685 2630 730 2695 eis
752 2630 896 2715 injiciens
916 2631 1134 2695 intellectuum
1155 2632 1282 2708 semina,
1298 2637 1376 2694 tunc
1398 2633 1503 2715 requi·

303 2752 404 2795 escere
418 2755 482 2797 non
498 2733 565 2797 sine
576 2735 691 2797 damno
706 2733 767 2797 erit
782 2734 826 2798 eis
841 2735 895 2820 qui
907 2734 1031 2818 populis
1045 2734 1231 2818 praesident,
1245 2733 1416 2796 mercedem
1429 2756 1504 2798 vero

302 2833 465 2898 habebunt
483 2842 515 2899 et
534 2836 668 2914 lucrum,
684 2836 709 2900 si
725 2837 882 2901 resistant.
927 2839 1014 2922 Ergo
1029 2836 1177 2922 quoniam
1199 2835 1232 2898 in
1255 2835 1305 2900 bis
1326 2836 1414 2900 libris
1436 2837 1505 2901 sive

302 2937 467 3001 memorati
493 2937 553 3002 viri
580 2939 763 3024 conscriptis
785 2963 864 3024 quae
888 2942 980 3005 modo
1007 2937 1248 3016 nominavimus,
1270 2939 1401 3002 inventa
1426 2947 1504 3004 sunt
1520 2963 1554 3021 ²5

302 3041 454 3124 quaedam
477 3042 607 3106 ultimae
631 3043 804 3127 impietatis
829 3044 931 3128 plena,
949 3044 1104 3128 quomodo
1126 3046 1193 3107 erat
1215 3063 1404 3126 consequens
1422 3042 1504 3106 velle

302 3145 428 3208 tacere?
455 3142 580 3210 Dividit
600 3147 686 3210 enim
707 3147 907 3212 individuum
923 3146 1086 3210 Christum
1102 3152 1133 3209 et
1148 3169 1204 3230 pro
1219 3167 1282 3209 uno
1298 3145 1377 3209 Filio
1399 3145 1502 3209 duali-

301 3251 402 3309 tatem
417 3247 488 3310 colit
499 3271 519 3311 a
529 3249 662 3312 veritate
678 3250 872 3314 excidentem
884 3255 916 3314 et
930 3248 1019 3334 quasi
1033 3249 1119 3313 falsis
1130 3248 1310 3312 nominibus
1321 3247 1501 3314 coloratam.

303 3348 385 3411 Nam
401 3349 503 3412 Deum
519 3351 657 3415 Verbum
677 3353 741 3416 (lui
763 3376 800 3416 ex
818 3354 886 3418 Deo
905 3353 997 3417 Patre
1020 3357 1079 3431 est,
1102 3353 1261 3417 hominem
1285 3351 1388 3415 vocari
1410 3351 1501 3430 dicit,

300 3473 365 3514 non
379 3456 486 3515 tamen
506 3459 538 3517 et
558 3453 618 3518 hoo
635 3455 754 3519 fectum
768 3479 834 3520 esse
856 3457 1027 3521 secundum
1043 3455 1227 3532 veritatem
1248 3454 1408 3518 hominem
1425 3477 1500 3517 vero
1515 3487 1554 3544 30

302 3577 373 3618 cum
399 3555 455 3640 qui
480 3579 518 3619 ex
541 3556 645 3620 Maria
667 3564 724 3635 est,
748 3558 829 3624 sicut
852 3559 930 3624 dicit
954 3581 1048 3644 quem
1072 3564 1105 3623 et
1128 3579 1253 3622 carnem
1279 3563 1383 3621 astute
1408 3555 1501 3622 nobis

339 3785 362 3822 1.
382 3767 521 3839 oportebat
533 3769 581 3822 alt.
594 3776 750 3839 assumptum
763 3788 793 3823 en
805 3770 842 3835 D,
857 3769 958 3826 Bellov.
972 3771 999 3825 in
1014 3770 1107 3825 Belua.
1294 3785 1321 3840 3.
1339 3769 1448 3823 retinete
1461 3769 1499 3824 D.

301 3858 328 3905 4.
347 3857 395 3893 vos
408 3839 652 3893 abstineteiaoerso
664 3840 755 3894 ordine
769 3842 803 3904 D,
818 3840 920 3896 llellov.
968 3841 1135 3896 soliditorum
1148 3840 1185 3895 D.
1229 3911 1235 3922 .
1306 3839 1368 3963 ἰ,8.
1388 3857 1499 3894 conver-

301 3909 1063 4062 {ttulitttltlnmt'retentet
1074 3910 1500 4064 ttttpfftt‘t'ltstttf

300 4068 355 4103 rnr.
369 4050 395 4104 6.
505 4068 546 4104 10.
567 4051 684 4106 heresem
697 4053 861 4106 arrianorum
876 4052 912 4106 D.
1022 4068 1063 4118 15.
1080 3999 1228 4122 equnrdl).
1339 4050 1500 4105 16.decreto

301 4118 376 4174 detro
396 4119 497 4175 Bellus.
516 4121 620 4176 decreto
639 4131 727 4176 vestro
748 4123 783 4186 D,
802 4121 908 4176 decreto
927 4121 979 4177 Ed.
1015 4123 1097 4176 Recte
1114 4129 1143 4175 ut
1161 4123 1263 4176 videtur
1280 4118 1374 4174 dextro
1392 4119 1500 4174 decreto

301 4191 401 4244 rebitet
414 4191 559 4246 Facundus.
720 4193 736 4227 *
757 4193 798 4247 De
810 4192 852 4245 his
865 4193 952 4247 verbis
965 4191 1150 4247 animadvertit
1163 4189 1319 4272 Gellandius
1332 4191 1360 4244 in
1372 4191 1432 4257 loe,
1447 4191 1502 4244 Sed

301 4261 374 4329 lonpe
386 4261 537 4332 discrepans
549 4269 573 4316 et
583 4263 685 4317 diuersa
697 4270 736 4316 est
747 4263 840 4332 synodi
852 4263 938 4326 lectio,
948 4264 986 4315 ita
999 4270 1027 4315 ul
1042 4263 1199 4316 Theodorum
1207 4269 1388 4332 perstnupaul
1403 4263 1498 4331 Cyrrllr

300 4332 386 4397 oeta,
427 4349 475 4384 uae
498 4333 546 4385 too
566 4335 621 4386 loco
643 4333 680 4385 ad
703 4335 757 4401 ejus
780 4334 890 4397 laudem,
908 4340 1041 4404 postrenm
1084 4339 1141 4385 arte
1165 4333 1267 4396 omissa,
1292 4333 1498 4400 transferuntur.

301 4415 344 4453 ιι.
363 4350 531 4471 satistuto)
548 4403 581 4458 l).
670 4419 712 4457 ra.
732 4403 838 4457 initiens
853 4405 888 4458 D.
937 4404 1049 4457 seminat
1061 4351 1134 4456 bunc
1148 4402 1183 4456 D.
1270 4417 1312 4471 23.
1330 4401 1447 4472 dampno
1461 4403 1498 4457 D.

301 4485 343 4593 αἲ.
363 4472 384 4524 si
398 4473 497 4594 ome.
624 4472 666 4526 26.
684 4471 752 4542 erat]
766 4483 792 4527 et
806 4473 841 4530 D.
968 4489 1010 4544 27.
1030 4472 1139 4527 Diridet
1152 4473 1256 4528 Suriua.
1383 4490 1427 4544 3¹·
1446 4491 1498 4544 que

299 4557 416 4594 ecarne
459 4581 465 4596 .
