3284 5130
305 355 348 418 92
609 352 649 419 B.
673 349 883 418 CYRILLI
912 348 1206 415 ALEXANDR.
1309 349 1373 416 xix.
1388 351 1439 428 26,
1454 365 1507 434 27.

305 519 540 612 δυσβουλίας·
590 516 743 620 ἁρμόσει
770 516 842 619 γὰρ
869 512 990 614 μόνοις
1017 523 1090 600 τοῖς
1118 513 1354 615 ἀπόπληκτον
1381 515 1508 619 ἔχουσι

276 639 372 741 θοὴν
390 641 558 740 διανοίαν,
575 641 617 721 τὸ
636 640 727 744 πρὸς
746 649 852 721 τοῦτο
869 639 1004 743 μωρίας
1024 643 1266 720 κατολισθεῖν.
1304 640 1342 718 τί
1356 640 1417 718 οὖν
1436 637 1508 742 ἄρα

305 771 378 845 τῶν
404 765 595 870 χρησίμων
622 762 802 868 εἰργάζετο
830 763 889 843 διά
909 762 1037 843 τούτου
1055 761 1241 864 Χριστός;
1278 762 1509 865 πρῶτονμὲν

304 885 413 968 ε’κεῖνό
432 896 563 996 φαμεν,
582 887 637 968 ὅτι
655 886 805 988 μάθημα
824 885 1008 990 κρατύνειν
1027 886 1133 987 ἤθελε
1151 885 1193 967 τὸ
1212 889 1270 966 καί
1293 885 1391 994 νόμῳ
1408 919 1505 966 τετι-

212 1053 218 1064 ·
304 1010 473 1111 μημένον.
504 1011 544 1092 τί
562 1009 634 1115 γάρ
659 1014 680 1091 ὁ
705 1008 764 1092 διά
785 1011 974 1095 Μωυσέως
999 1010 1069 1118 έφη
1095 1005 1256 1109 θεσμός;
1289 1019 1310 1058 “
1324 1011 1424 1110 Τίμα
1441 1007 1542 1100 τὸν5

304 1145 327 1182 “
343 1134 480 1240 πατέρα
504 1169 575 1216 σου
593 1138 652 1214 καί
669 1133 735 1235 τὴν
752 1134 889 1237 μητέρα
912 1167 995 1233 σου,
1014 1135 1071 1214 ἵνα
1093 1133 1212 1215 εδσοι
1229 1131 1409 1236 γένηται.”
1445 1137 1506 1214 καί

303 1259 345 1338 ού
371 1259 476 1364 μέχρι
501 1267 564 1339 τοῦ
586 1258 855 1362 προτρέπεσθαι
880 1261 952 1337 δεῖν
975 1256 1038 1338 τὸν
1060 1259 1119 1338 ε’πὶ
1146 1255 1262 1366 τούτιρ
1290 1254 1403 1359 λόγον
1420 1257 1508 1357 ἡμῖν

303 1382 510 1482 ἐποιήσατο,
539 1383 624 1462 ἀλλ’
644 1383 714 1483 ἤδη
743 1385 801 1462 καί
832 1380 898 1480 τὴν
927 1380 1086 1487 ἐσχάτην
1116 1383 1200 1483 ἡμῖν
1228 1382 1508 1484 προσηπείλησε

303 1507 405 1606 δίκην
421 1514 495 1592 τοῖς
514 1505 564 1606 μὴ
583 1515 690 1586 τοῦτο
709 1510 798 1609 δράν
815 1505 1007 1603 ἑλομένοις·
1034 1507 1073 1585 έν
1089 1505 1160 1613 ἰ’σῳ
1179 1504 1217 1585 δέ
1234 1502 1360 1608 ὥσπερ
1376 1503 1507 1585 τέθεικε

303 1626 406 1738 λόγιρ
424 1629 465 1709 τὸ
489 1635 538 1715 είς
557 1628 652 1709 Θεὸν
672 1631 842 1732 ἁμαρτεῖν
860 1631 918 1709 καί
940 1627 1022 1714 τούς
1044 1628 1136 1709 κατὰ
1157 1628 1281 1732 σάρκα
1300 1628 1503 1732 φύσαντας.
1524 1655 1567 1698 10

136 1768 292 1825 1⁰⁶⁶A·⁸
304 1751 367 1835 τὸν
386 1750 540 1856 μὲνγὰρ
560 1753 754 1859 δύσφημον
774 1755 793 1832 ὃ
813 1751 921 1852 νόμος
939 1753 1005 1854 τὴν
1021 1755 1079 1834 ἐπὶ
1103 1751 1245 1862 θανάτῳ
1264 1757 1395 1860 ψῆφον
1413 1755 1503 1833 ὑπο-

136 1869 205 1984 ἓξ·
216 1932 253 1986 ¹⁶·
304 1876 421 1977 μένειν
440 1876 652 1957 κεκέλευκεν·
681 1887 704 1924 “
718 1874 929 1980 Ὀνομώζων
946 1875 1029 1981 γὰρ,
1050 1881 1157 1984 φησί,
1175 1874 1218 1958 τὸ
1237 1876 1351 1975 ὄνομα
1372 1876 1508 1979 Κυρίου

306 2012 328 2050 “
347 1998 490 2108 θανάτῳ
516 1999 786 2081 θανατούσθω·”
830 2000 893 2082 τὸν
923 2001 961 2081 δέ
988 2007 1063 2086 τοῖς
1090 2010 1257 2103 γονεῦσιν
1285 2004 1421 2105 ἀκρατῆ
1449 2005 1509 2080 καὶ

305 2123 480 2230 ἀχάλινον
508 2123 743 2229 ἐξοπλίζοντα
771 2132 954 2227 γλῶσσαν
981 2133 1059 2209 ταῖς
1087 2123 1325 2224 ίσοστιίθμοις
1354 2125 1509 2206 ὑπετίθει

232 2343 239 2358 ι
306 2253 457 2333 ποιναῖς·
488 2257 509 2294 “
523 2250 572 2328 ‘0
587 2255 799 2351 κακολογῶν
814 2247 896 2351 γάρ,
911 2252 1015 2354 φησί,
1028 2247 1199 2352 πατέραῆ
1214 2249 1350 2352 μητέρα
1364 2247 1508 2356 θανάτῳ
1524 2275 1564 2336 15

306 2382 328 2420 “
346 2371 582 2452 τελευτάτω.”
621 2367 698 2451 είτα
719 2370 901 2472 τοσαύτην
925 2381 988 2452 τοῦ
1017 2371 1210 2471 νομοθέτου
1238 2372 1345 2472 τιμὴν
1372 2371 1504 2454 ἀπονέ·

303 2501 437 2597 μεσθαι
464 2500 537 2575 δεῖν
554 2493 803 2600 διατεταχότος
832 2497 915 2598 παρ’
937 2497 1037 2594 ἡμῶν
1064 2503 1138 2581 τοῖς
1166 2494 1324 2602 φύσασι,
1341 2504 1418 2582 πῶς
1440 2499 1507 2577 οὐκ

305 2620 374 2700 ἔδει
410 2618 477 2720 τὴν
507 2620 600 2699 οὕτω
638 2618 831 2720 διαβόητον
861 2618 1012 2718 ἐντολὴν
1043 2623 1102 2699 καὶ
1131 2628 1208 2705 ταῖς
1238 2629 1304 2701 τοῦ
1338 2624 1508 2723 Σωτῆρος

304 2741 542 2848 κρατύνεσθαι
560 2741 713 2849 ψόφοις,
733 2747 790 2822 καί
809 2743 950 2846 ἐπείπερ
970 2744 992 2843 ἡ
1010 2742 1147 2828 παντὸς
1173 2747 1311 2847 ἀγαθοῦ
1334 2748 1391 2825 καί
1413 2742 1509 2824 ἀπά-

269 2877 374 2966 ίισης
402 2870 528 2969 ἀρετῆς
557 2867 631 2947 ίδέα
659 2866 717 2946 διὰ
744 2867 890 2969 πρώτου
919 2867 1119 2972 κεχώρηκεν
1147 2868 1266 2966 αὐτοῦ,
1295 2868 1333 2948 τί
1356 2866 1407 2968 μὴ
1429 2876 1509 2953 ταῖς
1525 2899 1566 2940 20

304 2989 436 3073 ἀλλοις
469 2991 609 3070 συνέθει
643 2993 701 3070 καὶ
734 2989 853 3090 αύτής
898 2989 1032 3094 τρόπος
1068 2991 1141 3095 γὰρ
1174 2991 1285 3076 ὅντως
1322 2994 1449 3095 ἀρετῆς
1487 2993 1508 3071 ό

305 3113 603 3218 τιμαλφέστατος
621 3115 643 3213 ἡ
662 3119 711 3197 είς
729 3111 856 3217 γονέας
875 3115 969 3216 τιμή.
1007 3112 1049 3195 τὸ
1070 3114 1108 3195 δὲ
1127 3114 1176 3215 μὴ
1195 3114 1378 3220 πάρεργον
1395 3122 1507 3197 ποιεῖ-

304 3243 394 3316 σθαι
426 3235 492 3336 τὴν
521 3243 570 3321 είς
602 3234 730 3323 αὐτούς
760 3239 958 3340 ἀγάπησιν,
989 3235 1057 3318 κᾶν
1085 3237 1265 3345 ἀφόρητοί
1294 3273 1386 3323 τινες
1414 3239 1509 3338 ἡμᾶς

303 3360 546 3464 περικλύζωσι
571 3365 770 3471 συμφοραὶ,
790 3360 901 3442 πόθεν
925 3359 970 3462 ἦν
988 3362 1067 3443 εῖπέ
1088 3397 1150 3461 μοι
1177 3368 1313 3463 μαθεῖν,
1333 3368 1361 3442 εί
1389 3361 1439 3463 μὴ
1470 3364 1509 3442 ε’ν

303 3484 436 3592 πρώτῳ
464 3490 522 3565 καί
550 3484 610 3564 διὰ
636 3485 780 3589 πρώτου
799 3491 993 3591 Χριστοῢ;
1034 3487 1182 3590 ἀριστος
1210 3485 1282 3590 γὰρ
1309 3489 1456 3587 ἀληθῶς
1486 3487 1565 3575 625

303 3614 378 3688 τῶν
404 3609 517 3710 ἁγίων
540 3609 817 3710 διαμεμνημένος
844 3611 1012 3706 έντολῶν,
1038 3612 1096 3689 καί
1124 3615 1188 3711 τῆς
1215 3620 1280 3691 τοῦ
1306 3610 1507 3715 πρέποντος

304 3730 418 3835 θήρας
442 3733 506 3813 ούκ
531 3731 783 3840 έξωθούμενος,
803 3735 908 3838 ούχὸ
930 3736 968 3813 έν
986 3733 1130 3840 γαλήνη
1156 3734 1392 3838 πραγμάτων,
1419 3736 1507 3816 ἀλλ’

274 3859 325 3938 ῦὸ
344 3860 382 3938 έν
400 3864 547 3963 χειμῶνι
565 3860 624 3937 καί
642 3857 799 3938 κλύδωνι
817 3866 923 3938 τοῦτο
940 3855 991 3958 μὴ
1010 3858 1150 3940 παθών.

361 3979 463 4085 Πρὸς
481 3982 525 4062 δέ
538 4014 581 4085 γε
600 3989 673 4067 τοῖς
692 3982 885 4086 εἰρημένοις
913 3981 1052 4063 κάκεῖνό
1075 3988 1181 4091 φημι,
1207 3982 1262 4062 ὅτι
1287 3986 1349 4082 τῆς
1379 3983 1510 4068 οἰκείας

303 4104 439 4210 μητρὸς
475 4104 674 4216 σκανδάλῳ
711 4107 979 4209 περιπεσούσης
1022 4108 1080 4186 καί
1118 4112 1309 4208 λογισμῶν
1346 4105 1510 4212 ἀταξίαις
1524 4139 1567 4196 30

303 4231 585 4336 έμπεφυρμένης,
617 4237 694 4316 πῶς
724 4232 788 4311 ούκ
817 4232 886 4311 ἔδει
916 4238 1081 4334 προνοεῖν
1112 4228 1177 4310 τὸν
1209 4229 1369 4332 Κύριον;
1413 4227 1509 4314 θεὸς

304 4351 377 4456 γάρ
395 4351 446 4434 ών
465 4352 647 4456 ἀληθινὸς,
668 4357 727 4433 καί
749 4361 797 4438 είς
824 4352 870 4435 τά
892 4358 957 4454 τῆς
981 4354 1128 4457 καρδίας
1151 4353 1300 4449 βλέπων
1319 4351 1508 4454 κινήματα,

304 4479 362 4558 καί
391 4475 436 4556 τά
463 4480 502 4557 έν
529 4484 581 4586 τῷ
608 4478 713 4575 βάθει
741 4478 943 4582 γινώσκων,
970 4485 1048 4564 πῶς
1080 4475 1125 4560 οῖν
1149 4477 1307 4582 ἠγνόησε
1337 4476 1401 4564 τὰς
1431 4479 1508 4560 κατ’

699 4615 741 4674 ιδ.
759 4616 815 4674 ταῖς
828 4613 860 4671 Ε.
875 4614 979 4687 Migne.
992 4617 1046 4672 τοῖς
1058 4614 1110 4672 Ed·
