<?xml version="1.0" encoding="UTF-8"?>
<!DOCTYPE html PUBLIC "-//W3C//DTD XHTML 1.0 Transitional//EN"
    "http://www.w3.org/TR/xhtml1/DTD/xhtml1-transitional.dtd">
<html xmlns="http://www.w3.org/1999/xhtml" xml:lang="en" lang="en">
 <head>
  <title>
</title>
<meta http-equiv="Content-Type" content="text/html;charset=utf-8" />
  <meta name='ocr-system' content='tesseract 3.04.00' />
  <meta name='ocr-capabilities' content='ocr_page ocr_carea ocr_par ocr_line ocrx_word'/>
</head>
<body>
  <div class='ocr_page' id='page_1' title='image "./sanctipatrisnos01pusegoog_0376.png"; bbox 0 0 3278 5130; ppageno 0'>
   <div class='ocr_carea' id='block_1_1' title="bbox 113 310 1310 395">
    <p class='ocr_par' dir='ltr' id='par_1_1' title="bbox 113 310 1310 395">
     <span class='ocr_line' id='line_1_1' title="bbox 113 310 1310 395; baseline 0.005 -20"><span class='ocrx_word' id='word_1_1' title='bbox 113 331 213 395; x_wconf 88' lang='lat' dir='ltr'><strong>v.17,</strong></span> <span class='ocrx_word' id='word_1_2' title='bbox 230 312 279 378; x_wconf 91' lang='lat'>18.</span> <span class='ocrx_word' id='word_1_3' title='bbox 324 310 378 376; x_wconf 94' lang='lat' dir='ltr'>IN</span> <span class='ocrx_word' id='word_1_4' title='bbox 403 311 469 377; x_wconf 84' lang='lat' dir='ltr'>EP.</span> <span class='ocrx_word' id='word_1_5' title='bbox 492 311 540 380; x_wconf 94' lang='lat' dir='ltr'>II.</span> <span class='ocrx_word' id='word_1_6' title='bbox 567 311 630 376; x_wconf 87' lang='lat' dir='ltr'>AD</span> <span class='ocrx_word' id='word_1_7' title='bbox 655 311 949 379; x_wconf 80' lang='lat' dir='ltr'><strong>CORINTHIOS.</strong></span> <span class='ocrx_word' id='word_1_8' title='bbox 988 315 1075 390; x_wconf 89' lang='lat' dir='ltr'><strong>LIB.</strong></span> <span class='ocrx_word' id='word_1_9' title='bbox 1098 316 1159 380; x_wconf 88' lang='lat' dir='ltr'>IV.</span> <span class='ocrx_word' id='word_1_10' title='bbox 1246 319 1310 381; x_wconf 85' lang='lat'>353</span> 
     </span>
    </p>
   </div>
   <div class='ocr_carea' id='block_1_2' title="bbox 113 415 1461 581">
    <p class='ocr_par' dir='ltr' id='par_1_2' title="bbox 113 415 1461 581">
     <span class='ocr_line' id='line_1_2' title="bbox 1377 416 1440 469; baseline 0.048 -3"><span class='ocrx_word' id='word_1_11' title='bbox 1377 417 1392 466; x_wconf 83' lang='grc'><strong><em>8</em></strong></span> <span class='ocrx_word' id='word_1_12' title='bbox 1401 416 1440 469; x_wconf 85' lang='grc' dir='ltr'>Μ.</span> 
     </span>
     <span class='ocr_line' id='line_1_3' title="bbox 113 415 1461 581; baseline 0.004 -25"><span class='ocrx_word' id='word_1_13' title='bbox 113 474 285 556; x_wconf 82' lang='grc' dir='ltr'>ἁπάντων</span> <span class='ocrx_word' id='word_1_14' title='bbox 303 476 392 579; x_wconf 79' lang='grc' dir='ltr'>ζωῆς</span> <span class='ocrx_word' id='word_1_15' title='bbox 411 477 547 576; x_wconf 87' lang='grc' dir='ltr'>ύπέστη</span> <span class='ocrx_word' id='word_1_16' title='bbox 563 475 719 557; x_wconf 89' lang='grc' dir='ltr'>θάνατον</span> <span class='ocrx_word' id='word_1_17' title='bbox 737 476 828 557; x_wconf 79' lang='grc' dir='ltr'>κατὰ</span> <span class='ocrx_word' id='word_1_18' title='bbox 845 477 975 581; x_wconf 81' lang='grc' dir='ltr'><strong><em>σάρκα,</em></strong></span> <span class='ocrx_word' id='word_1_19' title='bbox 988 482 1053 558; x_wconf 83' lang='grc' dir='ltr'>’καὶ</span> <span class='ocrx_word' id='word_1_20' title='bbox 1073 481 1184 564; x_wconf 78' lang='grc' dir='ltr'>οὕτως</span> <span class='ocrx_word' id='word_1_21' title='bbox 1202 481 1311 562; x_wconf 83' lang='grc' dir='ltr'>αὐτὸν</span> <span class='ocrx_word' id='word_1_22' title='bbox 1336 415 1375 482; x_wconf 67' lang='lat'>[⁹</span> <span class='ocrx_word' id='word_1_23' title='bbox 1450 417 1461 482; x_wconf 71' lang='lat'><strong>]</strong></span> 
     </span>
    </p>
   </div>
   <div class='ocr_carea' id='block_1_3' title="bbox 55 597 1479 3673">
    <p class='ocr_par' dir='ltr' id='par_1_3' title="bbox 114 597 1315 961">
     <span class='ocr_line' id='line_1_4' title="bbox 114 597 1311 708; baseline 0.005 -29"><span class='ocrx_word' id='word_1_24' title='bbox 114 601 322 706; x_wconf 75' lang='grc' dir='ltr'>ἑγνύκοιριεν·</span> <span class='ocrx_word' id='word_1_25' title='bbox 351 597 450 699; x_wconf 84' lang='grc' dir='ltr'>πλὴν</span> <span class='ocrx_word' id='word_1_26' title='bbox 469 599 540 680; x_wconf 83' lang='grc' dir='ltr'>ἀπὸ</span> <span class='ocrx_word' id='word_1_27' title='bbox 559 609 621 680; x_wconf 83' lang='grc' dir='ltr'>τοῦ</span> <span class='ocrx_word' id='word_1_28' title='bbox 641 604 687 681; x_wconf 78' lang='grc' dir='ltr'>νύν</span> <span class='ocrx_word' id='word_1_29' title='bbox 708 607 765 682; x_wconf 79' lang='grc' dir='ltr'>οὐκ</span> <span class='ocrx_word' id='word_1_30' title='bbox 786 603 830 681; x_wconf 82' lang='grc' dir='ltr'>ίτι</span> <span class='ocrx_word' id='word_1_31' title='bbox 855 604 1075 708; x_wconf 74' lang='grc' dir='ltr'><strong><em>γινώσκομεν·</em></strong></span> <span class='ocrx_word' id='word_1_32' title='bbox 1105 611 1134 683; x_wconf 86' lang='grc' dir='ltr'>εί</span> <span class='ocrx_word' id='word_1_33' title='bbox 1158 604 1230 708; x_wconf 82' lang='grc' dir='ltr'>γάρ</span> <span class='ocrx_word' id='word_1_34' title='bbox 1253 612 1311 686; x_wconf 85' lang='grc' dir='ltr'>καὶ</span> 
     </span>
     <span class='ocr_line' id='line_1_5' title="bbox 114 722 1311 830; baseline 0.005 -28"><span class='ocrx_word' id='word_1_35' title='bbox 114 723 217 804; x_wconf 78' lang='grc' dir='ltr'>ἔστιν</span> <span class='ocrx_word' id='word_1_36' title='bbox 234 726 273 803; x_wconf 80' lang='grc' dir='ltr'>ἐν</span> <span class='ocrx_word' id='word_1_37' title='bbox 290 729 410 826; x_wconf 79' lang='grc' dir='ltr'>σαρκὶ,</span> <span class='ocrx_word' id='word_1_38' title='bbox 430 722 615 828; x_wconf 85' lang='grc' dir='ltr'>τριήμερος</span> <span class='ocrx_word' id='word_1_39' title='bbox 643 723 713 827; x_wconf 81' lang='grc' dir='ltr'>γάρ</span> <span class='ocrx_word' id='word_1_40' title='bbox 741 727 870 819; x_wconf 82' lang='grc' dir='ltr'>ἀνεβίω</span> <span class='ocrx_word' id='word_1_41' title='bbox 893 730 951 806; x_wconf 81' lang='grc' dir='ltr'>καὶ</span> <span class='ocrx_word' id='word_1_42' title='bbox 974 727 1053 807; x_wconf 80' lang='grc' dir='ltr'>ε”στι</span> <span class='ocrx_word' id='word_1_43' title='bbox 1077 728 1167 830; x_wconf 82' lang='grc' dir='ltr'>πρὸς</span> <span class='ocrx_word' id='word_1_44' title='bbox 1193 727 1256 808; x_wconf 78' lang='grc' dir='ltr'>τὸν</span> <span class='ocrx_word' id='word_1_45' title='bbox 1273 733 1311 810; x_wconf 84' lang='grc' dir='ltr'>έν</span> 
     </span>
     <span class='ocr_line' id='line_1_6' title="bbox 114 847 1315 961; baseline 0.006 -35"><span class='ocrx_word' id='word_1_46' title='bbox 114 855 191 931; x_wconf 86' lang='grc' dir='ltr'>τοῖς</span> <span class='ocrx_word' id='word_1_47' title='bbox 219 849 379 949; x_wconf 75' lang='grc' dir='ltr'>οὐρανοῖς</span> <span class='ocrx_word' id='word_1_48' title='bbox 399 848 558 950; x_wconf 78' lang='grc' dir='ltr'><em>Πατέρα,</em></span> <span class='ocrx_word' id='word_1_49' title='bbox 583 847 668 928; x_wconf 86' lang='grc' dir='ltr'>ἀλλ’</span> <span class='ocrx_word' id='word_1_50' title='bbox 688 849 752 928; x_wconf 82' lang='grc' dir='ltr'>οὖν</span> <span class='ocrx_word' id='word_1_51' title='bbox 777 848 864 951; x_wconf 69' lang='grc' dir='ltr'>ὑπὲρ</span> <span class='ocrx_word' id='word_1_52' title='bbox 891 850 1012 954; x_wconf 80' lang='grc' dir='ltr'>σάρκα</span> <span class='ocrx_word' id='word_1_53' title='bbox 1040 861 1180 932; x_wconf 81' lang='grc' dir='ltr'>νοεῖται·</span> <span class='ocrx_word' id='word_1_54' title='bbox 1211 852 1315 961; x_wconf 80' lang='grc' dir='ltr'>ἅπαξ</span> 
     </span>
    </p>

    <p class='ocr_par' dir='ltr' id='par_1_4' title="bbox 76 970 1479 1570">
     <span class='ocr_line' id='line_1_7' title="bbox 76 970 1471 1073; baseline 0.005 -17"><span class='ocrx_word' id='word_1_55' title='bbox 76 995 99 1056; x_wconf 85' lang='grc'><strong>5</strong></span> <span class='ocrx_word' id='word_1_56' title='bbox 116 971 189 1073; x_wconf 85' lang='grc' dir='ltr'>γάρ</span> <span class='ocrx_word' id='word_1_57' title='bbox 208 971 398 1052; x_wconf 81' lang='grc' dir='ltr'>ἀποθανὼν</span> <span class='ocrx_word' id='word_1_58' title='bbox 423 984 444 1020; x_wconf 92' lang='lat'>“</span> <span class='ocrx_word' id='word_1_59' title='bbox 458 975 521 1052; x_wconf 84' lang='grc' dir='ltr'>οὐκ</span> <span class='ocrx_word' id='word_1_60' title='bbox 548 972 598 1052; x_wconf 86' lang='grc' dir='ltr'>έτι</span> <span class='ocrx_word' id='word_1_61' title='bbox 625 970 855 1073; x_wconf 79' lang='grc' dir='ltr'>ἀποθνήσκει,</span> <span class='ocrx_word' id='word_1_62' title='bbox 874 974 1025 1059; x_wconf 85' lang='grc' dir='ltr'>θάνατος</span> <span class='ocrx_word' id='word_1_63' title='bbox 1045 978 1153 1056; x_wconf 73' lang='grc' dir='ltr'>αὐτοῦ</span> <span class='ocrx_word' id='word_1_64' title='bbox 1172 980 1235 1058; x_wconf 83' lang='grc' dir='ltr'>οὐκ</span> <span class='ocrx_word' id='word_1_65' title='bbox 1259 979 1310 1058; x_wconf 86' lang='grc' dir='ltr'>έτι</span> <span class='ocrx_word' id='word_1_66' title='bbox 1324 1005 1397 1056; x_wconf 76' lang='lat' dir='ltr'><strong>Rom.</strong></span> <span class='ocrx_word' id='word_1_67' title='bbox 1405 1007 1438 1056; x_wconf 82' lang='lat' dir='ltr'>vi.</span> <span class='ocrx_word' id='word_1_68' title='bbox 1448 1021 1471 1072; x_wconf 84' lang='lat'>9·</span> 
     </span>
     <span class='ocr_line' id='line_1_8' title="bbox 115 1085 1364 1206; baseline 0.005 -31"><span class='ocrx_word' id='word_1_69' title='bbox 115 1105 139 1142; x_wconf 91' lang='lat'><strong>“</strong></span> <span class='ocrx_word' id='word_1_70' title='bbox 158 1095 313 1196; x_wconf 79' lang='grc' dir='ltr'>κυριεύει·</span> <span class='ocrx_word' id='word_1_71' title='bbox 338 1093 357 1174; x_wconf 86' lang='lat'>6</span> <span class='ocrx_word' id='word_1_72' title='bbox 376 1093 447 1198; x_wconf 85' lang='grc' dir='ltr'>γάρ</span> <span class='ocrx_word' id='word_1_73' title='bbox 466 1095 654 1193; x_wconf 75' lang='grc' dir='ltr'>ἀπέθανεν,</span> <span class='ocrx_word' id='word_1_74' title='bbox 674 1099 718 1201; x_wconf 78' lang='grc' dir='ltr'>τῇ</span> <span class='ocrx_word' id='word_1_75' title='bbox 733 1098 889 1204; x_wconf 75' lang='grc' dir='ltr'>ἁμαρτίᾳ</span> <span class='ocrx_word' id='word_1_76' title='bbox 903 1098 1076 1178; x_wconf 90' lang='grc' dir='ltr'>ἀπέθανεν</span> <span class='ocrx_word' id='word_1_77' title='bbox 1094 1099 1252 1206; x_wconf 79' lang='grc' dir='ltr'>ἐφάπαξ·</span> <span class='ocrx_word' id='word_1_78' title='bbox 1289 1099 1309 1181; x_wconf 88' lang='lat'>6</span> <span class='ocrx_word' id='word_1_79' title='bbox 1327 1085 1364 1122; x_wconf 64' lang='lat'>¹⁰⁸</span> 
     </span>
     <span class='ocr_line' id='line_1_9' title="bbox 116 1219 1310 1366; baseline 0.003 -67"><span class='ocrx_word' id='word_1_80' title='bbox 116 1229 138 1266; x_wconf 79' lang='lat'>‘⁶</span> <span class='ocrx_word' id='word_1_81' title='bbox 158 1219 196 1299; x_wconf 92' lang='grc' dir='ltr'>δε</span> <span class='ocrx_word' id='word_1_82' title='bbox 209 1219 318 1324; x_wconf 61' lang='lat' dir='ltr'>(M</span> <span class='ocrx_word' id='word_1_83' title='bbox 294 1254 388 1366; x_wconf 80' lang='grc' dir='ltr'>ῃτιρ</span> <span class='ocrx_word' id='word_1_84' title='bbox 370 1220 522 1325; x_wconf 58' lang='lat' dir='ltr'>Gap?</span> <span class='ocrx_word' id='word_1_85' title='bbox 549 1221 675 1299; x_wconf 82' lang='grc' dir='ltr'>οὐκοῦν</span> <span class='ocrx_word' id='word_1_86' title='bbox 694 1224 723 1297; x_wconf 88' lang='grc' dir='ltr'>εὶ</span> <span class='ocrx_word' id='word_1_87' title='bbox 741 1253 887 1322; x_wconf 86' lang='grc' dir='ltr'>γεγονεν</span> <span class='ocrx_word' id='word_1_88' title='bbox 900 1255 937 1299; x_wconf 90' lang='grc' dir='ltr'>εν</span> <span class='ocrx_word' id='word_1_89' title='bbox 954 1221 1090 1305; x_wconf 82' lang='grc' dir='ltr'>τούτοις</span> <span class='ocrx_word' id='word_1_90' title='bbox 1104 1224 1123 1301; x_wconf 92' lang='lat'>6</span> <span class='ocrx_word' id='word_1_91' title='bbox 1139 1228 1201 1321; x_wconf 83' lang='grc' dir='ltr'>τῆς</span> <span class='ocrx_word' id='word_1_92' title='bbox 1220 1224 1310 1326; x_wconf 80' lang='grc' dir='ltr'>ζωῆς</span> 
     </span>
     <span class='ocr_line' id='line_1_10' title="bbox 114 1341 1479 1474; baseline 0.006 -52"><span class='ocrx_word' id='word_1_93' title='bbox 114 1343 217 1442; x_wconf 83' lang='grc' dir='ltr'>ἡμῶν</span> <span class='ocrx_word' id='word_1_94' title='bbox 251 1342 419 1447; x_wconf 82' lang='grc' dir='ltr'>ἀρχηγὸς,</span> <span class='ocrx_word' id='word_1_95' title='bbox 449 1342 553 1424; x_wconf 83' lang='grc' dir='ltr'>πᾶσά</span> <span class='ocrx_word' id='word_1_96' title='bbox 590 1377 666 1426; x_wconf 90' lang='grc' dir='ltr'>πως</span> <span class='ocrx_word' id='word_1_97' title='bbox 698 1341 836 1444; x_wconf 80' lang='grc' dir='ltr'>ἀνάγκη</span> <span class='ocrx_word' id='word_1_98' title='bbox 868 1347 926 1423; x_wconf 89' lang='grc' dir='ltr'>καὶ</span> <span class='ocrx_word' id='word_1_99' title='bbox 958 1345 1049 1444; x_wconf 84' lang='grc' dir='ltr'>ἡμᾶς</span> <span class='ocrx_word' id='word_1_100' title='bbox 1080 1347 1205 1428; x_wconf 80' lang='grc' dir='ltr'>αὐτούς</span> <span class='ocrx_word' id='word_1_101' title='bbox 1237 1354 1415 1474; x_wconf 55' lang='lat' dir='ltr'>rofcfifffi·</span> <span class='ocrx_word' id='word_1_102' title='bbox 1410 1360 1479 1408; x_wconf 63' lang='lat'>¹³⁶⁸·</span> 
     </span>
     <span class='ocr_line' id='line_1_11' title="bbox 115 1466 1309 1570; baseline 0.003 -24.005"><span class='ocrx_word' id='word_1_103' title='bbox 115 1467 254 1570; x_wconf 80' lang='grc' dir='ltr'>ἴχνεσιν</span> <span class='ocrx_word' id='word_1_104' title='bbox 283 1469 392 1546; x_wconf 85' lang='grc' dir='ltr'>αύτοῦ</span> <span class='ocrx_word' id='word_1_105' title='bbox 427 1466 822 1566; x_wconf 86' lang='grc' dir='ltr'>κατακολουθήσαντας,</span> <span class='ocrx_word' id='word_1_106' title='bbox 854 1468 917 1546; x_wconf 85' lang='grc' dir='ltr'>ούκ</span> <span class='ocrx_word' id='word_1_107' title='bbox 947 1469 985 1546; x_wconf 82' lang='grc' dir='ltr'>ἐν</span> <span class='ocrx_word' id='word_1_108' title='bbox 1015 1473 1123 1570; x_wconf 86' lang='grc' dir='ltr'>σαρκὶ</span> <span class='ocrx_word' id='word_1_109' title='bbox 1153 1477 1309 1567; x_wconf 84' lang='grc' dir='ltr'>μᾶλλον,</span> 
     </span>
    </p>

    <p class='ocr_par' dir='ltr' id='par_1_5' title="bbox 55 1589 1478 2194">
     <span class='ocr_line' id='line_1_12' title="bbox 55 1589 1310 1692; baseline 0.007 -24"><span class='ocrx_word' id='word_1_110' title='bbox 55 1637 101 1676; x_wconf 81' lang='lat'>10</span> <span class='ocrx_word' id='word_1_111' title='bbox 116 1593 202 1668; x_wconf 87' lang='grc' dir='ltr'>ἀλλ’</span> <span class='ocrx_word' id='word_1_112' title='bbox 234 1589 322 1692; x_wconf 77' lang='grc' dir='ltr'>ύπέρ</span> <span class='ocrx_word' id='word_1_113' title='bbox 349 1591 470 1692; x_wconf 90' lang='grc' dir='ltr'>σάρκα</span> <span class='ocrx_word' id='word_1_114' title='bbox 498 1596 669 1671; x_wconf 78' lang='grc' dir='ltr'>νοεῖσθαι.</span> <span class='ocrx_word' id='word_1_115' title='bbox 715 1593 829 1692; x_wconf 83' lang='grc' dir='ltr'>ὀρθῶς</span> <span class='ocrx_word' id='word_1_116' title='bbox 863 1592 925 1670; x_wconf 81' lang='grc' dir='ltr'>οὖν</span> <span class='ocrx_word' id='word_1_117' title='bbox 952 1592 1037 1671; x_wconf 92' lang='grc' dir='ltr'>λίαν</span> <span class='ocrx_word' id='word_1_118' title='bbox 1067 1594 1087 1670; x_wconf 97' lang='lat'>6</span> <span class='ocrx_word' id='word_1_119' title='bbox 1118 1593 1310 1677; x_wconf 88' lang='grc' dir='ltr'>θεσπέσιος</span> 
     </span>
     <span class='ocr_line' id='line_1_13' title="bbox 117 1713 1424 1826; baseline 0.003 -34"><span class='ocrx_word' id='word_1_120' title='bbox 117 1718 267 1798; x_wconf 79' lang='grc' dir='ltr'>Παῦλος</span> <span class='ocrx_word' id='word_1_121' title='bbox 276 1713 389 1795; x_wconf 63' lang='grc' dir='ltr'>ιὨστε</span> <span class='ocrx_word' id='word_1_122' title='bbox 413 1718 446 1796; x_wconf 86' lang='grc' dir='ltr'>εί</span> <span class='ocrx_word' id='word_1_123' title='bbox 461 1751 512 1800; x_wconf 84' lang='grc' dir='ltr'>τις</span> <span class='ocrx_word' id='word_1_124' title='bbox 538 1717 567 1795; x_wconf 79' lang='grc' dir='ltr'>ἓν</span> <span class='ocrx_word' id='word_1_125' title='bbox 587 1722 717 1822; x_wconf 75' lang='grc' dir='ltr'>Χριστῷ</span> <span class='ocrx_word' id='word_1_126' title='bbox 742 1713 835 1808; x_wconf 61' lang='lat' dir='ltr'>mv),</span> <span class='ocrx_word' id='word_1_127' title='bbox 865 1719 973 1801; x_wconf 80' lang='grc' dir='ltr'>κτίσις</span> <span class='ocrx_word' id='word_1_128' title='bbox 992 1720 1085 1821; x_wconf 79' lang='grc' dir='ltr'>φησί</span> <span class='ocrx_word' id='word_1_129' title='bbox 1111 1715 1157 1797; x_wconf 74' lang='grc' dir='ltr'>τῖι</span> <span class='ocrx_word' id='word_1_130' title='bbox 1176 1722 1373 1826; x_wconf 75' lang='grc' dir='ltr'>άρχαῖανντ.</span> <span class='ocrx_word' id='word_1_131' title='bbox 1387 1749 1424 1802; x_wconf 86' lang='lat'>17·</span> 
     </span>
     <span class='ocr_line' id='line_1_14' title="bbox 116 1836 1478 1944; baseline 0.002 -22"><span class='ocrx_word' id='word_1_132' title='bbox 116 1838 293 1944; x_wconf 66' lang='grc' dir='ltr'>παρῆλθεν,</span> <span class='ocrx_word' id='word_1_133' title='bbox 334 1836 411 1929; x_wconf 79' lang='grc' dir='ltr'>ῖθοῖι,</span> <span class='ocrx_word' id='word_1_134' title='bbox 449 1837 565 1941; x_wconf 78' lang='grc' dir='ltr'>γέγονε</span> <span class='ocrx_word' id='word_1_135' title='bbox 604 1840 718 1920; x_wconf 82' lang='grc' dir='ltr'>καινά·</span> <span class='ocrx_word' id='word_1_136' title='bbox 763 1841 911 1942; x_wconf 84' lang='grc' dir='ltr'>ἀρχαῖον</span> <span class='ocrx_word' id='word_1_137' title='bbox 947 1840 1012 1938; x_wconf 76' lang='grc' dir='ltr'>μὲν</span> <span class='ocrx_word' id='word_1_138' title='bbox 1042 1840 1113 1943; x_wconf 82' lang='grc' dir='ltr'>γάρ</span> <span class='ocrx_word' id='word_1_139' title='bbox 1144 1839 1186 1919; x_wconf 88' lang='grc' dir='ltr'>τό</span> <span class='ocrx_word' id='word_1_140' title='bbox 1218 1851 1240 1887; x_wconf 88' lang='grc'><strong>“</strong></span> <span class='ocrx_word' id='word_1_141' title='bbox 1256 1846 1423 1941; x_wconf 53' lang='lat' dir='ltr'>moen-iii</span> <span class='ocrx_word' id='word_1_142' title='bbox 1442 1877 1478 1928; x_wconf 87' lang='lat'>19·</span> 
     </span>
     <span class='ocr_line' id='line_1_15' title="bbox 116 1959 1371 2070; baseline 0.002 -28"><span class='ocrx_word' id='word_1_143' title='bbox 116 1974 138 2012; x_wconf 90' lang='lat'><strong>“</strong></span> <span class='ocrx_word' id='word_1_144' title='bbox 158 1959 191 2042; x_wconf 89' lang='grc' dir='ltr'>εἶ</span> <span class='ocrx_word' id='word_1_145' title='bbox 220 1968 278 2042; x_wconf 79' lang='grc' dir='ltr'>καὶ</span> <span class='ocrx_word' id='word_1_146' title='bbox 318 1970 367 2047; x_wconf 81' lang='grc' dir='ltr'>εἷς</span> <span class='ocrx_word' id='word_1_147' title='bbox 403 1966 474 2063; x_wconf 80' lang='grc' dir='ltr'>γῆν</span> <span class='ocrx_word' id='word_1_148' title='bbox 506 1961 720 2066; x_wconf 78' lang='grc' dir='ltr'>ἀπελεύση·”</span> <span class='ocrx_word' id='word_1_149' title='bbox 770 1966 828 2042; x_wconf 79' lang='grc' dir='ltr'>καὶ</span> <span class='ocrx_word' id='word_1_150' title='bbox 858 1961 929 2061; x_wconf 81' lang='grc' dir='ltr'>μὴν</span> <span class='ocrx_word' id='word_1_151' title='bbox 967 1967 1025 2042; x_wconf 81' lang='grc' dir='ltr'>καὶ</span> <span class='ocrx_word' id='word_1_152' title='bbox 1057 1967 1165 2043; x_wconf 88' lang='grc' dir='ltr'>ε’κεῖνο</span> <span class='ocrx_word' id='word_1_153' title='bbox 1195 1961 1237 2044; x_wconf 79' lang='grc' dir='ltr'>τὸ</span> <span class='ocrx_word' id='word_1_154' title='bbox 1274 1967 1313 2044; x_wconf 85' lang='grc' dir='ltr'>ἐν</span> <span class='ocrx_word' id='word_1_155' title='bbox 1369 2065 1371 2070; x_wconf 16' lang='grc' dir='ltr'><strong><em>Δ</em></strong></span> 
     </span>
     <span class='ocr_line' id='line_1_16' title="bbox 114 2084 1477 2194; baseline 0 -29"><span class='ocrx_word' id='word_1_156' title='bbox 114 2087 239 2194; x_wconf 80' lang='grc' dir='ltr'>βίβλῳ</span> <span class='ocrx_word' id='word_1_157' title='bbox 271 2087 437 2169; x_wconf 87' lang='grc' dir='ltr'>Μωσέως</span> <span class='ocrx_word' id='word_1_158' title='bbox 467 2097 490 2134; x_wconf 85' lang='grc'><strong>“</strong></span> <span class='ocrx_word' id='word_1_159' title='bbox 507 2087 707 2183; x_wconf 80' lang='grc' dir='ltr'>Ἐπιμελῶς</span> <span class='ocrx_word' id='word_1_160' title='bbox 740 2084 812 2188; x_wconf 79' lang='grc' dir='ltr'>γάρ</span> <span class='ocrx_word' id='word_1_161' title='bbox 850 2087 1001 2189; x_wconf 79' lang='grc' dir='ltr'>ἔγκειται</span> <span class='ocrx_word' id='word_1_162' title='bbox 1031 2087 1052 2186; x_wconf 82' lang='grc' dir='ltr'><em>ἡ</em></span> <span class='ocrx_word' id='word_1_163' title='bbox 1083 2087 1219 2166; x_wconf 85' lang='grc' dir='ltr'>διάνοια</span> <span class='ocrx_word' id='word_1_164' title='bbox 1248 2096 1311 2166; x_wconf 83' lang='grc' dir='ltr'>τοῦ</span> <span class='ocrx_word' id='word_1_165' title='bbox 1324 2117 1356 2166; x_wconf 78' lang='lat' dir='ltr'>lb</span> <span class='ocrx_word' id='word_1_166' title='bbox 1374 2116 1425 2165; x_wconf 74' lang='lat' dir='ltr'><strong>viii.</strong></span> <span class='ocrx_word' id='word_1_167' title='bbox 1440 2130 1477 2165; x_wconf 85' lang='grc' dir='ltr'>ιι.</span> 
     </span>
    </p>

    <p class='ocr_par' dir='ltr' id='par_1_6' title="bbox 58 2207 1314 2809">
     <span class='ocr_line' id='line_1_17' title="bbox 58 2207 1313 2316; baseline 0.003 -25"><span class='ocrx_word' id='word_1_168' title='bbox 58 2257 101 2313; x_wconf 87' lang='lat'>15</span> <span class='ocrx_word' id='word_1_169' title='bbox 117 2221 139 2260; x_wconf 89' lang='lat'><strong>“</strong></span> <span class='ocrx_word' id='word_1_170' title='bbox 156 2210 347 2314; x_wconf 76' lang='grc' dir='ltr'>ἀνθρώπου</span> <span class='ocrx_word' id='word_1_171' title='bbox 374 2214 430 2290; x_wconf 84' lang='grc' dir='ltr'>ε’πῖ</span> <span class='ocrx_word' id='word_1_172' title='bbox 459 2207 505 2288; x_wconf 85' lang='grc' dir='ltr'>τά</span> <span class='ocrx_word' id='word_1_173' title='bbox 532 2211 669 2311; x_wconf 83' lang='grc' dir='ltr'>πονηρὰ</span> <span class='ocrx_word' id='word_1_174' title='bbox 695 2211 734 2289; x_wconf 81' lang='grc' dir='ltr'>ἐκ</span> <span class='ocrx_word' id='word_1_175' title='bbox 757 2209 955 2308; x_wconf 85' lang='grc' dir='ltr'>νεότητος·”</span> <span class='ocrx_word' id='word_1_176' title='bbox 994 2216 1128 2316; x_wconf 77' lang='grc' dir='ltr'>ἀρχαῖα</span> <span class='ocrx_word' id='word_1_177' title='bbox 1157 2211 1194 2291; x_wconf 82' lang='grc' dir='ltr'>δέ</span> <span class='ocrx_word' id='word_1_178' title='bbox 1221 2211 1313 2314; x_wconf 77' lang='grc' dir='ltr'>πρὸς</span> 
     </span>
     <span class='ocr_line' id='line_1_18' title="bbox 115 2332 1308 2440; baseline -0.001 -25"><span class='ocrx_word' id='word_1_179' title='bbox 115 2335 253 2418; x_wconf 83' lang='grc' dir='ltr'>τούτοις</span> <span class='ocrx_word' id='word_1_180' title='bbox 281 2338 339 2414; x_wconf 85' lang='grc' dir='ltr'>καὶ</span> <span class='ocrx_word' id='word_1_181' title='bbox 356 2332 403 2414; x_wconf 81' lang='grc' dir='ltr'>τὰ</span> <span class='ocrx_word' id='word_1_182' title='bbox 420 2336 458 2414; x_wconf 94' lang='grc' dir='ltr'>ε’ν</span> <span class='ocrx_word' id='word_1_183' title='bbox 477 2332 583 2440; x_wconf 86' lang='grc' dir='ltr'>νόμιρ·</span> <span class='ocrx_word' id='word_1_184' title='bbox 621 2337 722 2413; x_wconf 85' lang='grc' dir='ltr'>ταυτὶ</span> <span class='ocrx_word' id='word_1_185' title='bbox 745 2333 789 2432; x_wconf 79' lang='grc' dir='ltr'>δὴ</span> <span class='ocrx_word' id='word_1_186' title='bbox 811 2333 929 2412; x_wconf 91' lang='grc' dir='ltr'>πάντα</span> <span class='ocrx_word' id='word_1_187' title='bbox 952 2334 1158 2435; x_wconf 83' lang='grc' dir='ltr'>παρελάσαι</span> <span class='ocrx_word' id='word_1_188' title='bbox 1178 2336 1308 2439; x_wconf 87' lang='grc' dir='ltr'>φησίν·</span> 
     </span>
     <span class='ocr_line' id='line_1_19' title="bbox 116 2456 1312 2561; baseline 0.002 -24"><span class='ocrx_word' id='word_1_189' title='bbox 116 2457 367 2557; x_wconf 80' lang='grc' dir='ltr'>δεδικαιιύμεθα</span> <span class='ocrx_word' id='word_1_190' title='bbox 390 2457 462 2560; x_wconf 78' lang='grc' dir='ltr'>γάρ</span> <span class='ocrx_word' id='word_1_191' title='bbox 480 2456 538 2538; x_wconf 88' lang='grc' dir='ltr'>διά</span> <span class='ocrx_word' id='word_1_192' title='bbox 559 2458 713 2540; x_wconf 90' lang='grc' dir='ltr'>πίστεως</span> <span class='ocrx_word' id='word_1_193' title='bbox 731 2461 794 2554; x_wconf 83' lang='grc' dir='ltr'>τῆς</span> <span class='ocrx_word' id='word_1_194' title='bbox 818 2459 856 2535; x_wconf 83' lang='grc' dir='ltr'>ἐν</span> <span class='ocrx_word' id='word_1_195' title='bbox 874 2461 1037 2561; x_wconf 77' lang='grc' dir='ltr'>Χριστῷ,</span> <span class='ocrx_word' id='word_1_196' title='bbox 1058 2462 1115 2536; x_wconf 80' lang='grc' dir='ltr'>καὶ</span> <span class='ocrx_word' id='word_1_197' title='bbox 1136 2463 1312 2540; x_wconf 86' lang='grc' dir='ltr'>πέπαυται</span> 
     </span>
     <span class='ocr_line' id='line_1_20' title="bbox 115 2579 1314 2686; baseline 0.002 -26"><span class='ocrx_word' id='word_1_198' title='bbox 115 2587 180 2681; x_wconf 81' lang='grc' dir='ltr'>τῆς</span> <span class='ocrx_word' id='word_1_199' title='bbox 209 2586 298 2686; x_wconf 81' lang='grc' dir='ltr'>ἀρᾶς</span> <span class='ocrx_word' id='word_1_200' title='bbox 317 2582 337 2681; x_wconf 83' lang='grc' dir='ltr'><strong><em>ἡ</em></strong></span> <span class='ocrx_word' id='word_1_201' title='bbox 357 2581 511 2675; x_wconf 88' lang='grc' dir='ltr'>δύναμις·</span> <span class='ocrx_word' id='word_1_202' title='bbox 545 2581 675 2673; x_wconf 89' lang='grc' dir='ltr'>ἀνεβίω</span> <span class='ocrx_word' id='word_1_203' title='bbox 702 2579 774 2682; x_wconf 81' lang='grc' dir='ltr'>γὰρ</span> <span class='ocrx_word' id='word_1_204' title='bbox 792 2579 880 2682; x_wconf 79' lang='grc' dir='ltr'>ύπέρ</span> <span class='ocrx_word' id='word_1_205' title='bbox 902 2581 1005 2679; x_wconf 84' lang='grc' dir='ltr'>ἡμῶν</span> <span class='ocrx_word' id='word_1_206' title='bbox 1023 2582 1043 2659; x_wconf 93' lang='lat'>6</span> <span class='ocrx_word' id='word_1_207' title='bbox 1065 2589 1129 2660; x_wconf 82' lang='grc' dir='ltr'>τοῦ</span> <span class='ocrx_word' id='word_1_208' title='bbox 1157 2580 1314 2663; x_wconf 89' lang='grc' dir='ltr'>θανάτου</span> 
     </span>
     <span class='ocr_line' id='line_1_21' title="bbox 115 2702 1313 2809; baseline -0.001 -21"><span class='ocrx_word' id='word_1_209' title='bbox 115 2706 285 2806; x_wconf 81' lang='grc' dir='ltr'>πατήσας</span> <span class='ocrx_word' id='word_1_210' title='bbox 303 2702 345 2784; x_wconf 81' lang='grc' dir='ltr'>τὸ</span> <span class='ocrx_word' id='word_1_211' title='bbox 364 2703 506 2806; x_wconf 87' lang='grc' dir='ltr'>κράτος,</span> <span class='ocrx_word' id='word_1_212' title='bbox 527 2707 584 2784; x_wconf 81' lang='grc' dir='ltr'>καὶ</span> <span class='ocrx_word' id='word_1_213' title='bbox 605 2703 668 2784; x_wconf 80' lang='grc' dir='ltr'>τὸν</span> <span class='ocrx_word' id='word_1_214' title='bbox 686 2703 796 2809; x_wconf 83' lang='grc' dir='ltr'>φύσει</span> <span class='ocrx_word' id='word_1_215' title='bbox 814 2738 852 2782; x_wconf 90' lang='grc' dir='ltr'>τε</span> <span class='ocrx_word' id='word_1_216' title='bbox 872 2708 928 2782; x_wconf 81' lang='grc' dir='ltr'>καὶ</span> <span class='ocrx_word' id='word_1_217' title='bbox 948 2707 1092 2804; x_wconf 83' lang='grc' dir='ltr'>ἀληθῶς</span> <span class='ocrx_word' id='word_1_218' title='bbox 1111 2705 1198 2784; x_wconf 84' lang='grc' dir='ltr'>ὄντα</span> <span class='ocrx_word' id='word_1_219' title='bbox 1217 2706 1313 2787; x_wconf 81' lang='grc' dir='ltr'>Θεὸν</span> 
     </span>
    </p>

    <p class='ocr_par' dir='ltr' id='par_1_7' title="bbox 58 2827 1425 3435">
     <span class='ocr_line' id='line_1_22' title="bbox 58 2827 1314 2936; baseline 0 -22"><span class='ocrx_word' id='word_1_220' title='bbox 58 2873 102 2914; x_wconf 80' lang='grc' dir='ltr'>νο</span> <span class='ocrx_word' id='word_1_221' title='bbox 118 2831 321 2934; x_wconf 81' lang='grc' dir='ltr'>ἒγνύιιαριεν,</span> <span class='ocrx_word' id='word_1_222' title='bbox 354 2827 420 2927; x_wconf 79' lang='grc' dir='ltr'>τὴν</span> <span class='ocrx_word' id='word_1_223' title='bbox 457 2831 494 2908; x_wconf 84' lang='grc' dir='ltr'>έν</span> <span class='ocrx_word' id='word_1_224' title='bbox 525 2827 702 2926; x_wconf 87' lang='grc' dir='ltr'>πνεύματί</span> <span class='ocrx_word' id='word_1_225' title='bbox 734 2861 773 2906; x_wconf 90' lang='grc' dir='ltr'>τε</span> <span class='ocrx_word' id='word_1_226' title='bbox 813 2830 870 2907; x_wconf 82' lang='grc' dir='ltr'>καὶ</span> <span class='ocrx_word' id='word_1_227' title='bbox 908 2831 1057 2936; x_wconf 79' lang='grc' dir='ltr'>ἀληθείᾳ</span> <span class='ocrx_word' id='word_1_228' title='bbox 1093 2839 1314 2931; x_wconf 83' lang='grc' dir='ltr'>πληροῦντες</span> 
     </span>
     <span class='ocr_line' id='line_1_23' title="bbox 115 2951 1312 3056; baseline 0 -24"><span class='ocrx_word' id='word_1_229' title='bbox 115 2953 296 3054; x_wconf 79' lang='grc' dir='ltr'>λατρείαν,</span> <span class='ocrx_word' id='word_1_230' title='bbox 315 2952 562 3050; x_wconf 89' lang='grc' dir='ltr'>μεσιτεύοντος</span> <span class='ocrx_word' id='word_1_231' title='bbox 589 2961 652 3032; x_wconf 85' lang='grc' dir='ltr'>τοῦ</span> <span class='ocrx_word' id='word_1_232' title='bbox 670 2957 842 3031; x_wconf 55' lang='lat' dir='ltr'>moa-xa}</span> <span class='ocrx_word' id='word_1_233' title='bbox 871 2951 935 3035; x_wconf 85' lang='grc' dir='ltr'>τάς</span> <span class='ocrx_word' id='word_1_234' title='bbox 964 2953 1099 3032; x_wconf 81' lang='grc' dir='ltr'>ἀνωθεν</span> <span class='ocrx_word' id='word_1_235' title='bbox 1127 2955 1185 3031; x_wconf 81' lang='grc' dir='ltr'>καὶ</span> <span class='ocrx_word' id='word_1_236' title='bbox 1212 2953 1312 3056; x_wconf 81' lang='grc' dir='ltr'>παρὰ</span> 
     </span>
     <span class='ocr_line' id='line_1_24' title="bbox 117 3073 1311 3184; baseline 0 -28"><span class='ocrx_word' id='word_1_237' title='bbox 117 3073 263 3180; x_wconf 84' lang='grc' dir='ltr'>Πατρῖνς</span> <span class='ocrx_word' id='word_1_238' title='bbox 290 3076 456 3176; x_wconf 77' lang='grc' dir='ltr'>εὐλογίας</span> <span class='ocrx_word' id='word_1_239' title='bbox 483 3083 534 3182; x_wconf 80' lang='grc' dir='ltr'>τῷ</span> <span class='ocrx_word' id='word_1_240' title='bbox 560 3074 687 3184; x_wconf 84' lang='grc' dir='ltr'>κύσμιρ</span> <span class='ocrx_word' id='word_1_241' title='bbox 715 3075 884 3160; x_wconf 88' lang='grc' dir='ltr'>διδόντος·</span> <span class='ocrx_word' id='word_1_242' title='bbox 932 3076 1014 3157; x_wconf 80' lang='grc' dir='ltr'>ὅθεν</span> <span class='ocrx_word' id='word_1_243' title='bbox 1042 3110 1096 3155; x_wconf 92' lang='grc' dir='ltr'>τοι</span> <span class='ocrx_word' id='word_1_244' title='bbox 1124 3080 1181 3156; x_wconf 84' lang='grc' dir='ltr'>καὶ</span> <span class='ocrx_word' id='word_1_245' title='bbox 1209 3076 1311 3172; x_wconf 90' lang='grc' dir='ltr'>μάλα</span> 
     </span>
     <span class='ocr_line' id='line_1_25' title="bbox 116 3196 1425 3306; baseline -0.001 -26"><span class='ocrx_word' id='word_1_246' title='bbox 116 3207 244 3306; x_wconf 78' lang='grc' dir='ltr'>σοφῶς</span> <span class='ocrx_word' id='word_1_247' title='bbox 268 3203 287 3280; x_wconf 85' lang='lat'>6</span> <span class='ocrx_word' id='word_1_248' title='bbox 306 3199 499 3282; x_wconf 85' lang='grc' dir='ltr'>θεσπέσιος</span> <span class='ocrx_word' id='word_1_249' title='bbox 521 3205 667 3283; x_wconf 84' lang='grc' dir='ltr'>Παῦλος</span> <span class='ocrx_word' id='word_1_250' title='bbox 686 3199 742 3280; x_wconf 58' lang='lat' dir='ltr'>T&amp;</span> <span class='ocrx_word' id='word_1_251' title='bbox 760 3196 795 3280; x_wconf 63' lang='lat'><em>6¹</em></span> <span class='ocrx_word' id='word_1_252' title='bbox 819 3201 934 3280; x_wconf 82' lang='grc' dir='ltr'>πάντα</span> <span class='ocrx_word' id='word_1_253' title='bbox 955 3203 1068 3304; x_wconf 75' lang='grc' dir='ltr'>φησὶν</span> <span class='ocrx_word' id='word_1_254' title='bbox 1090 3204 1127 3280; x_wconf 78' lang='grc' dir='ltr'>ἐκ</span> <span class='ocrx_word' id='word_1_255' title='bbox 1151 3202 1206 3280; x_wconf 75' lang='grc' dir='ltr'>τού</span> <span class='ocrx_word' id='word_1_256' title='bbox 1225 3202 1311 3281; x_wconf 76' lang='grc' dir='ltr'>Θεού</span> <span class='ocrx_word' id='word_1_257' title='bbox 1322 3232 1373 3268; x_wconf 78' lang='lat' dir='ltr'><strong>ver.</strong></span> <span class='ocrx_word' id='word_1_258' title='bbox 1388 3219 1425 3268; x_wconf 80' lang='lat'>¹8·</span> 
     </span>
     <span class='ocr_line' id='line_1_26' title="bbox 114 3319 1310 3435; baseline 0 -33"><span class='ocrx_word' id='word_1_259' title='bbox 114 3327 170 3402; x_wconf 78' lang='grc' dir='ltr'>τού</span> <span class='ocrx_word' id='word_1_260' title='bbox 200 3324 488 3429; x_wconf 71' lang='grc' dir='ltr'>καταλλάξάντος</span> <span class='ocrx_word' id='word_1_261' title='bbox 515 3327 607 3429; x_wconf 76' lang='grc' dir='ltr'>ημάς</span> <span class='ocrx_word' id='word_1_262' title='bbox 632 3325 739 3432; x_wconf 79' lang='grc' dir='ltr'>ἑαυτῷ</span> <span class='ocrx_word' id='word_1_263' title='bbox 767 3319 825 3404; x_wconf 79' lang='grc' dir='ltr'>θιῖι</span> <span class='ocrx_word' id='word_1_264' title='bbox 845 3327 994 3435; x_wconf 71' lang='grc' dir='ltr'>Χριστοῦ.</span> <span class='ocrx_word' id='word_1_265' title='bbox 1034 3327 1092 3403; x_wconf 78' lang='grc' dir='ltr'>καὶ</span> <span class='ocrx_word' id='word_1_266' title='bbox 1117 3321 1187 3426; x_wconf 88' lang='grc' dir='ltr'>γάρ</span> <span class='ocrx_word' id='word_1_267' title='bbox 1211 3325 1310 3403; x_wconf 89' lang='grc' dir='ltr'>έστιν</span> 
     </span>
    </p>

    <p class='ocr_par' dir='ltr' id='par_1_8' title="bbox 59 3444 1310 3673">
     <span class='ocr_line' id='line_1_27' title="bbox 59 3444 1306 3554; baseline -0.002 -26"><span class='ocrx_word' id='word_1_268' title='bbox 59 3483 99 3543; x_wconf 87' lang='lat'>25</span> <span class='ocrx_word' id='word_1_269' title='bbox 115 3448 261 3546; x_wconf 82' lang='grc' dir='ltr'>ἀληθῶς</span> <span class='ocrx_word' id='word_1_270' title='bbox 279 3448 342 3527; x_wconf 80' lang='grc' dir='ltr'>οὐκ</span> <span class='ocrx_word' id='word_1_271' title='bbox 360 3447 566 3547; x_wconf 87' lang='grc' dir='ltr'>ἀβούλητον</span> <span class='ocrx_word' id='word_1_272' title='bbox 585 3453 635 3554; x_wconf 77' lang='grc' dir='ltr'>τῷ</span> <span class='ocrx_word' id='word_1_273' title='bbox 654 3449 772 3548; x_wconf 77' lang='grc' dir='ltr'>Πατρῖ</span> <span class='ocrx_word' id='word_1_274' title='bbox 798 3452 861 3546; x_wconf 79' lang='grc' dir='ltr'>τῆς</span> <span class='ocrx_word' id='word_1_275' title='bbox 889 3446 978 3545; x_wconf 82' lang='grc' dir='ltr'>μετά</span> <span class='ocrx_word' id='word_1_276' title='bbox 1006 3444 1141 3549; x_wconf 79' lang='grc' dir='ltr'>σαρκὸς</span> <span class='ocrx_word' id='word_1_277' title='bbox 1170 3453 1306 3526; x_wconf 78' lang='grc' dir='ltr'>οἰκονο-</span> 
     </span>
     <span class='ocr_line' id='line_1_28' title="bbox 113 3569 1310 3673; baseline -0.001 -24"><span class='ocrx_word' id='word_1_278' title='bbox 113 3572 199 3670; x_wconf 87' lang='grc' dir='ltr'>μίας</span> <span class='ocrx_word' id='word_1_279' title='bbox 224 3572 267 3648; x_wconf 88' lang='grc' dir='ltr'>τὸ</span> <span class='ocrx_word' id='word_1_280' title='bbox 294 3569 493 3672; x_wconf 80' lang='grc' dir='ltr'>μυστήριον</span> <span class='ocrx_word' id='word_1_281' title='bbox 511 3574 568 3649; x_wconf 82' lang='grc' dir='ltr'>καῖ</span> <span class='ocrx_word' id='word_1_282' title='bbox 591 3571 612 3670; x_wconf 87' lang='grc' dir='ltr'><strong><em>ἡ</em></strong></span> <span class='ocrx_word' id='word_1_283' title='bbox 632 3573 674 3650; x_wconf 90' lang='grc' dir='ltr'>δι’</span> <span class='ocrx_word' id='word_1_284' title='bbox 694 3573 802 3651; x_wconf 79' lang='grc' dir='ltr'>αὐτοῦ</span> <span class='ocrx_word' id='word_1_285' title='bbox 830 3572 1047 3673; x_wconf 81' lang='grc' dir='ltr'>καινουργία.</span> <span class='ocrx_word' id='word_1_286' title='bbox 1085 3571 1310 3673; x_wconf 79' lang='grc' dir='ltr'>προσεπάγει</span> 
     </span>
    </p>
   </div>
   <div class='ocr_carea' id='block_1_4' title="bbox 112 3692 1310 3928">
    <p class='ocr_par' dir='ltr' id='par_1_9' title="bbox 112 3692 1310 3928">
     <span class='ocr_line' id='line_1_29' title="bbox 113 3692 1308 3801; baseline -0.001 -29"><span class='ocrx_word' id='word_1_287' title='bbox 113 3692 153 3772; x_wconf 80' lang='grc' dir='ltr'>δέ</span> <span class='ocrx_word' id='word_1_288' title='bbox 179 3693 316 3777; x_wconf 89' lang='grc' dir='ltr'>τούτοις</span> <span class='ocrx_word' id='word_1_289' title='bbox 344 3696 363 3772; x_wconf 90' lang='lat'>6</span> <span class='ocrx_word' id='word_1_290' title='bbox 390 3693 631 3796; x_wconf 79' lang='grc' dir='ltr'>μυσταγωγὸς</span> <span class='ocrx_word' id='word_1_291' title='bbox 659 3694 712 3773; x_wconf 82' lang='grc' dir='ltr'>ὅτι</span> <span class='ocrx_word' id='word_1_292' title='bbox 741 3692 845 3775; x_wconf 80' lang='grc' dir='ltr'>αὐτὸς</span> <span class='ocrx_word' id='word_1_293' title='bbox 869 3697 888 3773; x_wconf 89' lang='lat'>6</span> <span class='ocrx_word' id='word_1_294' title='bbox 916 3693 1046 3794; x_wconf 78' lang='grc' dir='ltr'>Πατὴρ</span> <span class='ocrx_word' id='word_1_295' title='bbox 1072 3694 1165 3792; x_wconf 82' lang='grc' dir='ltr'>ἡμᾶς</span> <span class='ocrx_word' id='word_1_296' title='bbox 1195 3696 1308 3801; x_wconf 76' lang='grc' dir='ltr'>ἑαυτῷ</span> 
     </span>
     <span class='ocr_line' id='line_1_30' title="bbox 112 3814 1310 3928; baseline 0.001 -30"><span class='ocrx_word' id='word_1_297' title='bbox 112 3819 343 3924; x_wconf 83' lang='grc' dir='ltr'>κατήλλαξεν</span> <span class='ocrx_word' id='word_1_298' title='bbox 363 3814 421 3899; x_wconf 80' lang='grc' dir='ltr'>θιῖι</span> <span class='ocrx_word' id='word_1_299' title='bbox 440 3821 587 3928; x_wconf 72' lang='grc' dir='ltr'>Χριστοῦ,</span> <span class='ocrx_word' id='word_1_300' title='bbox 607 3817 962 3916; x_wconf 86' lang='grc' dir='ltr'>ε’κτεπολεμωμένους</span> <span class='ocrx_word' id='word_1_301' title='bbox 985 3819 1080 3923; x_wconf 79' lang='grc' dir='ltr'>αὐτῷ</span> <span class='ocrx_word' id='word_1_302' title='bbox 1104 3815 1161 3896; x_wconf 76' lang='grc' dir='ltr'>διὰ</span> <span class='ocrx_word' id='word_1_303' title='bbox 1180 3821 1242 3914; x_wconf 78' lang='grc' dir='ltr'>τῆς</span> <span class='ocrx_word' id='word_1_304' title='bbox 1261 3824 1310 3899; x_wconf 86' lang='grc' dir='ltr'>είς</span> 
     </span>
    </p>
   </div>
   <div class='ocr_carea' id='block_1_5' title="bbox 114 4051 1313 4600">
    <p class='ocr_par' dir='ltr' id='par_1_10' title="bbox 114 4051 1313 4599">
     <span class='ocr_line' id='line_1_31' title="bbox 154 4051 1310 4145; baseline -0.002 -37"><span class='ocrx_word' id='word_1_305' title='bbox 154 4069 178 4109; x_wconf 83' lang='lat'>1.</span> <span class='ocrx_word' id='word_1_306' title='bbox 196 4053 260 4108; x_wconf 72' lang='grc' dir='ltr'>κοτὲ</span> <span class='ocrx_word' id='word_1_307' title='bbox 271 4053 356 4143; x_wconf 79' lang='grc' dir='ltr'>σθριισ</span> <span class='ocrx_word' id='word_1_308' title='bbox 367 4062 433 4145; x_wconf 68' lang='lat' dir='ltr'>poet</span> <span class='ocrx_word' id='word_1_309' title='bbox 440 4053 585 4144; x_wconf 69' lang='grc' dir='ltr'>ι’γνοκσρεν</span> <span class='ocrx_word' id='word_1_310' title='bbox 595 4054 746 4123; x_wconf 69' lang='lat' dir='ltr'><strong>transponit</strong></span> <span class='ocrx_word' id='word_1_311' title='bbox 760 4053 797 4108; x_wconf 89' lang='lat' dir='ltr'>H.</span> <span class='ocrx_word' id='word_1_312' title='bbox 952 4071 977 4124; x_wconf 85' lang='lat'>3.</span> <span class='ocrx_word' id='word_1_313' title='bbox 996 4054 1053 4108; x_wconf 85' lang='grc' dir='ltr'>ε’στι</span> <span class='ocrx_word' id='word_1_314' title='bbox 1065 4052 1153 4124; x_wconf 78' lang='lat' dir='ltr'>prius]</span> <span class='ocrx_word' id='word_1_315' title='bbox 1170 4056 1243 4118; x_wconf 63' lang='grc'>4-</span> <span class='ocrx_word' id='word_1_316' title='bbox 1214 4075 1258 4107; x_wconf 85' lang='grc' dir='ltr'>ννν</span> <span class='ocrx_word' id='word_1_317' title='bbox 1272 4051 1310 4108; x_wconf 91' lang='lat' dir='ltr'>H.</span> 
     </span>
     <span class='ocr_line' id='line_1_32' title="bbox 116 4122 1309 4214; baseline 0 -37"><span class='ocrx_word' id='word_1_318' title='bbox 116 4122 207 4214; x_wconf 75' lang='grc' dir='ltr'>σαρκὶ]</span> <span class='ocrx_word' id='word_1_319' title='bbox 221 4125 307 4195; x_wconf 78' lang='lat' dir='ltr'>pergit</span> <span class='ocrx_word' id='word_1_320' title='bbox 319 4123 403 4178; x_wconf 88' lang='grc' dir='ltr'>ἀλλ’</span> <span class='ocrx_word' id='word_1_321' title='bbox 388 4146 624 4194; x_wconf 82' lang='grc' dir='ltr'>ανιστητριημερος</span> <span class='ocrx_word' id='word_1_322' title='bbox 636 4127 677 4180; x_wconf 79' lang='grc' dir='ltr'>καὶ</span> <span class='ocrx_word' id='word_1_323' title='bbox 689 4125 852 4193; x_wconf 77' lang='grc' dir='ltr'>ἀνέβηείς’</span> <span class='ocrx_word' id='word_1_324' title='bbox 824 4123 955 4194; x_wconf 77' lang='grc' dir='ltr'>ουραυσῖις,</span> <span class='ocrx_word' id='word_1_325' title='bbox 965 4122 1049 4178; x_wconf 80' lang='grc' dir='ltr'>ἀλλ”</span> <span class='ocrx_word' id='word_1_326' title='bbox 1037 4145 1102 4192; x_wconf 87' lang='grc' dir='ltr'>υπερ</span> <span class='ocrx_word' id='word_1_327' title='bbox 1111 4125 1195 4192; x_wconf 79' lang='grc' dir='ltr'>σάρκα</span> <span class='ocrx_word' id='word_1_328' title='bbox 1208 4126 1309 4177; x_wconf 85' lang='grc' dir='ltr'>νοεῖται·</span> 
     </span>
     <span class='ocr_line' id='line_1_33' title="bbox 114 4193 1313 4356; baseline 0 -108"><span class='ocrx_word' id='word_1_329' title='bbox 114 4193 200 4248; x_wconf 72' lang='grc' dir='ltr'>οὐκέτι</span> <span class='ocrx_word' id='word_1_330' title='bbox 216 4195 267 4282; x_wconf 78' lang='grc' dir='ltr'>γδρ</span> <span class='ocrx_word' id='word_1_331' title='bbox 284 4194 448 4286; x_wconf 79' lang='grc' dir='ltr'>ἀποθνήσκει,</span> <span class='ocrx_word' id='word_1_332' title='bbox 463 4199 521 4248; x_wconf 77' lang='grc' dir='ltr'>οὔτε</span> <span class='ocrx_word' id='word_1_333' title='bbox 538 4199 623 4264; x_wconf 79' lang='grc' dir='ltr'>ἀλλην</span> <span class='ocrx_word' id='word_1_334' title='bbox 639 4197 695 4250; x_wconf 83' lang='grc' dir='ltr'>τινὰ</span> <span class='ocrx_word' id='word_1_335' title='bbox 713 4218 749 4251; x_wconf 93' lang='grc' dir='ltr'>σα</span> <span class='ocrx_word' id='word_1_336' title='bbox 767 4197 810 4252; x_wconf 84' lang='grc' dir='ltr'>κὸς</span> <span class='ocrx_word' id='word_1_337' title='bbox 827 4195 991 4251; x_wconf 81' lang='grc' dir='ltr'>ἀσθένειαν</span> <span class='ocrx_word' id='word_1_338' title='bbox 962 4194 1107 4356; x_wconf 71' lang='grc' dir='ltr'>υπρρένει,</span> <span class='ocrx_word' id='word_1_339' title='bbox 1123 4193 1193 4246; x_wconf 91' lang='lat'><em>6666</em></span> <span class='ocrx_word' id='word_1_340' title='bbox 1209 4195 1313 4248; x_wconf 83' lang='grc' dir='ltr'>πάντων</span> 
     </span>
     <span class='ocr_line' id='line_1_34' title="bbox 115 4263 1310 4348; baseline -0.002 -29"><span class='ocrx_word' id='word_1_341' title='bbox 115 4265 189 4320; x_wconf 64' lang='lat' dir='ltr'>derb</span> <span class='ocrx_word' id='word_1_342' title='bbox 199 4285 297 4319; x_wconf 82' lang='grc' dir='ltr'>τουτων</span> <span class='ocrx_word' id='word_1_343' title='bbox 308 4287 416 4330; x_wconf 75' lang='grc' dir='ltr'>ἀμεινων</span> <span class='ocrx_word' id='word_1_344' title='bbox 428 4287 462 4321; x_wconf 82' lang='grc' dir='ltr'>ως</span> <span class='ocrx_word' id='word_1_345' title='bbox 474 4268 539 4323; x_wconf 82' lang='grc' dir='ltr'>Θεος</span> <span class='ocrx_word' id='word_1_346' title='bbox 551 4267 587 4320; x_wconf 81' lang='lat' dir='ltr'>lta</span> <span class='ocrx_word' id='word_1_347' title='bbox 599 4265 774 4320; x_wconf 68' lang='lat' dir='ltr'>desinens</span> <span class='ocrx_word' id='word_1_348' title='bbox 962 4279 994 4335; x_wconf 90' lang='lat'>15</span> <span class='ocrx_word' id='word_1_349' title='bbox 1037 4282 1071 4319; x_wconf 79' lang='lat' dir='ltr'>ne</span> <span class='ocrx_word' id='word_1_350' title='bbox 1094 4274 1189 4318; x_wconf 76' lang='lat' dir='ltr'>lterum</span> <span class='ocrx_word' id='word_1_351' title='bbox 1200 4263 1310 4348; x_wconf 80' lang='grc' dir='ltr'>’Δρχαῖα</span> 
     </span>
     <span class='ocr_line' id='line_1_35' title="bbox 114 4307 1309 4424; baseline -0.002 -36"><span class='ocrx_word' id='word_1_352' title='bbox 114 4333 226 4406; x_wconf 79' lang='grc' dir='ltr'>λέγει</span> <span class='ocrx_word' id='word_1_353' title='bbox 199 4355 246 4404; x_wconf 88' lang='grc' dir='ltr'>την</span> <span class='ocrx_word' id='word_1_354' title='bbox 256 4335 329 4406; x_wconf 82' lang='grc' dir='ltr'>ἀρδν,</span> <span class='ocrx_word' id='word_1_355' title='bbox 342 4335 412 4403; x_wconf 80' lang='grc' dir='ltr'>τὴν</span> <span class='ocrx_word' id='word_1_356' title='bbox 399 4337 523 4406; x_wconf 83' lang='grc' dir='ltr'>αμαρτίαν</span> <span class='ocrx_word' id='word_1_357' title='bbox 535 4337 615 4391; x_wconf 82' lang='grc' dir='ltr'>καὶ</span> <span class='ocrx_word' id='word_1_358' title='bbox 588 4359 633 4393; x_wconf 90' lang='grc' dir='ltr'>τας</span> <span class='ocrx_word' id='word_1_359' title='bbox 645 4337 672 4390; x_wconf 79' lang='grc' dir='ltr'>έν</span> <span class='ocrx_word' id='word_1_360' title='bbox 683 4339 752 4424; x_wconf 83' lang='grc' dir='ltr'>νόμῳ</span> <span class='ocrx_word' id='word_1_361' title='bbox 764 4307 847 4402; x_wconf 75' lang='grc' dir='ltr'>σκιάς,</span> <span class='ocrx_word' id='word_1_362' title='bbox 860 4336 932 4390; x_wconf 72' lang='grc' dir='ltr'>καινά</span> <span class='ocrx_word' id='word_1_363' title='bbox 944 4335 1020 4398; x_wconf 85' lang='grc' dir='ltr'>δε,</span> <span class='ocrx_word' id='word_1_364' title='bbox 993 4357 1039 4404; x_wconf 87' lang='grc' dir='ltr'>την</span> <span class='ocrx_word' id='word_1_365' title='bbox 1050 4335 1219 4390; x_wconf 86' lang='grc' dir='ltr'>δικαίωσιν</span> <span class='ocrx_word' id='word_1_366' title='bbox 1191 4357 1235 4402; x_wconf 90' lang='grc' dir='ltr'>της</span> <span class='ocrx_word' id='word_1_367' title='bbox 1247 4334 1309 4402; x_wconf 77' lang='lat' dir='ltr'><strong>(sic)</strong></span> 
     </span>
     <span class='ocr_line' id='line_1_36' title="bbox 115 4377 1310 4496; baseline -0.001 -38"><span class='ocrx_word' id='word_1_368' title='bbox 115 4405 205 4458; x_wconf 75' lang='grc' dir='ltr'>διὰ</span> <span class='ocrx_word' id='word_1_369' title='bbox 175 4427 221 4471; x_wconf 86' lang='grc' dir='ltr'>της</span> <span class='ocrx_word' id='word_1_370' title='bbox 238 4405 266 4460; x_wconf 75' lang='grc' dir='ltr'>έν</span> <span class='ocrx_word' id='word_1_371' title='bbox 277 4410 378 4478; x_wconf 69' lang='grc' dir='ltr'>χριστῷ</span> <span class='ocrx_word' id='word_1_372' title='bbox 395 4407 508 4462; x_wconf 82' lang='grc' dir='ltr'>πίστεως</span> <span class='ocrx_word' id='word_1_373' title='bbox 525 4408 566 4460; x_wconf 85' lang='grc' dir='ltr'>καὶ</span> <span class='ocrx_word' id='word_1_374' title='bbox 577 4408 624 4475; x_wconf 80' lang='grc' dir='ltr'>τὴν</span> <span class='ocrx_word' id='word_1_375' title='bbox 635 4407 663 4460; x_wconf 78' lang='grc' dir='ltr'>ἐν</span> <span class='ocrx_word' id='word_1_376' title='bbox 673 4406 796 4476; x_wconf 82' lang='grc' dir='ltr'>πνεύματι</span> <span class='ocrx_word' id='word_1_377' title='bbox 814 4377 854 4461; x_wconf 76' lang='grc' dir='ltr'>κάλ</span> <span class='ocrx_word' id='word_1_378' title='bbox 868 4407 914 4476; x_wconf 82' lang='lat' dir='ltr'><strong>(cf.</strong></span> <span class='ocrx_word' id='word_1_379' title='bbox 928 4405 973 4474; x_wconf 86' lang='lat'>20)</span> <span class='ocrx_word' id='word_1_380' title='bbox 986 4405 1092 4496; x_wconf 76' lang='grc' dir='ltr'>ἀληθείᾳ</span> <span class='ocrx_word' id='word_1_381' title='bbox 1104 4406 1224 4473; x_wconf 85' lang='grc' dir='ltr'>λατρείαν</span> <span class='ocrx_word' id='word_1_382' title='bbox 1234 4425 1310 4473; x_wconf 87' lang='grc' dir='ltr'>μεσι-</span> 
     </span>
     <span class='ocr_line' id='line_1_37' title="bbox 115 4473 1312 4600; baseline 0.001 -71"><span class='ocrx_word' id='word_1_383' title='bbox 115 4473 292 4600; x_wconf 56' lang='lat' dir='ltr'>Edem:</span> <span class='ocrx_word' id='word_1_384' title='bbox 287 4497 363 4531; x_wconf 86' lang='grc' dir='ltr'>ιστσυ</span> <span class='ocrx_word' id='word_1_385' title='bbox 350 4477 475 4533; x_wconf 74' lang='grc' dir='ltr'>καὶτὰς</span> <span class='ocrx_word' id='word_1_386' title='bbox 489 4477 585 4532; x_wconf 74' lang='grc' dir='ltr'>ἀνωθεν</span> <span class='ocrx_word' id='word_1_387' title='bbox 597 4477 637 4531; x_wconf 80' lang='grc' dir='ltr'>καλ</span> <span class='ocrx_word' id='word_1_388' title='bbox 649 4479 719 4546; x_wconf 79' lang='grc' dir='ltr'>παρὰ</span> <span class='ocrx_word' id='word_1_389' title='bbox 732 4480 834 4548; x_wconf 84' lang='grc' dir='ltr'>Πατρὸς</span> <span class='ocrx_word' id='word_1_390' title='bbox 848 4477 968 4546; x_wconf 79' lang='grc' dir='ltr'>εὐλογίας</span> <span class='ocrx_word' id='word_1_391' title='bbox 985 4480 1021 4549; x_wconf 79' lang='grc' dir='ltr'>τῷ</span> <span class='ocrx_word' id='word_1_392' title='bbox 1040 4497 1129 4548; x_wconf 77' lang='grc' dir='ltr'>κιισμνρ</span> <span class='ocrx_word' id='word_1_393' title='bbox 1141 4476 1255 4532; x_wconf 78' lang='grc' dir='ltr'>διδόντος</span> <span class='ocrx_word' id='word_1_394' title='bbox 1274 4476 1312 4530; x_wconf 68' lang='lat' dir='ltr'>ita</span> 
     </span>
     <span class='ocr_line' id='line_1_38' title="bbox 136 4563 240 4599; baseline 0 -1"><span class='ocrx_word' id='word_1_395' title='bbox 136 4563 240 4599; x_wconf 68' lang='lat' dir='ltr'>eumen!</span> 
     </span>
    </p>
   </div>
   <div class='ocr_carea' id='block_1_6' title="bbox 160 4645 752 4692">
    <p class='ocr_par' dir='ltr' id='par_1_11' title="bbox 160 4645 752 4692">
     <span class='ocr_line' id='line_1_39' title="bbox 160 4645 752 4692; baseline 0.003 -2"><span class='ocrx_word' id='word_1_396' title='bbox 160 4645 231 4690; x_wconf 77' lang='lat' dir='ltr'><strong>VOL.</strong></span> <span class='ocrx_word' id='word_1_397' title='bbox 249 4647 301 4690; x_wconf 86' lang='lat'>111.</span> <span class='ocrx_word' id='word_1_398' title='bbox 702 4649 718 4692; x_wconf 76' lang='lat'>⁷.</span> <span class='ocrx_word' id='word_1_399' title='bbox 734 4649 752 4692; x_wconf 79' lang='lat'>¹1.</span> 
     </span>
    </p>
   </div>
   <div class='ocr_carea' id='block_1_7' title="bbox 0 0 1649 5130">
    <p class='ocr_par' dir='ltr' id='par_1_12' title="bbox 0 0 1649 5130">
     <span class='ocr_line' id='line_1_40' title="bbox 0 0 1649 5130; baseline 0 0"><span class='ocrx_word' id='word_1_400' title='bbox 0 0 1649 5130; x_wconf 95' lang='lat' dir='ltr'> </span> 
     </span>
    </p>
   </div>
  </div>
 </body>
</html>
