3284 5130
316 319 378 386 118
618 323 659 389 Β.
683 320 894 389 CYRILLI
923 321 1214 390 ALEXANDR.
1392 343 1450 392 xx.
1465 335 1516 403 17·

313 497 335 534 “
354 489 438 567 ἀλλ’
450 493 484 568 οἰ
498 495 614 573 κακῶς
625 490 798 595 ἕχοντες.”
826 491 952 570 οὐκοῦν
963 488 1035 591 πρὸ
1048 487 1114 588 μὲν
1127 493 1192 588 τῆς
1205 485 1442 571 ἀναστάσεως
1453 489 1517 583 τῆς

314 614 353 690 ἐκ
372 619 505 715 νεκρῶν
524 613 728 721 ἀδιαφόρως
747 614 961 716 ε’πεμίσγετο
980 613 1125 698 δικαίοις
1142 647 1181 694 τε
1199 615 1258 692 καί
1277 613 1516 716 ἁμαρτωλοῖς·

314 735 490 830 ἀπεσόβει
503 735 542 817 δὲ
558 745 745 824 παντελῶς
759 736 883 819 οὐδένα
897 744 971 819 τῶν
982 736 1211 841 προσιόντων
1220 737 1328 845 αὐτῶ.
1356 737 1415 815 καί
1428 741 1518 836 γοῦν

280 859 364 943 bele
381 857 446 940 τὸν
464 855 561 940 οἰκον
580 870 644 942 τοῦ
656 863 858 965 Φαρισαίου
871 860 1157 970 κατακεκλιμεύῳ
1175 858 1275 952 ποτὲ,
1289 859 1380 962 γυνὴ
1394 893 1518 964 παρει-

314 981 439 1083 στήκει
465 983 654 1084 κλαίουσα,
675 995 698 1032 “
713 985 789 1085 ἥτις
814 983 859 1086 ἧν
887 987 926 1064 εὐ
946 1019 991 1091 τη
1020 983 1125 1066 πόλει
1150 981 1395 1089 ἀμαρτωλῦς,”
1423 980 1551 1070 καθιί5

313 1106 523 1210 γε’γραπται,
552 1111 611 1187 καὶ
643 1106 709 1208 τὴν
738 1108 1024 1218 ἀειφιλόκοσμον
1056 1108 1282 1190 ἀπολύσασα
1310 1108 1427 1213 τρίχα,
1457 1108 1517 1186 καί

313 1226 420 1329 μόλις
442 1234 569 1312 ἀνεῖσα
586 1239 658 1312 τῶν
677 1233 837 1338 ἀρχαίων
854 1239 974 1314 κακῶν
990 1233 1199 1336 περιέματτε
1218 1229 1301 1316 τούς
1318 1230 1516 1328 πόδας,καί

315 1353 543 1439 διακωλύσας
561 1357 603 1436 οὐ
622 1355 797 1461 φαίνεται·
837 1355 938 1437 ἀλλά
962 1360 1020 1437 καὶ
1043 1355 1102 1438 ὅτε
1128 1363 1194 1437 τοῦ
1216 1354 1518 1461 ἀρχισυναγῶγου

146 1487 186 1537 1¹³·
197 1486 249 1537 ’ἰΰ-
315 1478 358 1558 τὸ
377 1476 499 1582 κόριον
517 1481 647 1583 ε’γερῶν
668 1479 782 1586 ἀτήει,
802 1479 916 1562 πάλιν
933 1485 1196 1584 προσελθοῦσα
1215 1491 1237 1528 “
1251 1478 1342 1583 γυνή
1360 1480 1399 1558 ἐν
1413 1476 1518 1582 ῥύσει

147 1565 237 1618 Μ
317 1611 339 1651 “
349 1602 497 1701 αἵματος
508 1603 732 1710 οῦσαῆφατο
743 1611 807 1684 τοῦ
819 1604 1169 1708 κρασπε’δουαύτοῦ,”
1184 1605 1243 1684 καί
1253 1596 1518 1708 χαλεπαίνοντα
1535 1632 1576 1673 10

315 1723 382 1823 μὲν
400 1727 562 1827 οὐδαμῶς
586 1727 796 1832 εύρήσομευ,
816 1726 931 1830 λόγου
950 1725 989 1806 δί
1015 1734 1161 1826 μᾶλλον
1179 1725 1289 1828 αὐτήν
1308 1725 1518 1834 ἀξιώσαντα

146 1883 239 1948 11ης.
316 1858 490 1954 χρηστοῦ·
525 1860 546 1899 “
560 1851 729 1956 Θύγατερ
758 1850 841 1956 γάρ,
869 1852 952 1958 ἔφη,
979 1851 1004 1953 ἡ
1033 1852 1156 1937 πίστις
1184 1885 1256 1933 σου
1283 1849 1429 1931 σε’σωκέ
1454 1885 1515 1948 σε,

286 1984 339 2049 ο“
357 1973 510 2075 πορεύου
527 1980 575 2060 εἰς
593 1975 769 2079 εἰρήνην.”
803 1974 904 2056 ἀλλά
923 1973 1003 2056 τότε
1020 1972 1087 2076 μὲν
1106 1980 1346 2074 οἰκονομικῶς,
1367 1977 1426 2055 καὶ
1442 1981 1518 2059 τοῖς

316 2099 529 2201 ἀκαθάρτοις
547 2100 599 2180 ἔτι
620 2103 679 2180 καί
702 2098 977 2200 μεμολυσμένον
995 2099 1120 2205 ἕχουσι
1138 2103 1196 2180 καί
1216 2105 1327 2198 σῶμα
1344 2101 1402 2178 καί
1421 2107 1517 2212 νοῦν,

145 983 246 1062 ΒήΙιοο.

145 1064 188 1098 vu.
201 1061 242 1114 37.

316 2223 565 2308 ἀδιακωλύτως
585 2222 671 2330 ἐξῆν
689 2226 748 2304 καί
770 2226 878 2323 αὐτῆς
896 2227 960 2324 τῆς
979 2224 1082 2327 ἀγίος
1103 2221 1283 2303 ἅπτεσθαι
1299 2223 1436 2327 σαρκὸς
1453 2230 1518 2304 τοῦ
1535 2247 1575 2308 15

317 2349 483 2449 Σωτῆρος
515 2347 616 2448 ἡμῶν
648 2353 824 2450 Χριστοῦ,
855 2350 913 2427 καί
947 2344 1095 2448 ἀπάσης
1126 2346 1292 2448 εὐλογίας
1322 2345 1518 2428 ἀπολαύειν

315 2473 379 2570 τῆς
397 2473 481 2574 παρ’
500 2472 622 2551 αὐτοῦ·
655 2469 774 2572 ἐπειδὴ
793 2470 831 2552 δὲ
849 2467 916 2570 τὴν
935 2472 1017 2552 καθ’
1037 2470 1131 2570 ἡμᾶς
1152 2469 1355 2572 πληρώσας
1377 2475 1515 2551 οἰκονο-

316 2593 411 2694 μίαν,
437 2598 495 2676 καί
522 2593 632 2676 αὐτὸν
656 2594 817 2695 ὐπέμεινε
843 2593 907 2675 τόν
931 2592 1092 2696 σταυρόν
1116 2597 1174 2675 καί
1199 2591 1264 2675 τόν
1285 2597 1343 2676 ε’πί
1368 2600 1518 2702 σταυρῷ

316 2716 483 2819 θάνατον,
502 2719 633 2815 ἀνεβίω
652 2753 691 2800 τε
711 2717 912 2819 πάλιν,καί
932 2716 1087 2800 θανάτου
1106 2719 1288 2821 κρείττονα
1305 2717 1372 2818 τὴν
1387 2719 1519 2800 οἰκείαν

318 2840 432 2948 φύσιν
461 2841 677 2942 ἀποδεικνύς,
705 2843 908 2924 ἀποκωλύει
937 2841 1079 2943 λοιπὸν,
1107 2845 1166 2922 καί
1197 2844 1263 2947 οὐχ
1293 2843 1439 2941 ἑτοίμως
1467 2842 1519 2922 ἔτι
1533 2875 1574 2916 20

318 2964 495 3072 χαρίζεται
524 2974 598 3051 τοῖς
629 2975 846 3072 προσιοῦσιν
882 2968 979 3075 αὐτῷ
1011 2966 1053 3046 τό
1086 2969 1145 3047 καί
1173 2967 1284 3065 αὐτῆς
1317 2970 1381 3067 τῆς
1412 2966 1520 3068 ἁγίας

317 3087 497 3172 ἅπτεσθαι
521 3088 667 3195 σαρκός,
687 3092 800 3173 τύπον
818 3098 894 3176 ταῖς
916 3091 1034 3194 ἀγίαις
1058 3091 1264 3190 ἐκκλησίαις
1286 3094 1346 3171 καί
1364 3097 1416 3198 τῷ
1434 3093 1517 3171 καθ’

283 3213 443 3294 άὲαυτῦν
461 3213 648 3325 μυστηρίῳ
669 3214 711 3297 τῦ
736 3223 887 3318 πρᾶγμα
912 3216 1029 3312 τιθεὶς,
1049 3212 1091 3295 ἰν
1109 3219 1167 3295 καί
1194 3213 1300 3299 αὐτὸς
1321 3213 1405 3312 ἡμῖν
1422 3215 1443 3294 ό
1461 3212 1520 3294 διὰ

316 3346 382 3417 τοῦ
406 3336 602 3444 πανσόφου
632 3337 819 3424 Μωυσέως
845 3337 975 3440 ἐδήλου
1003 3338 1120 3437 νόμος,
1146 3338 1204 3419 ὅτε
1234 3340 1292 3419 καὶ
1323 3345 1372 3423 εἰς
1401 3336 1520 3418 εἰκόνα

148 3477 238 3592 θηοᾶχ
317 3466 483 3566 Χριστοῦ
504 3461 668 3545 διετύπου
688 3462 896 3569 σφάζεσθαι
921 3463 984 3543 τόν
1010 3463 1135 3562 ἀμνόν·
1168 3473 1190 3510 “
1209 3469 1281 3548 πῶς
1305 3463 1376 3566 γάρ
1402 3468 1519 3571 φησιν
1535 3497 1572 3558 ²5

147 3559 214 3606 Μ
318 3595 341 3633 “
357 3587 593 3688 ἀπερίτμητος
625 3588 690 3667 οὐκ
719 3588 832 3667 ἔδεται
862 3587 922 3667 ἀπ’
956 3588 1096 3685 αὐτοῦ,”
1127 3588 1368 3691 ἀπερίτμητον
1399 3587 1519 3688 λε’γων

317 3710 381 3792 τὸν
399 3709 614 3816 ἀκάθαρτον.
654 3711 853 3814 ἀκάθαρτος
879 3711 916 3792 δὲ
938 3709 1030 3791 κατά
1047 3746 1089 3814 γε
1117 3709 1183 3813 τήν
1204 3711 1334 3792 οἰκείαν
1357 3710 1472 3816 φύσιν
1496 3711 1519 3811 ἦ

317 3833 552 3938 ἀνθρωπότης
579 3837 683 3915 νοοῖτ’
711 3832 757 3913 ἀν
784 3834 935 3919 εἰκότως.
970 3835 1010 3916 τί
1033 3834 1105 3938 γάρ
1135 3836 1156 3936 ἡ
1185 3835 1378 3939 ἀνθρώπου
1406 3831 1520 3942 φύσις

318 3965 366 4046 ῶς
391 3958 483 4064 πρός
507 3957 574 4061 τήν
597 3961 751 4039 ἐνοῦσαν
778 3961 831 4067 τῷ
853 3965 936 4067 Θεῷ
962 3959 1214 4062 καθαρότητα,
1254 3964 1310 4039 δεῖ
1329 3965 1521 4062 τοιγαροῦν
1634 3921 1635 4011 ἰ

318 4085 382 4166 οὐκ
413 4082 669 4189 ἀπεριτμήτους
699 4083 760 4181 ἔτι,
792 4084 989 4180 τουτέστιν,
1020 4083 1243 4187 ἀκαθάρτους
1272 4080 1519 4187 τυγχάνοντας
1534 4110 1574 4170 30

358 4365 400 4420 18.
418 4363 475 4437 ἐπὶ]
490 4371 518 4430 ÷
533 4367 570 4438 τῷ
583 4363 606 4419 1.
767 4379 809 4418 21.
827 4361 915 4436 ἁγίας]
933 4368 961 4428 ÷
976 4363 1055 4418 αὒτοῦ
1066 4380 1091 4418 ιι.
1253 4377 1297 4417 22.
1315 4363 1362 4415 τοῦ
1374 4358 1429 4416 καθ
1442 4361 1522 4416 αὐτὸν

215 4463 218 4470 1
319 4436 463 4523 μυστηρίου
476 4435 498 4490 1.
511 4453 536 4490 a.
678 4434 817 4524 τηρφτὸς
829 4434 1067 4522 ἡμῖναςκοιυριιυα
1080 4450 1113 4487 ex
1126 4431 1159 4488 E.
1237 4501 1252 4522 ³
1303 4448 1347 4500 24.
1359 4431 1484 4522 ρουσξυς
1498 4433 1520 4486 1.

318 4506 500 4646 magn&
513 4574 536 4630 I·
549 4593 574 4630 a·
624 4506 667 4560 28.
686 4526 756 4560 νσοιτ
776 4505 969 4560 Ε.Ι.ιι.νοοιτο
982 4503 1034 4560 Εδ.
1176 4520 1221 4574 3ο.
1236 4525 1275 4558 ετι
1287 4502 1521 4574 ροοῑακοθορτους
