3278 5130
134 431 147 498 [
192 432 247 484 ύΜ
268 337 358 498 1406
548 336 588 400 Β.
608 336 797 401 CYRILLI
824 334 1089 400 ALEXANDR.
1118 335 1248 400 FRAG.
1297 335 1340 399 vi.
1354 335 1384 398 8.
1400 335 1443 398 ix.
1456 353 1489 414 4.

162 445 188 481 n
250 467 255 482 ι

125 602 278 685 Κεφ.ς’.8
669 595 712 662 sii
739 591 926 686 ἐκφέρουσα
953 593 1110 661 ἀκάνθας.

340 762 397 845 Ἢ
432 765 545 868 γεμὴν
574 765 733 873 ῥᾴθυμος
762 763 867 872 ψυχὴ
903 764 1151 870 παρεικόζοιτο
1188 761 1233 843 οἰν
1262 762 1405 847 εἰκότως
1441 765 1491 868 γῇ

291 893 431 996 πονηρᾷ
450 894 506 968 καί
528 889 675 988 ἁλμόδι,
694 888 864 994 δεχομένῃ
881 887 947 988 μέν
964 887 1145 973 πολλάκις
1162 886 1261 989 παρὰ
1278 893 1351 966 τῶν
1369 919 1487 988 γηπο-

293 1020 363 1092 νεῖν
390 1015 573 1094 εἰωθότων
586 1012 652 1098 τδις
674 1020 747 1093 τῶν
767 1011 987 1114 σπερμάτων
1012 1011 1231 1108 καταβολὰς,
1254 1010 1427 1116 τικτούσῃ
1452 1009 1491 1089 δὲ

291 1135 334 1216 τὸ
352 1135 502 1234 σύμπαν
521 1138 635 1217 οὐδέν·
674 1143 722 1221 εἰς
749 1143 853 1216 ποῖον
872 1135 909 1215 δὲ
929 1137 1018 1240 αὐτῇ
1043 1134 1147 1219 τέλος
1165 1136 1187 1235 ἡ
1205 1135 1361 1241 ῥᾳθυμία
1378 1131 1487 1232 ἐκβή·
1506 1159 1528 1219 5

292 1293 406 1356 σεται,
434 1259 618 1362 ἄπρακτον
646 1260 870 1366 οἰποφηνόση
897 1259 963 1358 τὴν
990 1263 1159 1338 δοθεῖσαν
1185 1260 1274 1361 αὐτῇ
1301 1256 1401 1358 παρὰ
1425 1264 1491 1335 τοῦ

294 1387 390 1462 Θεοῦ
418 1382 564 1485 δωρειίν,
594 1383 727 1491 διδάξει
756 1383 874 1483 λέγων
896 1384 915 1461 ὁ
936 1388 1095 1479 Παῦλος,
1115 1382 1170 1461 ὅτι
1197 1379 1234 1463 τί
1262 1382 1358 1467 τέλος
1382 1381 1492 1478 αὐτῆς

296 1515 336 1593 εἰς
372 1510 501 1588 καῦσιν.
541 1508 666 1600 βούλει
696 1510 754 1588 καί
785 1506 843 1587 διὰ
871 1502 1095 1608 πραγμάτων
1124 1505 1166 1585 τῦ
1194 1506 1376 1606 εἰρημένον
1405 1507 1493 1584 ἰδεῖν

296 1629 427 1730 ἀληθές
439 1664 450 1727 ;
480 1631 608 1732 γέγονέ
629 1665 717 1711 ποτε
740 1635 787 1734 γῆ
810 1629 1039 1737 καρποφόρος
1058 1632 1078 1709 ό
1094 1628 1250 1730 Ἰσραήλ
1277 1638 1299 1676 “
1311 1624 1492 1724 Ἄμπελος

295 1765 318 1800 “
337 1755 643 1852 εύκληματοῦσιι,”
674 1755 765 1835 κατὰ
792 1754 835 1834 τὸ
862 1753 1122 1856 γεγραμμένον·
1160 1752 1273 1857 ταύτῃ
1297 1749 1492 1853 γεγόνασιν
1509 1791 1552 1831 ιο

295 1879 333 1956 έν
362 1875 462 1979 τάξει
496 1883 616 1984 νεφῶν
644 1882 677 1957 οἰ
714 1877 879 1980 μακάριοι
915 1882 1111 1982 προφῆται,
1143 1878 1201 1956 καί
1239 1878 1345 1960 θείοις
1381 1871 1492 1972 αὐτὴν

198 2053 204 2066 ·
232 2051 239 2066 ·
296 1997 529 2100 κατοίρδοντες
562 1998 696 2103 λόγοις,
726 2005 881 2107 ὠφελεῖν
910 2000 1141 2102 ἐσπούδαζον,
1174 2001 1258 2078 ἀλλ’
1289 2010 1310 2047 “
1324 1998 1492 2096 ἐποίησεν

297 2133 318 2171 “
337 2123 523 2222 ἁκοίνθας,”
550 2125 658 2226 ἀγρία
682 2123 806 2226 γέγονε
829 2127 887 2204 καί
914 2124 1106 2224 ύλομανής·
1147 2123 1285 2204 δέδοται
1305 2121 1424 2203 τοίνυν
1442 2126 1492 2205 εἰς
1539 2145 1547 2158 “

297 2255 436 2346 καῦσιν,
455 2248 640 2329 τουτέστιν
665 2249 841 2353 ἦχρειώθη
864 2256 1061 2346 παντελιῦς,
1087 2251 1144 2328 καί
1170 2254 1222 2356 τῷ
1239 2253 1325 2351 πυρί
1342 2247 1489 2346 τεταμί-

296 2404 405 2450 ευται.
1510 2405 1552 2466 15

166 2482 220 2538 u't
237 2480 284 2537 Μ.

130 2577 207 2656 Κεφ.
220 2571 283 2654 θ’.4
564 2566 708 2652 Χρυσοῦν
734 2564 852 2651 ἔχουσα
872 2565 1082 2652 θυμιατήριον
1108 2591 1136 2634 κ.
1146 2591 1180 2632 π.
1190 2568 1224 2635 λ.

351 2731 464 2812 Ἀλλὰ
491 2742 604 2814 ταῦτα
621 2734 686 2833 μὲν
708 2733 768 2814 διαί
785 2744 923 2837 μακροῦ
946 2739 1109 2837 περὶτῆς
1131 2738 1268 2835 σκηνῆς
1287 2738 1345 2814 καί
1363 2742 1436 2814 τῶν
1453 2737 1493 2814 έν

295 2858 386 2962 αὐτῇ
411 2855 557 2959 εἴρηται·
598 2857 843 2953 ἀναλαβόντες
871 2857 909 2938 δέ
938 2857 997 2939 διοί
1025 2859 1191 2962 βραχέων
1218 2859 1319 2942 αὖθις
1346 2861 1493 2962 ἐροῦμεν

296 2978 352 3059 ὅτι
377 2988 472 3083 τρεῖς
499 2978 595 3080 ἦσαν
612 2981 717 3062 τόποι
744 2987 808 3081 τῆς
835 2987 985 3082 σκηνῆς·
1016 2982 1124 3079 ὃμὲν
1142 2981 1212 3088 ἔξω
1240 2983 1493 3086 ἀφωρισμένος

295 3111 398 3202 πᾶσι,
417 3106 499 3202 μεθ’
521 3102 562 3183 δν
579 3105 622 3184 τὸ
643 3113 789 3209 πρῶτον
808 3105 1083 3204 καταπέτασμα,
1104 3102 1145 3185 τὸ
1165 3107 1222 3184 καί
1241 3107 1494 3210 ε’πίσπαστρον
1510 3154 1557 3194 20

334 3314 357 3350 1.
377 3297 439 3350 Hoc
452 3295 573 3351 scholion
586 3313 600 3350 e
613 3296 687 3351 Maio
700 3305 726 3352 ιιι
739 3296 876 3352 Cramero.
1035 3295 1061 3351 6.
1080 3301 1127 3351 τοῦ
1138 3314 1192 3353 om.
1204 3314 1228 3352 a.
1385 3311 1426 3368 15.
1445 3296 1494 3352 Se·

295 3365 447 3458 quebantur
465 3366 568 3420 scholia
585 3365 649 3431 duo,
667 3385 763 3438 nempe
782 3369 832 3421 Καὶ
850 3369 874 3420 oi
891 3367 1081 3438 μίν-φρονεῖν
1098 3367 1232 3438 ᾑρημένοις
1265 3365 1311 3421 Gr.
1323 3381 1357 3437 57
1379 3367 1494 3440 .9-32],

294 3435 629 3508 εγὴγερτω-όυθρωπίνως
639 3436 698 3508 [οτ.
708 3451 769 3508 575.
781 3439 895 3519 27-576.
909 3455 939 3508 13
968 3437 1001 3492 ad
1014 3447 1156 3492 tractatum
1169 3438 1202 3492 de
1216 3438 1249 3492 R.
1289 3438 1322 3492 de
1334 3384 1494 3509 αθίἰεςὶιιαε

298 3506 357 3574 164,
369 3505 418 3576 165
431 3509 584 3576 spectantia.
621 3507 687 3561 Post
700 3508 765 3563 haec
778 3507 899 3562 scholion
912 3525 944 3561 ex
965 3508 1047 3572 ibent,
1060 3507 1111 3562 sub
1125 3507 1216 3579 Cyrilli
1229 3508 1337 3562 nomine
1350 3509 1495 3563 rectissime

295 3576 561 3702 ςέἰὲιιερίηιηρίιυὶιρ
578 3577 606 3632 b.
622 3577 682 3659 [Cr.
695 3591 756 3702 Ἦ.
769 3577 885 3661 ρ6-578.
898 3577 939 3649 3],
952 3579 1025 3660 qqod
1044 3579 1134 3632 omisit
1153 3578 1495 3703 iliitggoicgqtaasskffiffili

295 3665 399 3786 ἰηιοίί
414 3665 536 3788 ffl-
548 3665 719 3788 ἰῖίίἰῗῖίἵ,
739 3665 1209 3808 [ίίἰιίἰῖιῗίῗβίἰίἱίιίᾌι
1226 3672 1342 3802 πφδ,
1360 3671 1496 3789 ‘afflari

296 3791 341 3844 τὸν
353 3787 470 3844 Μωσέως
488 3790 565 3857 νόμον
583 3789 760 3854 βουθυτοῦυτα
778 3791 819 3844 καί
837 3791 896 3848 τούς
913 3789 943 3858 ἐξ
960 3788 1055 3860 αγίλης
1075 3788 1197 3861 [ἀνάγκης
1209 3787 1278 3860 (τις)
1291 3787 1331 3860 ἰ).]
1345 3789 1440 3859 ιίμνοιίς
1456 3793 1494 3878 τηί

245 3897 248 3905 ·
296 3862 355 3930 Θεῷ
367 3857 533 3946 καταδύοντα,
545 3857 655 3948 im&
667 3859 862 3952 irpo'miyomj
876 3860 1130 3952 gepiflaingaiwi
1147 3865 1199 3914 τῶν
1216 3858 1338 3950 τοιούτωγ
1356 3860 1431 3914 οὐδόν
1447 3881 1495 3914 πε-

294 3931 593 4070 ἰθίἕ“ίιί[ῗί“ίίίἶ’θ
626 3927 1495 4071 ἰρίίὲβόίίχίίρῖἰίίἰίίἰίἰὸίιίίνίςᾟίίμίίῦίίρίἰβ

295 4074 358 4140 γῶν,
376 4070 506 4139 κρείσσων
522 4072 574 4141 γιίρ
609 4093 624 4125 ν
640 4070 764 4141 ἁμαρτίας
782 4072 816 4126 ὣς
834 4074 900 4127 θεὸς
916 4071 976 4124 ἀλλ’
988 4071 1029 4124 ἰυα
1046 4070 1116 4138 λύση
1132 4071 1178 4138 τὴν
1189 4070 1314 4140 ἁμαρτίαν
1325 4074 1372 4124 τοῦ
1384 4073 1495 4138 κόσμου.

295 4139 387 4209 γέγονε
399 4140 485 4194 τοίνυν
495 4141 571 4197 αύτδτ
583 4143 627 4210 τῆς
639 4140 704 4197 ἰδίας
716 4143 874 4211 προσφορᾶς
886 4143 1026 4212 ἰερουργός·
1039 4141 1070 4194 οῦ
1081 4143 1132 4212 γὰρ
1144 4141 1196 4194 ἔδει
1209 4143 1293 4194 κοινδν
1303 4140 1437 4210 ἄνθρωπον
1449 4141 1497 4209 τὴν

296 4210 361 4278 ῦπίρ
380 4213 425 4278 τῆς
442 4213 488 4264 τοῦ
506 4212 606 4279 κόσμου
624 4212 689 4280 ζωῆς
706 4209 799 4265 θυσίαν
816 4215 1005 4280 προσενεγκεῖν,
1018 4211 1059 4264 καί
1076 4214 1189 4282 γεγονὸς
1206 4211 1234 4265 δὲ
1253 4211 1387 4282 ἀρχιερεύς
1404 4210 1447 4264 διδ
1463 4213 1496 4266 τό

295 4279 454 4347 ἀνθρώπινον
467 4281 508 4334 καί
524 4280 552 4334 όν
563 4284 618 4336 τοίς
632 4283 677 4348 τῆς
693 4281 813 4348 θεότητος
829 4281 940 4349 ὁρᾶσθαι
956 4281 1065 4348 θρόνοις,
1081 4280 1216 4350 ίερατεύων
1230 4279 1381 4355 [ἱερατεύειν
1393 4279 1497 4405 ἰι.[)με“ν

296 4349 459 4415 ἀνθρωπίνως
471 4349 511 4404 ὅτι
521 4350 554 4421 γε’
572 4372 629 4404 ονεν
640 4351 782 4419 ἅνθρωπος,
795 4349 955 4419 συνεδρεύων
966 4351 995 4404 δέ
1011 4351 1100 4406 θεῑκῶς
1112 4351 1151 4404 ότι
1163 4351 1287 4420 μεμένηκε
1299 4354 1392 4422 Λόγος.
1452 4361 1497 4406 ost

295 4417 360 4472 haec
374 4419 471 4474 desinit
484 4419 510 4475 b.
531 4373 630 4492 ιοίἰηυα
642 4420 749 4474 exhibet
764 4418 838 4473 nolus
851 4438 875 4474 ιι,
909 4420 1047 4491 [κυρίλλου
1060 4438 1167 4484 nomen,
1181 4421 1226 4475 Cr.
1240 4435 1301 4492 549.
1317 4439 1358 4492 13·
1378 4432 1496 4476 emtum

295 4497 337 4542 est
350 4506 398 4558 pro
412 4459 532 4561 Νείλουί.
711 4503 752 4560 17.
770 4487 860 4543 Verba
871 4491 1041 4546 ἔσονται-τό
1053 4491 1223 4561 τετηρημένον
1236 4491 1309 4548 Maio
1321 4492 1365 4547 hic
1377 4491 1496 4547 exhibita

297 4566 390 4628 utpote
401 4576 417 4613 ο
429 4559 526 4629 Glaph.
540 4575 588 4631 291
604 4560 645 4616 cd
657 4558 809 4616 abbreviata
820 4559 908 4616 omisi.
