3274 5262
312 315 370 374 616

352 495 557 555 Eucharistiam
573 495 745 554 saevientem
756 496 785 552 in
795 513 885 553 mem·

350 593 410 651 bris
423 593 515 651 carnis
534 592 630 670 legem
648 592 731 668 sopit,
747 592 775 650 in
789 593 883 650 Deum

712 315 871 372 INDEX
914 315 1101 374 RERUM.

1362 334 1513 374 canterus

976 497 1103 554 crucifixi
1144 515 1207 562 nos,
1248 497 1515 555 conresurreximus

976 593 1157 651 consedimus
1171 593 1203 652 M
1220 597 1267 652 13.

350 691 486 766 pietatem
514 689 641 754 exardet,
669 708 722 746 nos
749 697 885 764 tanquam
935 689 1066 750 Christus
1080 691 1305 750 Resurrectionis
1326 698 1415 765 ports
1429 695 1515 750 sore

351 787 479 844 infirmos
493 793 573 844 senat
588 789 647 844 368
662 804 687 844 e.

311 881 444 944 Christus
475 883 584 940 suimus
612 901 683 959 quae
711 882 777 941 fidei
804 883 884 939 initio

350 981 458 1056 potitae
479 989 546 1038 sunt
566 981 689 1038 illustrat
706 983 794 1038 l9le
825 997 882 1036 ser-

350 1095 467 1136 monem
478 1076 572 1136 Suum
585 1095 668 1154 saepe
683 1077 835 1152 interpellit
849 1076 885 1133 nd

351 1175 567 1233 Pharisaeorum
596 1173 816 1249 cogitationibus
840 1192 883 1230 re·

350 1271 548 1348 spondendum
563 1275 621 1329 254
637 1270 693 1336 de,
709 1275 768 1329 255
790 1270 884 1345 iudig-

350 1370 395 1428 nis
415 1369 490 1427 velat
513 1368 605 1427 321b
639 1387 657 1425 a
682 1368 751 1424 viris
779 1366 884 1424 sanctis

349 1475 478 1543 portatur
494 1469 552 1524 389
565 1464 639 1522 hed
673 1471 773 1540 utpote
794 1464 883 1528 Deus,

349 1563 566 1622 Pharisaeorum
603 1561 791 1637 cogitationes
824 1579 883 1616 non

349 1661 501 1737 ignoravit,
530 1658 627 1717 omnia
654 1658 767 1716 deitatis
794 1657 884 1716 oculis

349 1757 421 1815 vidit
434 1760 494 1816 462
508 1757 561 1824 cd,
577 1759 635 1814 555
650 1756 702 1813 de.

308 1851 416 1913 Christi
436 1855 538 1911 fratres
557 1854 650 1930 putati
665 1856 724 1912 270
739 1870 764 1918 e,
783 1855 840 1911 397
856 1870 881 1916 e,

351 1954 409 2010 398
424 1969 450 2016 c,
466 1954 523 2009 401
540 1969 564 2007 c.

309 2046 416 2107 Christi
430 2047 535 2105 festum
550 2050 619 2105 402.

308 2144 454 2205 Christum
475 2163 640 2220 agnoscere.
661 2143 811 2201 veritatem
831 2161 881 2217 ap·

348 2241 532 2318 prehendere,
547 2240 640 2298 Putris
653 2240 760 2298 donum
776 2242 834 2298 379
845 2258 872 2296 n.

308 2338 425 2399 Christo
444 2339 463 2396 ii
484 2338 532 2413 qui
552 2344 662 2412 parent,
676 2337 769 2394 Deum
790 2336 882 2392 hono-

347 2443 434 2507 rant;
478 2435 526 2509 qni
559 2452 628 2499 non,
659 2442 760 2490 contra
787 2432 882 2489 Deum

976 787 1063 845 vitum
1074 788 1222 864 pristinem
1233 796 1350 846 naturae
1360 789 1515 845 hominum

976 884 1069 942 reddit
1091 885 1122 941 M
1139 888 1177 943 82
1194 885 1282 961 [Syr]
1319 885 1356 942 ad
1378 885 1515 942 taberne-

976 981 1105 1039 culorum
1135 983 1241 1038 fernim
1275 982 1348 1038 clam
1384 981 1517 1039 ascendit

975 1077 1172 1135 admoniturus
1185 1077 1325 1144 Christus,
1346 1078 1385 1136 nd
1406 1079 1515 1136 saluts·

974 1194 1036 1232 rem
1051 1175 1213 1232 Passionem
1227 1176 1355 1233 nondum
1372 1176 1452 1232 clem
1467 1175 1517 1232 sed

975 1273 1004 1330 in
1031 1273 1110 1348 pullo
1139 1272 1291 1330 considens
1319 1277 1392 1340 404,
1417 1277 1516 1331 4055

975 1370 1005 1426 ἰιι
1025 1369 1102 1427 Test
1124 1370 1192 1427 Vct.
1220 1377 1306 1445 typus
1327 1374 1389 1428 404
1404 1389 1432 1440 e,
1457 1375 1515 1428 405

975 1466 1019 1524 ab
1050 1485 1109 1523 non
1127 1485 1180 1542 pro
1197 1466 1299 1524 timore
1319 1468 1444 1525 recessit
1465 1467 1516 1524 sed

975 1564 1012 1621 ad
1059 1563 1298 1639 dispensationem
1340 1564 1515 1622 servendum

977 1663 1066 1720 3970
1094 1661 1186 1736 Regni
1200 1679 1258 1718 non
1272 1660 1326 1718 erit
1339 1661 1418 1726 finis,
1433 1679 1473 1717 ne
1486 1671 1515 1716 et

975 1757 1082 1833 glorius
1099 1765 1212 1815 nostrae
1226 1765 1303 1814 esset
1316 1755 1382 1813 finis
1397 1757 1438 1814 iii.
1456 1759 1514 1815 416

973 1854 1150 1911 Justifrcetus
1171 1872 1228 1928 quo
1252 1854 1338 1911 modo
1358 1852 1394 1911 Μ
1411 1857 1442 1920 8,
1464 1871 1514 1928 per

974 1949 1164 2007 obedientiam
1189 1949 1343 2026 perlectam
1373 1950 1459 2008 Illius
1485 1957 1514 2006 et

974 2065 1027 2103 nos
1040 2046 1079 2104 iii
1095 2049 1164 2118 598,
1179 2051 1246 2106 599.

933 2142 1041 2203 Christi
1061 2161 1156 2200 sermo
1177 2161 1261 2220 seepe
1279 2144 1316 2201 ad
1329 2143 1512 2203 ludaeorum

973 2239 1197 2315 intelligentiam·
1209 2240 1366 2307 demissior,
1383 2242 1510 2298 animum

972 2345 1069 2394 temen
1088 2337 1236 2395 conditum
1253 2337 1443 2414 altioremque
1460 2339 1509 2396 hs-

973 2434 1043 2492 beus
1058 2437 1117 2491 465
1131 2435 1160 2491 d.

347 2540 465 2608 peccunt
481 2534 539 2590 836
555 2549 571 2586 o
606 2529 700 2587 cibum
721 2529 883 2588 obedientia
933 2529 1064 2591 Christus
1078 2540 1190 2588 torrens
1204 2530 1369 2589 deliciarum
1382 2535 1446 2590 468
1459 2531 1509 2602 de,

346 2637 445 2686 nostre
458 2629 494 2686 iii.
507 2632 576 2698 472,
592 2630 663 2685 473.

307 2724 439 2785 Christus
459 2723 552 2782 innuit
573 2723 610 2781 Se
624 2724 728 2780 Mosen
749 2741 881 2799 superare

348 2826 407 2882 323
423 2822 450 2887 d,
468 2826 526 2881 324
554 2819 641 2877 inEo
662 2821 758 2876 omnia
776 2819 882 2877 Divina

348 2925 445 2978 5550
482 2929 511 2976 et
534 2915 657 2975 euobis
683 2923 714 2973 et
737 2917 881 2975 cssnctis

271 2999 277 3014 ⁸
347 3016 468 3092 Angelis
476 3013 760 3073 adoretusM85liu.
780 3022 881 3071 utme·

348 3113 427 3170 dicus
448 3113 560 3189 sapiens
580 3110 759 3168 infirmitates
780 3111 879 3186 aperit,

346 3229 405 3286 quo
426 3217 561 3266 sanentur
581 3206 672 3268 arod
720 3209 879 3266 venientem

347 3307 383 3362 ad
405 3303 443 3362 Se
464 3323 523 3361 non
543 3306 629 3379 ejicit,
647 3324 706 3362 non
719 3305 880 3363 venientem

346 3401 424 3476 ejicit
439 3403 498 3459 328
513 3420 529 3457 e
562 3395 682 3461 «ludaeis
695 3401 881 3477 traditorique

347 3497 384 3554 ad
407 3497 483 3554 Eum
510 3500 682 3573 captandum
702 3501 881 3558 venientibus

346 3594 510 3668 incognitus
524 3599 601 3654 1013
611 3596 640 3662 d,
658 3597 735 3655 1014
757 3606 787 3655 et
800 3615 880 3672 prae-

346 3700 391 3749 ter
400 3690 485 3748 Illum
498 3709 581 3749 nemo
591 3713 644 3769 pro
656 3694 738 3750 nobis
752 3701 880 3751 mortuus

350 3791 427 3846 1015
447 3789 493 3845 sb
528 3788 702 3865 Unigenitus
729 3799 763 3848 ut
790 3789 878 3856 Deus,

346 3892 380 3941 ut
418 3884 514 3941 Homo
549 3885 759 3962 Primogenitus
786 3885 818 3943 M
841 3891 879 3946 66

346 3980 409 4038 init.

306 4076 414 4137 Christi
428 4077 540 4153 Corpus
553 4087 619 4153 post
633 4079 878 4138 Resurrectionem

346 4173 457 4248 Corpus
467 4192 575 4245 verum,
586 4194 645 4233 non
656 4175 756 4233 umbra
772 4180 849 4236 1103
860 4178 879 4234 b

346 4278 376 4328 et
395 4271 478 4328 uobis
498 4273 680 4330 connaturale
699 4282 728 4330 et
742 4273 879 4332 Divinum

346 4365 546 4443 vivificatisque
576 4367 614 4428 iii.
644 4373 703 4429 480
767 4371 879 4430 Natura

348 4479 434 4536 quum
455 4465 492 4521 sit
506 4472 613 4534 nostra,
627 4485 694 4527 cum
709 4468 753 4525 Eo
767 4475 797 4526 et
809 4486 878 4526 con·

975 2631 1069 2697 scon,
1093 2628 1209 2699 iusso,
1223 2628 1260 2688 ef.
1274 2629 1307 2684 M
1322 2632 1359 2686 oi
1378 2631 1421 2704 [p.
1434 2629 1505 2702 279]

973 2725 1084 2782 medico
1097 2733 1277 2800 comparatus
1292 2726 1383 2784 894d
1416 2726 1507 2785 hoedo

973 2821 1010 2879 iii.
1027 2825 1086 2879 400
1127 2822 1219 2896 capris
1246 2822 1358 2880 duobus
1384 2823 1427 2883 iii.
1450 2826 1506 2882 422

973 2919 1080 2977 cviiii.
1102 2923 1160 2977 595
1182 2919 1390 2978 1114110965
1429 2929 1508 2996 petrs

974 3015 1008 3072 M
1025 3019 1061 3073 61
1089 3016 1131 3091 [p.
1147 3018 1221 3092 278]
1246 3017 1336 3075 nubes
1356 3017 1505 3093 11615.

974 3114 1060 3186 279].

932 3207 1079 3269 Christum
1104 3227 1166 3267 esse
1190 3209 1265 3267 Eum
1289 3211 1347 3281 Qui
1376 3211 1449 3270 dicit
1476 3229 1508 3268 ea

973 3325 1044 3382 quse
1064 3325 1122 3363 non
1138 3315 1204 3364 sunt
1217 3306 1341 3365 hominis
1355 3309 1507 3384 opinentur

973 3411 1002 3460 et
1029 3403 1150 3461 ministri
1179 3408 1237 3462 479
1287 3413 1507 3481 expectaverunt

972 3499 1073 3558 Judaei
1089 3503 1148 3559 624
1160 3501 1207 3558 hd
1233 3501 1434 3561 absconditum
1448 3503 1506 3561 fore

972 3595 1156 3655 nihilomiuus
1183 3601 1242 3656 624
1268 3599 1317 3657 de
1365 3619 1417 3658 cur
1451 3619 1506 3658 nou

971 3693 1080 3751 Lucem
1104 3695 1269 3771 simpliciter
1292 3696 1342 3754 sed
1367 3705 1386 3729 ⁴⁴
1398 3697 1507 3755 Lucem

972 3790 1098 3847 mundi”
1121 3790 1160 3849 Sc
1180 3792 1337 3868 appellatur
1352 3796 1425 3854 485.

932 3886 1078 3947 Christum
1099 3887 1129 3944 in
1149 3888 1208 3945 vite
1229 3889 1322 3947 adhuc
1342 3909 1402 3948 nou
1421 3911 1505 3968 quse·

972 3993 1077 4049 rentes,
1089 3985 1118 4041 in
1129 3985 1227 4043 inieris
1238 3994 1267 4044 et
1277 3986 1359 4045 inriti
1369 3997 1505 4062 quaerent

974 4084 1033 4139 500
1047 4081 1124 4138 ebo.

931 4176 1057 4245 Christo,
1071 4178 1182 4236 coelum
1199 4179 1316 4248 creanti,
1330 4181 1461 4258 Angelos
1478 4194 1505 4241 et

970 4275 1175 4351 Archangelos,
1217 4277 1352 4336 miracula
1393 4289 1505 4355 patrare

970 4371 1040 4429 nihil
1055 4376 1125 4431 523.

930 4466 1037 4528 Christi
1062 4469 1244 4529 Divinitntem
1268 4472 1317 4548 qui
1340 4489 1399 4531 non
1426 4475 1503 4533 firme
