3284 5130
299 369 362 431 138
465 425 468 434 ι
601 366 877 434 B.CYRILLI
907 362 1198 429 ALEXANDR.
1309 375 1494 443 xx.22,23.

299 541 362 609 τοῦ
383 533 592 629 Πνεύματος
610 531 764 612 κάθοδον
781 535 1040 631 ἀπομιμεῖσθαι
1058 525 1352 628 παρασκευάσας.
1384 521 1439 603 ὅτι
1458 521 1496 600 δέ

300 654 461 757 καθάπερ
491 659 527 735 ἐν
554 652 654 762 τάξει
684 656 835 756 σημείου
868 660 926 735 καὶ
957 662 1063 734 τοῦτο
1093 651 1179 732 αὐτὸ
1212 658 1286 736 τοῖς
1313 647 1497 729 Ἰουδαίοις·

299 779 415 877 ἐδόθη,
434 776 605 878 συνήσεις
630 776 794 874 εὐκόλως,
813 777 901 858 ὅταν
925 776 1082 882 ἀκούσης
1106 783 1170 855 τοῦ
1193 775 1339 856 πάντων
1357 770 1495 851 δεσπό-

209 937 215 950 ·
300 937 364 982 του
382 906 477 982 Θεοῦ
502 902 561 982 διὰ
586 908 648 1002 τῆς
676 911 738 983 τοῦ
766 901 956 1009 προφήτου
980 900 1150 1004 λέγοντος
1176 903 1297 1007 φωνῆς
1316 893 1437 976 “⁰Ou
1460 898 1498 973 ἐν

215 1067 221 1082 ·
302 1037 323 1074 “
341 1027 629 1129 ἑτερογλώσσοις
658 1031 715 1106 καὶ
743 1030 779 1105 ἐν
808 1026 968 1131 χείλεσιν
996 1023 1123 1127 ἐτέρων
1151 1019 1308 1121 λαλήσω
1336 1024 1388 1127 τῷ
1418 1023 1533 1125 λαῲ5

302 1161 323 1196 “
344 1148 487 1256 τούτῳ,”
508 1153 567 1230 καὶ
589 1152 632 1230 ού
656 1149 706 1248 μὴ
731 1149 993 1230 πιστεύσωσιν.
1033 1149 1159 1227 οῦκοῦν
1177 1148 1235 1226 ἵνα
1259 1143 1497 1238 πιστεύωμεν,

273 1271 357 1353 οῦτι
391 1307 459 1376 περ
490 1276 636 1374 ἀληθῶς
670 1271 814 1378 μέτοχοι
846 1283 910 1352 τοῦ
941 1273 1069 1374 Ἀγίου
1102 1267 1309 1367 Πνεύματύς
1341 1273 1433 1346 εἰσιν
1466 1270 1499 1344 οἱ

302 1395 468 1498 μακάριοι
493 1400 660 1496 μαθηταὶ,
680 1401 737 1476 καὶ
764 1397 963 1501 ἀνωθεντῇ
988 1394 1086 1497 παρὰ
1108 1400 1273 1496 Χριστοῦ
1298 1425 1496 1487 κατεστεμ·

302 1519 401 1619 μένοι
427 1518 545 1624 χάριτι
568 1522 698 1601 λοιπόν
716 1528 796 1616 εἶσι,
816 1525 874 1600 καὶ
902 1524 1015 1600 ἱκανοὶ
1041 1515 1132 1620 πρὸς
1158 1517 1225 1616 τὴν
1244 1521 1307 1615 τῆς
1332 1515 1501 1614 ἀληθείας

303 1642 491 1749 ἐξήγησιν,
515 1648 573 1723 καὶ
598 1641 841 1750 ἀξιοζήλωτον
866 1643 990 1748 έχουσι
1018 1647 1081 1742 τῆς
1109 1643 1197 1726 ἰδίας
1221 1642 1432 1736 ἀποστολῆς
1459 1635 1501 1717 τὸ
1517 1675 1557 1718 ιο

305 1767 483 1870 καύχημα,
501 1773 546 1871 τῇ
564 1767 608 1875 ἐξ
624 1769 740 1873 ὕφους
758 1767 1062 1870 μεμαρτυρημένοι
1080 1770 1204 1872 δωρεᾷ,
1219 1762 1501 1869 καταπεφοίτηκε
1523 1788 1524 1791 ’

304 1890 346 1970 τῦ
365 1899 438 1992 πῦρ
455 1894 494 1969 ἐν
512 1890 593 1970 εἴδει
613 1897 813 1993 γλωσσῶν.

362 2021 529 2116 Διαρκιῦς
554 2012 620 2113 μέν
638 2017 700 2095 οῦν
720 2013 967 2115 ὑπολαμβάνω
991 2017 1093 2096 ταυτὶ
1118 2012 1202 2118 παρ’
1221 2014 1321 2112 ἡμῶν
1339 2015 1503 2114 εἰρῆσθαι

305 2140 380 2216 νυνὶ
401 2135 492 2240 πρὸς
511 2139 746 2239 παράστασιν
765 2141 896 2242 ἀκριβῆ
915 2145 979 2239 τῆς
996 2146 1070 2219 τῶν
1088 2138 1325 2241 προκειμένων
1343 2135 1501 2236 θεωρίας·

305 2261 423 2358 ἐπειδὴ
452 2260 489 2340 δέ
517 2269 643 2342 πᾶσαν
666 2263 758 2361 ἡμᾶς
786 2271 849 2342 τοῦ
875 2262 989 2366 λόγου
1012 2269 1193 2344 ποιεῖσθαι
1217 2258 1389 2362 προσήκει
1413 2256 1504 2361 πρό·
1520 2281 1559 2344 15

139 2405 265 2463 110οΑ-
277 2419 295 2459 ι
308 2417 415 2481 νοιαν,
435 2387 483 2469 ὡς
502 2382 547 2464 ἀν
565 2387 615 2487 μή
635 2421 669 2466 τι
687 2395 761 2471 τοῖς
780 2390 952 2492 ἀδελφοῖς
974 2387 1127 2492 ἀναφύοι
1152 2384 1195 2466 τῦ
1219 2383 1426 2463 σκάνδαλον
1445 2380 1504 2460 διά

306 2511 370 2604 τῆς
387 2543 495 2588 τινων
513 2513 769 2617 συκοφαντίας,
789 2511 874 2616 φέρε
899 2497 972 2594 τοῖς
998 2511 1189 2613 εἰρημένοις
1209 2507 1428 2609 τρωθέντες
1446 2506 1505 2585 καὶ

307 2641 424 2731 τοῦτο,
456 2636 514 2713 καὶ
550 2633 615 2720 τάς
648 2634 800 2716 ἔσεσθαι
831 2633 1133 2736 προσδοκωμένας
1165 2631 1264 2735 παρά
1296 2665 1360 2710 του
1396 2627 1507 2732 τυχόν

308 2758 600 2857 ἀθυρογλωττίας
634 2758 941 2861 διακρουσύμεθα·
984 2755 1182 2857 εὑρήσομεν
1214 2755 1333 2835 τοίνυν
1363 2755 1401 2832 ἐν
1434 2757 1508 2836 τοῖς

309 2879 439 2984 ἐφεξῆς
459 2882 718 2983 γεγραμμένων,
741 2882 796 2962 ότι
814 2893 837 2930 “
850 2887 985 2981 Θωμᾶς
1010 2883 1031 2961 ό
1053 2880 1245 2982 λεγόμενος
1264 2881 1423 2978 Δίδυμος
1442 2877 1506 2956 ούκ
1522 2907 1563 2946 20

311 3011 333 3048 “
351 3001 396 3101 ἦν
423 3002 513 3101 μετά
541 3010 613 3082 τῶν
641 3012 811 3103 μαθητῶν
842 3004 900 3085 ὅτε
929 3004 1039 3105 ἦλθεν
1069 3007 1089 3084 ό
1114 3004 1291 3105 Ἰησοῦς.”
1325 3010 1403 3086 πῶς
1430 3002 1506 3092 οὖν,

312 3127 383 3226 ἐρεῖ
403 3161 456 3210 τις
481 3130 538 3205 καὶ
564 3126 666 3224 μάλα
693 3129 843 3226 δικαίως,
866 3128 963 3231 είπερ
989 3133 1096 3228 ἀπῆν,
1116 3133 1262 3228 ἀληθῶς
1289 3137 1353 3208 τοῦ
1379 3127 1508 3228 Ἅγίου

313 3247 523 3347 Πνεύματος
542 3253 727 3355 ἀνεδείχθη
746 3251 906 3356 μέτοχος,
926 3250 985 3330 ότε
1006 3259 1081 3336 τοῖς
1106 3258 1279 3351 μαθηταῖς
1297 3251 1509 3354 ἐπέλαμψεν

313 3374 333 3451 ὁ
353 3371 492 3476 Σωτήρ,
513 3373 695 3481 ἐνέφύτησέ
708 3409 748 3455 τε
774 3377 892 3477 λέγων
912 3374 1049 3468 Λάβετι
1072 3377 1207 3480 Πνεῦμα
1223 3374 1360 3478 Ἃγιιις
1392 3372 1511 3479 φαμέν

280 3497 388 3592 δοῦν,
406 3496 462 3577 ὅτι
480 3496 571 3578 κατά
596 3497 730 3582 παντὸς
753 3499 878 3602 ἐχώρει
905 3508 968 3578 τοῦ
994 3501 1174 3594 λαβόντος
1199 3497 1264 3599 τὴν
1283 3496 1388 3604 χάριν
1406 3499 1428 3598 ἡ
1447 3506 1511 3578 τοῦ
1525 3521 1565 3582 ²5

317 3619 526 3718 Πνεύματος
550 3621 705 3718 δύναμις,
726 3624 783 3701 καὶ
808 3621 872 3701 τὸν
894 3629 957 3701 τοῦ
984 3622 1143 3709 διδόντος
1170 3622 1329 3724 ἐπλήρου
1357 3621 1509 3704 σκοπόν.

316 3742 445 3823 δέδωκε
472 3743 511 3823 δέ
537 3746 557 3823 ό
585 3743 747 3844 Χριστὸς
773 3747 819 3824 ού
842 3780 938 3825 τισιν
966 3745 1034 3826 ἀνά
1060 3749 1177 3850 μέρος,
1202 3747 1288 3827 ἀλλ’
1313 3745 1410 3830 ὅλοις
1439 3753 1513 3829 τοῖς

316 3872 503 3966 μαθηταῖς.
555 3869 682 3949 ούκοῦν
710 3869 873 3974 δέχονται
901 3873 959 3949 καὶ
987 3876 1017 3950 εἰ
1044 3868 1094 3970 μή
1120 3869 1291 3975 παρῆσάν
1319 3903 1420 3966 τινες,
1450 3873 1514 3968 τῆς

318 3999 382 4072 τοῦ
419 3991 577 4078 διδόντος
613 3992 820 4098 φιλοτιμίας
863 3994 927 4072 οῦκ
964 4000 1013 4079 εἰς
1049 3995 1178 4090 μόνους
1214 3993 1296 4079 τοῦς
1332 3991 1514 4097 παρόντας

318 4113 623 4214 συστελλομένης,
643 4114 728 4196 ἀλλ’
748 4122 798 4200 εἰς
824 4113 968 4196 ἅπαντα
997 4117 1187 4217 διηκούσης
1216 4117 1280 4197 τόν
1306 4125 1376 4198 τῶν
1402 4119 1515 4219 ἀγίων
1528 4151 1568 4208 30

319 4236 538 4318 ἀποστόλων
569 4237 689 4342 χορόν.
738 4239 793 4320 ὅτι
825 4238 863 4319 δέ
894 4239 1013 4337 βίαιον
1041 4240 1142 4320 ούδέν
1170 4240 1448 4348 πεφρονήκαμεν
1478 4243 1516 4320 ἐν

319 4363 467 4460 τούτοις,
499 4364 583 4443 ἀλλ’
614 4361 693 4442 οῦδέ
726 4365 962 4468 ἀναίσχυντος
995 4365 1079 4464 ἡμῖν
1109 4367 1129 4445 ό
1160 4375 1318 4451 τοιοῦτος
1353 4372 1516 4472 φανεῖται

776 4591 802 4646 6.
821 4591 1011 4650 πιστεύσουσιν
1024 4595 1056 4650 Ε.
