3280 5142
132 346 222 412 xviii.
237 349 291 435 38,
303 369 357 436 39.
413 349 471 413 1N
501 349 534 414 s,
557 348 814 415 JoANNEM.
860 347 957 414 οπο.
981 347 1061 414 x11.
1295 347 1337 413 ευ

132 545 247 594 τατσν
279 516 488 595 ῦπεκκλῖναι
519 514 640 612 κακὸν,
670 512 737 614 τὴν
769 513 860 594 κατά
894 519 1059 617 Χριστοῦ
1095 511 1133 592 δέ
1170 507 1338 611 δηλονότι

133 638 346 745 μιαιφονίαν
383 640 488 745 φημί.
537 644 760 741 παραιτεῖται
795 646 987 741 τοιγαροῦν
1027 639 1047 716 ὁ
1085 634 1248 721 Πιλάτος
1282 635 1336 715 ἐπ’

134 762 251 843 οὐδενὶ
288 769 362 843 τῶν
393 762 539 845 ἀτόπων
571 762 723 847 ἁλόντος
759 760 782 863 ἢ
820 762 1063 863 ἐληλεγμένου
1100 755 1339 841 καταδικάσαι

133 891 314 990 Χριστοῦ,
347 890 406 968 καί
438 886 503 967 τὸν
535 889 648 972 αἰτίας
684 885 830 986 ἀπάσης
866 890 915 973 ὡς
950 883 1170 990 πορρωτάτω
1206 880 1256 984 μὴ
1293 879 1338 982 δὴ

99 1015 268 1116 εχρῆναι
296 1009 395 1097 δίκας
422 1011 705 1115 εἰσπράττεσθαι
736 1011 844 1115 λέγει,
872 1008 1018 1119 ἀπῳδόν
1050 1045 1089 1091 τε
1121 1007 1210 1090 εἰναι
1240 1043 1333 1092 παν-

135 1141 252 1219 τελῶς
281 1137 339 1215 καί
367 1142 441 1219 τοῖς
468 1137 543 1216 κατ’
566 1133 676 1215 αὑτὸν
700 1143 806 1216 τοῦτο
831 1134 951 1234 νόμοις
975 1137 1014 1214 εὖ
1038 1133 1141 1233 μάλα
1162 1132 1338 1238 δασχυρί-

135 1257 243 1362 ζεται,
271 1257 338 1359 τὴν
365 1256 458 1340 κατιί
484 1268 549 1341 τοῦ
577 1260 672 1340 θείου
700 1259 811 1359 νόμον
839 1259 1137 1366 φρικωδεστάτην
1164 1256 1338 1340 ἀπόνοιαν

134 1389 211 1463 τιῦν
228 1384 412 1464 Ἰουδαίων
440 1387 672 1465 ἐκδυσωπῶν.
713 1380 801 1491 ᾤετο
828 1381 900 1486 γάρ
927 1388 999 1464 δεῖν
1025 1383 1087 1463 ἅτε
1114 1380 1159 1485 δὴ
1187 1387 1246 1464 καί
1274 1381 1338 1464 τόν

134 1516 201 1587 τοῦ
228 1507 365 1588 δικαίου
388 1511 506 1588 τεκαὶ
531 1507 614 1587 ἰσου
640 1504 753 1609 λόγον
770 1507 984 1610 πρεσβεύειν
1000 1505 1338 1610 ἐπαγγελλομένους

83 1669 122 1710 ιο
136 1631 347 1712 ἀναπείσειν
364 1635 587 1738 παραχρῆμα
605 1633 650 1737 τῇ
668 1639 733 1712 τοῦ
757 1632 892 1712 δικαίου
916 1633 975 1713 καί
999 1630 1197 1735 πρέποντος
1221 1654 1373 1736 παρα-(1

136 1756 250 1836 θέσει.
292 1759 533 1857 διενθυμηθείς
551 1755 589 1836 δέ
610 1756 723 1837 πάλιν
741 1755 833 1836 κατά
858 1789 899 1858 γε
924 1756 965 1836 τὸ
991 1754 1092 1853 εἰκὸς,
1110 1756 1165 1836 ότι
1183 1760 1247 1855 τῆς
1265 1761 1338 1836 τῶν

135 1880 322 1960 Ἰουδαίων
337 1882 547 1983 προπετείας
565 1880 608 1960 οῦ
624 1879 774 1983 μετρίως
792 1877 1068 1984 κατηγορήσειεν
1086 1877 1132 1959 ἀν
1149 1878 1192 1959 τὸ
1215 1879 1339 1983 πάσης

136 2005 254 2088 αἰτίας
289 2003 541 2084 ἀπολελύσθαι
578 2002 643 2084 τὸν
675 2007 941 2108 προσηγμένον,
971 2004 1029 2084 ἵνα
1058 2002 1109 2104 μὴ
1142 2003 1201 2084 διά
1231 2014 1337 2086 τοῦτο

136 2128 248 2233 τυχὸν
277 2130 493 2232 ἰταμώτερον
520 2129 708 2231 ἐγκέοιντο,
731 2131 789 2208 καί
817 2133 1051 2236 φιλονεικοῖεν
1077 2126 1231 2229 ἀτόπως,
1254 2128 1338 2210 ὁδὸν

86 2281 122 2342 15
137 2249 267 2355 ὥσπερ
282 2258 334 2360 τῷ
351 2249 538 2356 πράγματι
554 2254 612 2333 καί
631 2253 763 2358 χρῶμά
783 2287 818 2332 τι
842 2253 1045 2334 κάλλιστον
1064 2256 1203 2352 ἐπινοεῖ,
1220 2251 1338 2356 λέγων

129 2373 234 2456 Ἔστι
253 2374 401 2470 συνήθεια
420 2382 494 2483 ὑμῖν
508 2375 565 2458 ’ίιιι
584 2375 639 2458 ἵνα
658 2375 791 2483 δέσμιοι
809 2377 976 2458 ἀπολύσω
994 2383 1069 2485 ὑμῖν
1086 2379 1115 2458 ἐν
1129 2387 1176 2486 τῷ
1193 2377 1337 2476 πάσχα,

136 2498 303 2594 βούλεσθε
328 2497 377 2581 σόν
394 2500 561 2582 ἀπολίπω
585 2505 660 2608 ὑμῖν
678 2499 728 2583 τίν
746 2500 905 2596 βασιλέα
930 2501 990 2583 τῶν
1007 2499 1193 2598 Ἰουδαίων,
1223 2504 1335 2596 βασι-

136 2621 207 2706 λέα
235 2623 273 2704 δέ
300 2625 361 2706 τοῖν
377 2620 543 2707 Ἰουδαίων
565 2624 747 2728 ὀνομάζων
768 2624 833 2707 τὸν
851 2627 1006 2726 Ἰησοῦν,
1025 2623 1276 2731 χαριεντίζεταί
1300 2659 1339 2706 τε

137 2750 230 2848 ὁμοῦ
248 2752 307 2829 καί
326 2751 497 2857 ὑποχαλᾷ
521 2755 573 2858 τῷ
594 2751 725 2858 γελοίῳ
743 2748 899 2850 τὴντῶν
918 2748 1191 2851 λελυττηκάτων
1209 2749 1337 2852 ὀργὴν,

84 2915 124 2958 20
137 2873 178 2953 ἐν
194 2874 314 2982 ταύτῷ
332 2907 371 2954 τε
389 2873 534 2954 δεικνύει
553 2877 612 2954 καί
630 2875 731 2972 μάλα
748 2880 890 2980 σαφῶς,
905 2878 953 2959 ὡς
971 2876 1024 2955 ἐπ’
1046 2875 1142 2982 αύτῷ
1161 2872 1205 2975 δὴ
1223 2873 1339 2983 τούτῳ

138 3005 390 3101 κατηγορεῖται
407 2998 534 3100 μάτην·
572 2997 623 3099 μὴ
640 2996 713 3102 γὰρ
733 2997 779 3078 ἀν
797 2996 962 3104 ἀφέσεως
985 2998 1145 3106 ἀξιοῦσαί
1163 3033 1251 3079 ποτε
1275 2997 1339 3080 τὸν

137 3123 196 3202 ἐπὶ
221 3121 400 3226 τυραννίδι
428 3125 486 3203 καί
515 3128 741 3231 νεωτερισμῷ
767 3125 819 3229 τῷ
847 3120 939 3204 κατά
955 3123 1143 3222 Ῥωμαίων
1161 3157 1338 3226 κατεγνω-
1351 3149 1504 3206 a1041A.

137 3244 287 3344 σμένον,
306 3244 370 3326 τὸν
387 3247 575 3344 Ῥωμαίων
597 3243 817 3351 στρατηγόν.
858 3247 900 3325 δι’
921 3242 972 3326 ὧν
999 3247 1063 3326 οὖν
1089 3248 1223 3326 ἀνεῖναι
1249 3281 1338 3352 προ-

138 3369 269 3474 τρέπει,
288 3369 556 3473 μεμαρτύρηκεν
575 3372 671 3479 αάτηῖ
687 3369 729 3450 τῦ
747 3377 935 3455 παντελῶς
954 3372 1171 3452 ἀνυπαίτιον.

84 3541 123 3600 25
196 3497 310 3574 Ταυτί
338 3493 404 3592 μὲν
423 3496 485 3574 οὖν
505 3492 601 3594 οἶμαι
623 3494 686 3575 τὸν
708 3500 780 3574 τῶν
797 3493 1036 3598 προκειμένων
1054 3499 1219 3596 δηλῶσαι
1243 3530 1334 3576 σκο-

138 3618 222 3699 πόν·
261 3620 551 3725 διασκεπτομένῳ
581 3619 624 3699 δέ
650 3653 712 3717 μοι
748 3621 806 3697 καί
843 3626 1039 3699 σκοποῦντι
1069 3620 1145 3698 κατ’
1173 3619 1337 3718 ἐμαυτὸν,

137 3739 252 3822 πόθεν
270 3741 340 3844 ἀρα
362 3749 437 3827 τοῖς
453 3742 635 3828 Ἰουδαίοις
661 3744 699 3822 ἐν
717 3744 787 3823 ἔθει
809 3744 956 3845 γέγουεν
978 3742 1129 3850 ἐξαιτεῖν
1153 3743 1230 3828 ἐνὸς
1248 3742 1339 3849 άφε

138 3899 214 3964 σιν,
232 3864 255 3967 ἢ
275 3876 416 3972 λῃστοῦ
441 3867 552 3972 τυχὸν
570 3863 593 3966 ἢ
613 3874 795 3974 φουευτοῦ,
815 3865 994 3969 λογισμὸς
1017 3865 1082 3965 μέν
1104 3869 1270 3966 ἐπῆλθεν,
1290 3870 1338 3952 ὡς

139 3989 256 4070 οὐκέτι
282 3989 348 4089 μέν
370 3988 490 4072 πάντα
517 3989 609 4070 κατά
638 3988 703 4072 τὸν
730 3996 825 4072 θεῖον
853 3992 971 4075 αὐτοῖς
997 3988 1191 4093 ἐτράπετο
1217 3989 1339 4087 νόμον,

82 4157 123 4216 30
138 4113 236 4195 ε”θεσι
262 4113 300 4195 δέ
323 4121 470 4216 μᾶλλον
489 4115 587 4200 ἰδίοις
605 4116 876 4221 ἀποκεχρῆσθαι
903 4120 1040 4211 δοκοῦν,
1058 4111 1149 4216 πρὸς
1171 4113 1338 4218 ἐξίτηλον

178 4327 203 4367 1.
221 4313 337 4383 Χριστὸν
349 4312 382 4368 Ε.
489 4330 515 4368 2.
534 4313 610 4381 δηλοῖ
621 4331 670 4383 pro
682 4313 752 4384 φημί
764 4313 797 4369 Ε.
912 4329 939 4384 3.
956 4311 1123 4367 καταδικάσας
1136 4309 1200 4366 EAE.
1215 4308 1266 4365 Εθ.
1280 4329 1336 4384 mg.

138 4383 298 4452 καταδικάση
311 4381 362 4440 Εδ.
499 4399 526 4456 5.
543 4383 704 4455 πράττεσθαι
717 4383 749 4439 Ε.
887 4401 914 4455 9.
932 4381 1174 4454 ἐπαγγελλομένους
1187 4381 1219 4438 Ε.
1233 4381 1336 4453 Migne.

139 4453 427 4525 έκαγγελομίνονςΕδ.
597 4471 672 4509 ηις
752 4455 851 4527 ρίσειεν
863 4454 895 4510 Ε.
1064 4469 1107 4510 20.
1124 4453 1239 4510 δείκνυσι
1254 4451 1336 4508 Cord.

139 4541 185 4580 αι.
202 4525 267 4594 μηδὲ
280 4523 363 4580 cord.
444 4541 487 4580 ατ.
507 4523 562 4597 ἐπὶ]
576 4525 645 4596 bvj
660 4525 743 4582 Gor.
780 4523 1133 4582 Desunthaecverbaina.
1213 4523 1256 4579 τό.
1275 4544 1337 4578 axo·

137 4597 237 4650 ποῦντσ
249 4595 282 4650 Ε.
390 4609 433 4668 27.
451 4596 582 4654 Ἰουδαίου
595 4597 627 4652 Ε.
682 4594 804 4668 ἐξαιτεῖν]
817 4593 1054 4668 τδίξαιτεῖνῦαἰί.

183 4695 253 4744 VOIa.
269 4699 314 4746 111.
734 4698 747 4742 1
