3284 5130
124 353 246 421 xx.28.
300 352 353 418 IN
384 353 702 420 S.JOANNEM.
748 355 952 423 LIB.x11.
991 358 1148 425 CARI.
1260 362 1324 425 149

125 515 307 618 ζητήσεως
334 522 392 596 καὶ
419 519 682 621 ἀκριβεστάτης
709 520 850 621 ἐρεύνης
872 522 892 600 ό
915 528 988 602 τῶν
1014 524 1126 626 ἁγίων
1153 529 1323 624 μαθητῶν

125 639 267 744 έρχεται
294 648 401 738 νοῦς;
433 643 475 721 ού
496 638 568 745 γάρ
586 640 778 748 ἐξήρκεσεν
801 643 846 724 ἀν
873 651 921 728 εῖς
948 646 1129 754 ἀπόδειξιν
1150 656 1214 727 τοῦ
1236 650 1319 750 ἐγη-

97 762 252 864 ιγε’ρθαι
278 798 317 842 τε
344 766 419 843 κατ’
446 763 617 864 ἀλήθειαν
646 767 685 845 ἐκ
714 774 856 868 νεκρῶν,
882 770 940 847 καὶ
969 771 1233 871 ἐπιγνωσθῆναι
1260 771 1323 850 τὸν

127 885 274 988 Κύρων,
289 887 311 986 ή
329 895 393 966 τοῦ
411 887 580 985 σώματος
599 887 694 994 ὄφις,
714 891 734 968 ό
753 898 817 970 τοῦ
835 891 1033 995 προσώπου
1052 891 1246 998 χαρακτὴρ,
1260 900 1324 994 τῆς

90 1010 266 1109 5ῆλικίας
296 1009 339 1090 τὸ
366 1011 495 1113 μέτρου
507 1044 518 1108 ;
557 1013 615 1091 καὶ
642 1013 680 1092 τί
704 1013 796 1115 πρὸς
822 1015 928 1094 τοιῖτό
957 1020 1097 1120 φαμεν;
1133 1019 1195 1097 οὐκ
1220 1019 1320 1098 ἐλευ-

125 1133 235 1234 θέραν
256 1136 471 1233 ἐνδοιασμοῦ
497 1135 564 1235 τὴν
582 1136 738 1215 διάνοιαν
761 1133 857 1242 εἶχον
883 1143 915 1217 οὶ
944 1141 1130 1219 θεσπέσιοι
1157 1144 1323 1241 μαθηταὶ,

125 1259 241 1338 καίτοι
266 1258 468 1356 τεθεαμένοι
495 1256 559 1338 τὸν
585 1257 730 1361 Κύριον.
770 1258 883 1368 ᾤοντο
910 1259 975 1360 μέν
1002 1260 1074 1364 γάρ
1101 1264 1165 1343 οὐκ
1192 1266 1323 1345 ἐκεῖνον

125 1380 235 1461 αύτδν
253 1380 425 1486 ὑπάρχειν
443 1381 534 1461 κατά
558 1380 728 1482 ἀλήθειαν
745 1384 810 1462 τὸν
827 1382 942 1465 πάλαι
966 1383 1123 1466 συνόντα
1145 1421 1185 1466 τε
1201 1389 1320 1472 αὐτοῖς

126 1509 186 1584 καὶ
211 1506 518 1604 συνδιαιτώμενον,
547 1508 605 1585 καὶ
633 1508 690 1586 ε’πὶ
717 1504 831 1612 ξύλου
860 1507 1155 1611 κεκρεμασμένον,
1180 1520 1348 1611 πνεῦμαο

74 1655 113 1700 10
127 1626 166 1708 δέ
192 1635 337 1726 μᾶλλον
364 1630 455 1732 πρὸς
482 1629 548 1729 τήν
574 1637 639 1710 τοῦ
668 1633 835 1733 Σωτῆρος
862 1631 980 1711 εἰκόνα
1007 1634 1321 1732 διαπεπλασμένον

127 1752 288 1849 ἀστείως,
307 1755 365 1831 καὶ
387 1757 529 1860 μορφῆς
552 1753 594 1854 ἦς
613 1750 748 1858 ᾔδεσαν
765 1752 811 1834 τά
834 1753 914 1858 ίχυη
932 1753 1165 1861 ψευδόμενον.
1200 1759 1318 1839 κατώ-

127 1880 259 1955 λισθου
284 1874 398 1975 γεμῆν
423 1881 471 1958 είς
498 1872 540 1956 τδ
563 1879 655 1958 οὕτω
678 1882 836 1983 φρονεῖν,
856 1879 919 1958 οὐκ
944 1881 1109 1984 ἀφορμῆς
1126 1913 1221 1964 τινος
1239 1883 1322 1987 δίχα

126 2003 189 2096 τῆς
221 2002 270 2082 εἰς
299 2006 404 2077 τοῦτο
436 1997 620 2099 καλούσης
652 1997 821 2104 εύλόγως.
870 2003 989 2102 ἐπειδή
1027 2001 1064 2082 δέ
1101 2009 1174 2084 τῶν
1205 2009 1323 2108 θυρῶν

128 2121 386 2218 κεκλεισμένων
406 2122 618 2230 παραδόξως
646 2121 832 2223 εἰσήλασε,
851 2132 915 2204 τοῦ
938 2125 1093 2228 γεώδους
1117 2130 1175 2206 καὶ
1200 2162 1320 2234 παχυ·

75 2277 114 2338 ¹5
128 2245 231 2347 τέρου
265 2246 433 2343 σώματος
468 2243 535 2344 τὴν
567 2248 790 2351 ἀποχρῶσαν
820 2249 916 2355 αὐτῷ
947 2248 1132 2351 ζητοῦντος
1169 2251 1322 2348 ε’ίσοδον,

128 2372 186 2448 καὶ
213 2369 255 2447 τὸ
278 2377 452 2448 τοσοῦτον
477 2368 729 2472 ἀνευρύνεσθαι
754 2369 818 2454 τὰς
843 2377 916 2450 τῶν
940 2374 1125 2472 δωματίων
1150 2372 1323 2470 είσβολάς

127 2489 395 2594 ἀναγκάζοντος,
414 2490 504 2571 ὅσον
521 2490 563 2573 τὸ
585 2490 740 2573 ἑκάστου
763 2493 911 2594 μέγεθος
933 2494 1017 2600 ἔχει·
1053 2505 1242 2599 τοιγαροῦν
1265 2500 1323 2576 καὶ
1336 2520 1491 2578 ο1108Δ.

126 2613 273 2719 σφόδρα
300 2613 486 2720 χρησίμως
510 2617 529 2694 ό
555 2616 688 2719 Κύριος
715 2617 816 2716 ἡμῶν
833 2619 976 2717 Ἰησοῦς
998 2620 1018 2698 ό
1038 2619 1211 2721 Χριστός,
1231 2623 1318 2700 ἀπε·

125 2739 297 2840 γύμνωσε
323 2737 389 2837 μέν
416 2745 468 2846 τῶ
492 2744 610 2847 Θωμᾷ
636 2738 703 2841 τῆν
729 2739 900 2844 πλευρὰν,
928 2739 975 2820 τά
1003 2740 1040 2820 δέ
1069 2743 1107 2821 ἐν
1138 2748 1184 2848 τῆ
1212 2747 1322 2844 σαρκὶ

74 2901 114 2944 ιο
125 2861 311 2964 τραύματα
333 2863 486 2962 καθίστη
506 2867 674 2970 διαφανῆ,
693 2861 831 2947 πάντας
849 2867 896 2943 δι’
916 2865 1045 2945 ἐκείνου
1061 2872 1318 2971 πληροφορῶν.

126 2982 236 3080 μόνου
265 2983 331 3082 μέν
358 2985 431 3090 γὰρ
458 2993 523 3066 τοῦ
552 2987 658 3088 ἁγίου
683 2991 799 3085 Θωμᾶ
824 2987 968 3094 φέρεται
992 2986 1103 3089 λόγος
1128 2988 1251 3070 “Ἐάν
1269 2989 1320 3089 μὴ
1367 3006 1448 3072 Supra

126 3117 149 3154 “
166 3105 273 3202 βάλω
295 3107 360 3191 τὰς
381 3109 500 3213 χεῖράς
528 3143 599 3208 μου
621 3113 680 3190 καὶ
707 3110 771 3190 ἰ’δω
787 3109 871 3194 τοὺς
889 3111 1020 3195 τύπους
1036 3119 1109 3193 τῶν
1133 3113 1242 3213 ἥλων,
1262 3115 1320 3193 καὶ
1365 3085 1467 3137 vem.

127 3241 150 3278 “
166 3230 272 3326 βάλω
299 3229 366 3331 τῆν
388 3233 489 3336 χεῖρά
515 3266 586 3331 μου
616 3239 664 3317 εἷς
691 3232 756 3333 τῆν
783 3233 944 3337 πλευρὰν
972 3236 1089 3332 αὐτοῦ,
1109 3237 1153 3316 ὀύ
1180 3235 1230 3336 μή
1255 3271 1318 3317 πι-

127 3361 149 3399 “
166 3353 343 3450 στεύσω,”
371 3357 456 3433 ἀλλ’
476 3353 521 3455 ἦν
541 3391 619 3439 πως
641 3355 757 3438 ἅπασι
783 3357 883 3436 κοινὰ
907 3357 954 3437 τὰ
980 3362 1043 3456 τῆς
1071 3361 1321 3462 ὀλιγοπιστίιις

74 3513 113 3573 ²5
127 3475 349 3579 ἐγκλήματα,
369 3481 427 3556 καὶ
450 3485 523 3557 τῶν
550 3478 678 3559 ἀλλων
700 3486 872 3578 μαθητῶν
894 3482 957 3562 οὐκ
981 3480 1050 3589 ἐξω
1077 3483 1234 3585 θορύβου
1258 3481 1322 3562 τὸν

127 3607 210 3680 νοῦν
227 3600 436 3703 εὑρήσομεν,
457 3603 570 3682 καίτοι
594 3605 653 3682 καὶ
679 3604 795 3684 αὐτῶν
813 3601 993 3704 λεγόντων
1017 3611 1069 3713 τῷ
1091 3608 1183 3715 ἀγίερ
1202 3611 1356 3715 Θωμςῖὶ)

127 3735 148 3772 “
163 3724 394 3827 Ἑωράκαμεν
428 3723 492 3805 τὸν
526 3723 691 3830 Κύριον.”
740 3725 795 3807 ότι
824 3725 861 3807 δέ
892 3732 955 3828 τῆς
986 3729 1154 3829 ἀληθείας
1185 3729 1270 3828 ἡμῖν
1299 3732 1320 3810 ὁ
1366 3757 1407 3809 1b.

126 3845 236 3951 λόγος
266 3849 330 3927 οὐκ
358 3848 542 3955 ἐξοίχεται,
569 3847 732 3954 χαλεπὸν
764 3849 865 3930 ούδέν
893 3854 1057 3948 ἐκμαθεῖν
1090 3855 1135 3932 δι’
1170 3849 1220 3931 ὧν
1249 3853 1319 3958 ἔφη

125 3976 206 4072 περὶ
232 3969 368 4051 τούτων
396 3975 416 4052 ό
439 3978 530 4057 θεῖος
557 3973 641 4072 ἡμῖν
667 3979 808 4056 Λουκᾶς
833 3984 855 4021 “
868 3979 995 4054 Ταῦτα
1012 3972 1083 4079 γάρ
1101 3977 1218 4055 αὐτῶν
1244 3987 1315 4054 λα·
1365 3996 1463 4075 apae.

69 4123 112 4181 30
127 4104 149 4140 “
165 4093 334 4192 λούντων,
354 4099 479 4201 φησὶν,
497 4095 586 4196 έστη
609 4099 648 4176 ἐν
670 4097 772 4205 μέσιρ
792 4097 943 4176 αύτῶν·”
972 4096 1077 4182 αὐτὸς
1095 4099 1133 4178 δὲ
1152 4098 1319 4199 δηλονότι
1364 4077 1456 4194 {31⁸3-

125 4213 297 4319 Χριστός·
346 4228 367 4265 “
381 4222 439 4298 καὶ
467 4217 563 4323 λέγει
592 4221 710 4304 αι’ντοῖς
738 4217 872 4322 Εἰρήνη
902 4221 994 4319 ὑμῖν.
1041 4221 1319 4321 πτοηθέντεςδέ

125 4349 148 4386 “
165 4343 223 4420 καὶ
248 4339 403 4448 ἔμφοβοι
428 4341 610 4443 γευόμενοι
634 4341 779 4425 ἐδόκουν
795 4352 935 4442 πνεῦμα
953 4349 1106 4447 θεωρεῖν.
1146 4350 1205 4426 καὶ
1224 4343 1320 4427 εἶπεν

160 4517 187 4572 3.
206 4499 269 4554 κατὰ
282 4499 314 4555 E.
532 4501 559 4557 6.
577 4503 623 4572 τὴν
635 4513 807 4575 assumptum
821 4521 855 4558 ex
868 4503 901 4558 Ε.
1116 4505 1157 4563 16.
1176 4507 1206 4563 εδ
1218 4525 1273 4563 om.
1286 4507 1320 4565 E.

126 4585 170 4626 υτ.
186 4567 289 4643 χεῖρας]
303 4565 373 4640 οἶμαι
384 4569 430 4628 τόν
442 4571 571 4629 δάκτυλόν
581 4595 632 4644 μου
645 4573 666 4629 F
677 4591 734 4647 mg.
789 4575 886 4631 τόπους
898 4573 931 4631 E.
