3268 5130
304 343 368 408 236
474 341 513 405 Β.
538 338 724 404 OYRILLI
750 337 1015 404 ALEXANDR.
1043 337 1328 405 FRAGMENTA
1383 363 1415 404 x.
1429 355 1458 424 5,
1472 341 1503 405 6.

148 449 205 515 [ιο
217 449 254 500 M·
268 447 280 514 ]

275 584 443 666 5Μωοιῖο
470 585 530 677 rdp
557 586 676 676 γράφει
702 585 763 652 τιλν
790 585 996 652 δικαιοσύνην
1023 585 1083 650 τίιν
1109 585 1146 650 ὲκ
1173 591 1230 651 τοῦ
1258 585 1358 661 νόμου
1384 593 1493 658 ιε.τ.λ.

363 771 491 867 Μωσῆς
509 771 578 879 γῖιρ
600 769 727 880 γράφει
747 767 799 864 τῆν
819 765 1020 865 θιιιιιιισόνην
1038 769 1091 864 τῆν
1109 773 1148 852 εἰι
1166 774 1221 850 rod
1240 773 1334 877 νόμον
1354 775 1503 878 φησῖνῖ

307 897 452 992 ποιήσας
470 895 636 1004 άνθρωπις
655 896 789 1004 ζήσεται
809 895 839 973 ir
860 900 953 984 αὐτῆ·
983 895 1067 974 ἀλλ’
1088 892 1133 994 ἦν
1150 895 1262 977 οὐδεὶς
1278 897 1503 978 παντελῶςό

138 1056 181 1105 να
193 1055 263 1106 ενοι.
307 1020 508 1120 ἀμωμήτως
526 1017 636 1119 αὐτὴν
651 1023 879 1120 κατορθῶσαι
899 1015 1102 1115 δυνάμενος·
1142 1027 1164 1065 “
1179 1017 1244 1101 Τίς
1263 1015 1335 1120 γάρ
1352 1016 1504 1117 σννήσει

308 1154 330 1192 “
347 1143 670 1247 παραπτόματα;”
708 1141 835 1220 οὐκοῦν
863 1142 1016 1238 ἀμείνων
1045 1142 1067 1241 ἡ
1097 1146 1285 1221 δικαιοῦσα
1314 1141 1418 1245 χάρις
1446 1143 1536 1227 nais

307 1272 452 1373 γραφῆς
469 1267 560 1366 ἡμᾶς
579 1264 869 1346 ἀπαλλάττουσα
887 1268 950 1362 τῆς
969 1267 1006 1343 ἐν
1025 1262 1133 1372 νόμιρ.

141 1134 178 1185 ¹3·

276 1522 293 1576 6
495 1509 536 1572 ‘H
566 1508 601 1574 δὲ
629 1507 665 1574 ὲκ
693 1507 832 1575 πίοτεωε
859 1509 1045 1576 δικαιοσύνιι
1074 1511 1180 1575 οὕτως
1207 1509 1303 1582 λέγει.

357 1679 536 1783 Ὁρίζεται
553 1681 739 1784 χρησίμως
759 1683 817 1759 καὶ
836 1679 933 1765 ὅπως
951 1678 996 1760 ἂν
1013 1681 1151 1782 γε’νοιτο
1169 1680 1260 1782 πρὸς
1279 1679 1380 1778 ἡμῶν
1399 1679 1421 1778 ῆ
1440 1679 1500 1758 πί-

307 1837 400 1900 στις,
419 1809 446 1881 εῖ
465 1801 507 1880 τό
526 1801 719 1900 ἀμώμητον
737 1803 811 1907 ἔχοι
836 1802 934 1905 παρά
954 1809 1036 1910 Θεῷ
1064 1807 1123 1884 καὶ
1150 1802 1192 1884 τό
1220 1837 1261 1904 γε
1290 1801 1334 1902 δῆ
1362 1802 1446 1880 λίαν
1463 1800 1503 1879 εὖ

307 1929 524 2028 πεποιῆσθαι
553 1927 678 2005 δοκεῖν·
717 1925 759 2004 τὸ
786 1926 944 2029 μὲνγὰρ
972 1927 1158 2031 ἐνδοιάζειν
1184 1927 1278 2010 ’όλως
1306 1928 1365 2004 καὶ
1393 1957 1503 2003 κατα·
1520 1961 1560 2000 ιο

308 2051 488 2128 δονεῖσθαι
509 2055 629 2154 φιλεῖν
647 2054 696 2131 είς
716 2050 852 2150 ἀδρανῆ
872 2049 1056 2155 διφνχίαν,
1075 2048 1286 2150 ἀπόβλητον
1303 2053 1502 2131 παντελῶς·

307 2169 473 2273 περιττόν
502 2171 539 2250 δὲ
566 2171 656 2255 ἰ’σως
683 2173 741 2250 καῖ
769 2179 842 2251 τῶν
870 2171 923 2252 ὅτι
951 2170 1116 2272 μάλιστα
1139 2170 1434 2279 σφαλερωτάτων
1461 2169 1504 2248 τὸ

307 2302 436 2404 χρῆναι
462 2297 754 2400 περιεργάζεσθαι
783 2297 828 2378 τὰ
857 2304 915 2379 καὶ
942 2301 1057 2402 λόγον
1084 2297 1174 2404 πίρα
1203 2298 1347 2396 παντὸς,
1377 2305 1439 2377 νοῦ
1466 2330 1504 2376 τε

308 2425 387 2502 ἐστὶ
404 2430 469 2501 τοῦ
488 2419 570 2501 καθ’
590 2420 682 2520 ἡμᾶς
699 2424 737 2501 ἐν
754 2423 929 2522 ἀμείνοσι·
962 2431 1039 2508 πῶς
1057 2422 1128 2528 γάρ
1148 2420 1193 2502 ἂν
1212 2418 1280 2502 εῖεν
1297 2423 1438 2527 ἐμφανῆ
1457 2418 1504 2498 τὰ

307 2543 516 2649 άποῤῥήτως
533 2545 633 2648 παρὰ
647 2550 742 2626 Θεοῦ
761 2547 1089 2651 τεχνονργοόμενας
1116 2549 1174 2627 καὶ
1193 2544 1264 2646 μὴν
1283 2546 1342 2626 καὶ
1360 2543 1504 2648 καρδίας
1521 2579 1560 2640 ¹5

307 2666 500 2772 ὀφθαλμός
512 2671 565 2752 τίς
583 2667 627 2750 ἂν
640 2669 693 2768 εἴη
711 2679 883 2758 τοσοῦτος
901 2675 949 2755 ὡς
965 2675 1190 2774 καταθρῆσαι
1209 2669 1384 2751 δύνασθαι
1398 2663 1504 2765 θεὸν,

307 2793 505 2891 μᾶλλονδὲ
523 2795 577 2877 τίς
596 2792 665 2897 ἄρα
683 2793 846 2894 σννήσει,
860 2792 927 2874 κᾶν
945 2795 1046 2880 εἴτις
1066 2791 1184 2874 ἕλοιτο
1202 2793 1321 2895 λε’γειν
1334 2794 1392 2872 καὶ
1410 2793 1506 2898 ἀφη-

306 2922 407 3018 γοῖτο
435 2915 480 2995 τά
508 2915 605 2997 πολὺ
634 2918 718 2996 λίαν
747 2917 837 3020 ὑπὲρ
865 2917 957 3018 ἡμεῖς
969 2951 980 3016 ;
1012 2920 1033 2999 ό
1058 2916 1125 3018 μὲν
1148 2915 1219 3021 γάρ
1245 2917 1376 3020 Κύριος
1404 2915 1505 3014 ἡμῶν

308 3038 451 3139 Ἰησοῦς
469 3037 666 3144 όΧριστῖις
680 3039 874 3150 Νικοδήμῳ
889 3039 977 3121 ποτὲ
995 3040 1169 3143 τοῖςπερὶ
1186 3045 1250 3140 τῆς
1268 3041 1505 3136 πνευματικῆς

140 3166 249 3296 {Q-
260 3163 295 3216 ¹¹³·
309 3161 578 3263 άναγεννήσεως
595 3165 774 3267 παρετίθει
793 3164 927 3268 λόγους
945 3167 1003 3245 καὶ
1023 3162 1068 3265 δῆ
1094 3168 1152 3244 καὶ
1175 3161 1335 3271 ἔφασκεν
1363 3173 1384 3210 “
1397 3158 1505 3260 Ἀμῆν
1519 3203 1561 3246 αο

141 3302 182 3352 lb·
193 3313 218 3366 5·
310 3294 331 3331 “
349 3283 444 3384 άμῆν
472 3285 570 3387 λε’γω
598 3288 678 3385 ὑμῖν
706 3286 766 3366 ε’ῖιν
789 3287 840 3388 μῆ
865 3323 919 3372 τις
947 3295 1101 3392 γεννηθῇ
1126 3287 1272 3383 ἄνωθεν,
1291 3286 1333 3366 οὐ
1361 3283 1505 3366 δύναται

309 3417 332 3456 “
347 3412 524 3488 εἰσελθεῖν
541 3415 589 3492 εἰς
600 3406 665 3508 τὴν
679 3410 872 3506 βασιλείαν
882 3421 946 3492 τοῦ
958 3412 1084 3491 Θεοῦ·”
1116 3407 1203 3516 [εἶτα
1215 3409 1353 3492 τούτοις
1370 3441 1505 3510 προσε-

308 3532 396 3610 τίθει
421 3530 467 3610 τδ
494 3531 648 3638 ἐφεξῆς]
676 3534 859 3619 συνιέντος
884 3534 921 3615 δὲ
945 3535 1055 3616 αὐτοῦ
1081 3539 1269 3618 παντελῶς
1297 3529 1407 3628 οὐδὲν,
1425 3529 1505 3611 τότε

310 3653 354 3755 δὴ
381 3655 461 3734 τότε
479 3653 641 3756 Χριστός
668 3661 732 3755 τῆς
759 3663 832 3736 τοῖν
849 3661 991 3738 ἐννοιῶν
1019 3655 1232 3762 ἰσχνότητος
1259 3659 1308 3740 ὡς
1327 3651 1505 3734 ἀπωτάτω

144 3801 232 3851 1ου.
310 3781 416 3861 τιθεῖς
432 3781 495 3877 τῆς
514 3779 704 3882 ἀνθρώπου
722 3783 876 3890 διανοίας
895 3781 936 3862 τὸ
955 3780 1072 3886 πάχος
1090 3791 1112 3828 “
1127 3786 1172 3861 Ei
1191 3777 1237 3860 τὰ
1254 3779 1390 3881 ἐπίγεια
1407 3772 1506 3856 εἷπον
1521 3825 1561 3886 ²5

346 4015 372 4069 6.
393 4014 463 4070 Sunt
474 4013 502 4068 in
515 4015 540 4068 Α
553 4013 608 4068 duo
620 4012 719 4068 scholia
734 4032 830 4085 nempe
843 4033 868 4086 p.
879 4029 931 4086 417
944 4015 1169 4084 ὅθεν-ρελιτθτα
1182 4011 1290 4070 σύνεσιν
1302 4011 1404 4084 cyrillo
1420 4011 1505 4068 tribu-

308 4095 368 4141 tum
383 4085 455 4153 (vide
471 4084 589 4139 Crameri
605 4084 663 4140 Cat.
682 4103 708 4155 p.
721 4088 786 4156 375)
799 4103 854 4140 οοο
865 4091 955 4140 temen
971 4086 1102 4212 Cprillum
1119 4095 1255 4140 auctorem
1275 4083 1391 4165 hadent:
1412 4102 1439 4154 ρ.
1451 4085 1504 4206 ¹p18

311 4157 347 4212 σὺ
365 4157 395 4210 δέ
410 4176 454 4225 μοι
472 4153 748 4223 σκόπει-σωθήσεται
764 4173 831 4228 quae
849 4173 932 4226 quum
950 4157 979 4210 in
1015 4155 1356 4226 heeauroz71bcpart1m
1369 4163 1449 4222 extat,
1473 4172 1505 4208 ιια

311 4225 500 4296 praetermitto.
697 4237 775 4296 7-p,
787 4239 847 4296 237,
864 4243 904 4280 ιο.
920 4225 993 4281 Ηαιιο
1009 4227 1116 4282 exhibet
1128 4235 1201 4296 parte
1215 4225 1309 4278 Latina
1347 4241 1382 4277 ,π
1415 4225 1505 4278 Μαῖαν

311 4296 357 4366 qui
374 4295 438 4349 haec
456 4295 616 4363 praemittite
641 4295 740 4348 Totum
759 4295 832 4350 hunc
850 4295 941 4367 Cyrilli
959 4305 1073 4352 tractum
1092 4295 1271 4366 suppeditavit
1289 4241 1367 4349 nodie
1381 4237 1409 4348 θ.
1424 4293 1505 4348 Νἰςε·

311 4365 412 4434 phorue
426 4363 804 4435 Constantinopolitauueina
840 4366 952 4437 logetico
964 4368 1062 4438 majore
1096 4385 1125 4420 ro
1138 4365 1442 4436 st.imaginibuequem
1454 4365 1506 4419 elio

311 4435 446 4488 volumine
465 4452 515 4487 noe
535 4434 668 4488 edidimus
690 4433 775 4505 [Bibl.
817 4444 866 4489 atr.
885 4437 963 4490 Nova
975 4456 1000 4491 v.
1018 4385 1094 4509 ιηγῖῖ
1128 4438 1170 4491 En
1188 4445 1277 4490 autem
1299 4452 1393 4506 graece
1413 4433 1506 4506 Cyrilli

313 4503 393 4555 verba
407 4507 458 4556 Τοῦ
475 4503 550 4572 ἁγίου
567 4504 699 4572 Κνρῖλλου
714 4505 896 4575 ἀλεξανδριίας
915 4507 944 4560 ἐκ
961 4511 1006 4576 τῆς
1023 4507 1154 4576 ἑρμηνείας
1172 4509 1217 4576 τῆς
1228 4508 1293 4578 πρὸς
1310 4505 1438 4576 ρωραῖονς
1450 4505 1506 4562 ἐπι·

310 4571 412 4640 στολὴν
423 4572 459 4629 είς
470 4577 500 4627 τὸ
511 4571 588 4640 ῥητόν
598 4573 632 4628 ‘H
646 4575 674 4627 di
687 4574 714 4628 εἰι
726 4575 838 4632 πίστεως
851 4575 998 4647 δικαιοσύνη
1011 4575 1091 4634 οὕτως
1103 4577 1184 4648 λέγει.
