3294 5130
455 357 635 462 CONTRA
666 356 1014 426 SYNOUSIAS'I'AS.
1267 361 1333 425 489

707 599 762 682 ιδ.

199 779 319 860 Αῦτοῦ
355 786 546 884 τοιγαροῦν
568 786 632 860 τοῦ
665 778 812 861 πάντων
843 779 944 880 ήμεῦυ
971 782 1139 886 Σοκήρος
1167 783 1333 882 Χριστοῦ

133 907 454 1010 πληροφοροῦντος
489 901 572 988 τοῦς
609 901 848 1001 ἀποστόλους,
876 907 925 988 ὡς
955 905 994 983 ἐκ
1026 909 1159 1006 νεκρῶν
1190 903 1332 1000 ἀνεβίω,

134 1025 258 1130 σάρκα
284 1029 404 1108 τεκαὶ
431 1025 545 1112 πόδας
572 1030 631 1108 καὶ
657 1034 776 1133 χεῖρας
794 1027 896 1132 ἔχων,
915 1026 1110 1111 διειπόντος
1133 1061 1172 1108 τε
1200 1033 1332 1134 σαφῶς

99 1149 191 1240 εὸτι
207 1149 258 1250 μὴ
274 1149 415 1250 πνεῦμά
437 1153 528 1252 ἐστι,
545 1157 623 1238 πῶς
647 1147 692 1232 ἀν
715 1149 910 1232 ε’νδοιάσειί
929 1184 983 1236 τις
1008 1153 1056 1236 ιῦς
1075 1151 1117 1230 οῦ
1134 1149 1333 1248 μετέβαλεν

134 1274 158 1373 ἡ
180 1272 283 1381 σὰρξ
299 1279 348 1360 εῖς
376 1274 490 1380 φύσιν
517 1271 694 1376 θεότητος,
719 1275 798 1356 οῦτε
826 1271 898 1377 πρὸ
926 1281 990 1356 τοῦ
1016 1274 1133 1372 τιμίου
1160 1281 1330 1376 σταυροῦ·

134 1401 244 1500 σαρκὶ
260 1396 333 1502 γὰρ
350 1397 526 1480 πέπονθεν
543 1399 645 1480 ε’κῶν·
683 1399 763 1480 οὔτε
781 1397 854 1498 μήν
872 1395 931 1478 ότε
948 1397 1116 1498 πατήσας
1134 1393 1198 1478 τὸν
1216 1395 1328 1477 θείνα-

133 1555 198 1602 τον
215 1520 400 1625 τριήμερος
416 1523 558 1622 ἀνεβόα,
577 1519 685 1630 ὤφθη
704 1557 742 1604 τε
760 1523 872 1610 οὕτως
889 1529 963 1607 τοῖς
980 1525 1107 1604 ἑαυτοῦ
1124 1525 1299 1623 μαθηταῖς
1316 1553 1328 1620 3

706 1749 757 1836 ιε’.

80 1961 120 2002 ¹0
190 1932 256 2015 Τίς
283 1937 356 2013 τοῖν
383 1934 495 2036 ἁγίων
521 1939 719 2042 προφητῶν
745 1932 791 2015 τά
819 1935 931 2019 οὕτως
958 1932 1105 2037 σκληρὰ
1133 1937 1192 2013 καὶ
1219 1931 1326 2012 δυσέ-

132 2061 245 2158 φικτα
263 2057 321 2136 καῖ
339 2054 506 2161 ἀμήχανα
528 2054 844 2164 προαναφωνήσας
871 2057 1020 2159 όρῦται;
1052 2058 1106 2141 τίς
1127 2063 1200 2137 τῶν
1217 2057 1332 2158 ἁγίων

133 2176 404 2279 ἀποστόλωνή
438 2181 707 2283 εῦαγγελιστῶν
733 2179 815 2264 τοῦς
849 2181 934 2284 περί
958 2213 1000 2282 γε
1039 2177 1177 2260 τούτων
1212 2181 1332 2263 αὐτοῖς

132 2300 328 2401 ἐποιήσατο
346 2302 503 2404 λόγους;
531 2303 644 2387 οὐδεὶς
660 2308 857 2386 παντελοῦς.
893 2297 1195 2408 αῖσχυνεῖτθωσαν
1212 2303 1332 2383 τοίνυν

132 2423 180 2505 τά
208 2436 229 2474 “
244 2423 316 2506 ἀπὸ
344 2428 490 2529 καρδίας
517 2427 634 2506 αῦτῶν
653 2434 848 2509 λαλοῦντες
871 2428 930 2506 καὶ
958 2427 1022 2506 οῦκ
1050 2422 1122 2505 ἀπὸ
1149 2423 1330 2522 στόματος
1343 2451 1495 2504 niumm.

79 2578 118 2640 15
133 2557 155 2596 ‘⁴
177 2550 311 2651 Κυρίου
322 2549 342 2576 ”
363 2546 456 2629 καθά
475 2548 685 2652 γε’γραπται.
722 2549 821 2648 ἡμεῖς
838 2546 910 2652 γάρ
929 2546 981 2634 οῖς
998 2547 1190 2651 ὀρθότητος
1207 2547 1328 2647 με’λει,
1345 2515 1384 2568 ¹6'

131 2672 192 2752 καῖ
219 2670 277 2751 διδ
299 2675 460 2772 σπουδῆς
482 2671 631 2753 τέθειται
652 2675 807 2770 πολλῆς,
823 2669 866 2752 τὸ
883 2679 961 2757 ταῖς
979 2678 1052 2752 τῶν
1071 2672 1184 2775 ἁγίων
1206 2671 1326 2751 Πατί-

130 2829 207 2899 ρων
238 2795 450 2881 εῦθυεπείαις
480 2796 684 2898 ἐπείγεσθαι
720 2799 1007 2894 κατακολουθεῖν,
1039 2797 1082 2875 οῦ
1112 2802 1190 2879 ταῖς
1225 2801 1331 2876 τινοῖν

131 2919 411 3022 ἀθυροστομίαις
456 2921 515 3000 καὶ
559 2918 745 3004 ἀσυνέτοις
793 2917 1024 3025 κενοφωνίαις
1064 2917 1328 3021 προσκείμενοι,

132 3041 368 3150 φρονήσομεν
395 3053 417 3091 “
429 3042 514 3146 παρ’
534 3040 554 3122 δ
577 3047 633 3123 δεῖ
652 3039 828 3150 φρονεῖν,”
855 3044 940 3121 ἀλλ’
960 3039 1042 3121 εῦθῦ
1069 3043 1134 3140 τῆς
1161 3041 1330 3141 ἀληθείας
1343 3076 1496 3142 ιιοωιιη.

75 3210 118 3252 20
132 3163 245 3251 ῖόντες
261 3175 457 3272 πανταχοῦ,
474 3168 534 3246 καὶ
557 3173 630 3247 τῶν
648 3172 752 3270 ἱερῶν
769 3163 993 3269 γραμμάτων
1010 3163 1205 3264 ε’πίμεστον
1223 3163 1328 3270 ἔχον·

130 3323 191 3374 τες
208 3287 272 3371 τὸν
289 3298 383 3390 νοῦν,
402 3293 460 3371 καῖ
478 3290 698 3398 ε’φυχῶσθαί
718 3293 838 3396 φαμεν
855 3290 960 3396 φυγή
986 3293 1090 3396 υοερᾷ
1111 3295 1174 3368 τοῦ
1195 3288 1331 3390 Κυρίου

129 3411 199 3511 τὴν
215 3410 336 3516 σάρκα
353 3417 411 3493 καῖ
429 3415 644 3514 πιστεύομεν
660 3412 771 3513 αὐτὴν
789 3413 887 3493 θείαν
903 3411 970 3512 μὲν
988 3407 1074 3491 εἶναι
1096 3413 1154 3490 καῖ
1174 3411 1326 3512 ἀμώμη-

130 3570 196 3618 τον
223 3540 281 3617 καῖ
307 3537 583 3644 δεδοξασμίνην,
602 3541 661 3619 καὶ
688 3535 779 3641 πρός
806 3569 847 3639 γε
872 3534 987 3643 τούτῳ
1011 3531 1184 3638 ζωοποιόυ
1208 3569 1246 3616 τε
1272 3539 1331 3615 καὶ

130 3656 359 3760 ἀγιαστικήν,
378 3657 439 3739 ἀτε
461 3659 506 3762 δή
525 3665 582 3742 καῖ
606 3663 698 3742 ῖδίαν
716 3657 911 3764 γενομένην
928 3666 993 3740 τοῦ
1010 3660 1049 3739 ἐκ
1068 3663 1164 3739 Θεοῦ
1184 3655 1331 3763 Πατρός

74 3823 115 3884 25
130 3780 236 3866 ὄντος
264 3779 386 3882 Λόγου
413 3785 471 3862 καὶ
503 3783 570 3889 οὐχ
600 3784 719 3885 ἑτέρου
745 3779 841 3868 τινός
867 3779 952 3886 παρ’
981 3783 1090 3862 αὐτοῦ
1118 3785 1209 3861 Υίοῦ
1236 3779 1330 3860 καθά

131 3911 278 4012 φρονεῖν
304 3903 410 4012 ἔδοξί
432 3939 539 4003 τισιν,
564 3907 606 3985 οῦ
632 3905 704 4006 μήν
734 3905 783 3986 ἔτι
813 3905 872 3986 καὶ
894 3911 1113 4006 μεταβαλεῖν
1139 3910 1188 3989 εῖς
1215 3903 1330 4009 φύσιν

131 4028 298 4132 θεότητος
326 4027 638 4130 διαβεβαιοθμεθα.

170 4255 195 4294 υ.
212 4243 259 4294 τοῦ
270 4239 349 4296 οῦτοῦ
360 4239 389 4296 εἰς
400 4243 447 4296 τοῦ
459 4239 538 4294 αὐτοῦ
549 4239 632 4310 λόγου
643 4237 697 4292 b.c.
834 4251 862 4312 5.
879 4190 1023 4308 μετέβαλεν
1034 4236 1062 4293 b.
1183 4251 1224 4290 10.
1243 4235 1271 4290 ἐκ
1283 4239 1330 4290 τοῦ

131 4310 211 4364 αὑτοῦ
222 4313 304 4382 λόγον
316 4309 369 4368 b.c.
498 4327 539 4364 ιι.
556 4307 637 4381 ἁγίων
648 4325 702 4365 om.
714 4325 739 4365 ο.
869 4323 912 4382 15.
929 4311 1002 4378 μίλει
1014 4305 1161 4362 emendavi.
1172 4305 1262 4375 μέλλει
1276 4305 1328 4361 b.c.

135 4379 177 4436 16.
196 4378 335 4452 τίθηταιο.
444 4377 807 4454 17.«’telro0m]†an2c.
918 4396 959 4452 19.
978 4379 1009 4449 δή
1022 4396 1046 4434 e.
1152 4393 1196 4450 23.
1214 4380 1291 4432 τοῦτο
1303 4394 1328 4432 c.
