3278 5130
323 329 388 396 882
497 330 536 396 Β.
564 329 752 396 CYRILLI
784 331 1047 398 ALEXANDR.
1080 329 1366 397 FRAGMENTA
1443 332 1478 398 ii.
1500 347 1535 412 7.

164 441 237 507 [ΠΟ
247 439 447 599 Μ’1δριιται
474 494 610 593 θώκοις,
637 493 680 576 τό
707 494 922 577 δεσποτικὸν
951 495 1095 603 ἀξίωμα
1125 496 1364 599 περικείμενος
1394 492 1463 574 κάν
1499 499 1537 575 εἰ

323 617 470 720 γέγονεν
493 616 566 702 οἰὸς
591 622 724 700 Δαυεὶδ
751 625 861 718 σῶμα
890 617 1018 715 λαβὼν
1044 621 1083 699 ἐκ
1110 623 1174 719 τῆς
1201 617 1306 721 ἀγίας
1332 616 1535 720 παρθένου,

324 747 358 821 οἰ
385 740 424 822 δὲ
444 740 716 845 παρεστήκασιν
733 745 782 828 ὡς
800 747 884 850 θεῷ
902 776 941 823 τε
963 744 1022 822 καί
1048 749 1203 852 βασιλεῖ
1224 747 1298 822 τῶν
1326 741 1434 838 ὅλων,
1453 743 1535 820 τίνι

324 870 398 944 τῶν
425 862 539 944 όντων
568 862 787 970 ἀσυμφανὴς
811 863 988 972 ήμεταξῦ
1006 863 1145 965 κειμέιιη
1172 862 1328 970 διαφορὰ
1355 869 1536 967 Χριστοῦ

325 990 386 1066 καὶ
403 985 592 1090 ἀγγέλων,
628 989 648 1067 ὀ
666 986 732 1086 μέν
750 973 822 1090 γάρ
840 991 941 1068 ἐστιν
958 987 1045 1072 Υἰὸς
1063 990 1122 1068 καί
1141 987 1243 1085 Θεὸς,
1261 993 1296 1066 οἰ
1314 985 1352 1067 δὲ
1371 985 1414 1067 τό
1434 991 1532 1066 δου-
1551 1025 1573 1086 5

325 1109 502 1213 λοπρεπές
526 1111 681 1215 αὐχοῦσι
708 1109 837 1213 μέτρον
864 1109 1038 1214 καὶπρὸς
1069 1110 1227 1194 εὐκλείας
1255 1114 1318 1210 τῆς
1350 1108 1533 1190 ἀνωτάτω

325 1231 539 1336 λελόγισται
559 1233 644 1336 παρ’
664 1234 782 1317 αὐτοῖς
800 1232 843 1312 τὸ
860 1230 1013 1336 γνήσιον
1030 1237 1079 1318 εἰς
1098 1229 1269 1332 ὑπακοήν.
1299 1237 1329 1311 εἰ
1348 1230 1386 1312 δέ
1404 1231 1450 1332 δή
1460 1267 1534 1317 τις

325 1357 427 1458 λέγοι
447 1361 519 1436 Καὶ
543 1364 645 1440 ποῖος
666 1356 758 1456 ἡμᾶς
783 1357 968 1437 ἀναπείσει
995 1353 1127 1458 τρόπος
1155 1354 1264 1435 αὐτὸν
1291 1354 1430 1435 οἴεσθαι
1456 1353 1533 1436 τὸν

325 1483 363 1560 έν
379 1479 544 1584 ἐσχάτοις
558 1486 622 1559 τοῦ
639 1484 765 1563 αἰῶνας
783 1485 917 1583 καιροῖς
935 1477 993 1558 διά
1011 1483 1074 1577 τῆς
1090 1479 1193 1580 ἁγίας
1205 1477 1383 1580 παρθένον
1396 1511 1531 1580 γεγεν·

326 1603 476 1704 νημένον
493 1601 712 1702 θεμελιῶσαί
724 1636 762 1682 τε
783 1600 833 1696 τήν
851 1601 912 1704 γήι
932 1605 1010 1683 κατ’
1030 1597 1146 1710 ἀρχάς
1164 1602 1223 1680 καί
1244 1599 1371 1686 αὐτοὺς
1388 1603 1528 1704 ἐγεῖραι
1548 1643 1591 1684 10

324 1725 407 1811 τοίς
425 1724 604 1830 οὐρανοὺς,
621 1724 878 1805 ἀντακοόσεται
899 1727 983 1827 παρ’
1003 1724 1104 1824 ήμῶν
1122 1727 1171 1808 ὡς
1194 1723 1292 1826 εἰπερ
1310 1723 1428 1805 ἕλοιτο
1452 1723 1528 1824 τήν

325 1855 389 1950 τῆς
414 1853 572 1951 ἀληθοῦς
600 1849 760 1931 ένεόσεως
786 1851 952 1947 ἐννοῆσαι
980 1849 1139 1946 δύναμιν,
1168 1849 1212 1927 οὐ
1235 1845 1302 1946 τήν
1329 1851 1366 1928 έν
1396 1846 1528 1947 μόνοις

324 1973 533 2076 προσώποις
561 1973 620 2052 καί
645 1968 736 2050 κατά
757 1969 909 2070 θέλησιν
926 1969 1039 2072 ἤγουν
1057 1971 1227 2068 εὐδοκίαν,
1246 1969 1317 2050 ἴδια
1334 1967 1400 2068 μέν
1415 1970 1526 2072 εἰρή-

323 2131 382 2177 σει
409 2096 585 2198 γεγονότα
611 2092 670 2174 διά
696 2092 762 2194 τὴν
785 2095 987 2192 οἰκονομίαν
1013 2102 1079 2173 τοῦ
1106 2098 1202 2174 θεοῦ
1228 2090 1275 2172 τά
1302 2093 1524 2196 ἀνθρώπινα,

323 2221 387 2300 οὐκ
405 2217 581 2319 ἀλλότρια
600 2216 637 2297 δὲ
655 2222 720 2316 τῆς
742 2215 1016 2317 ἀνθρωπότητος
1039 2215 1086 2296 τά
1104 2216 1201 2324 αὐτῷ
1225 2219 1284 2296 καὶ
1308 2215 1407 2324 μόνῳ
1431 2216 1523 2318 πρέ-
1543 2247 1585 2305 15

321 2376 438 2424 ποντα
456 2350 508 2450 τῷ
528 2341 689 2424 ἑνωθέντι
708 2336 831 2448 Λόγῳ·
867 2342 941 2419 ἐπεὶ
970 2338 1012 2418 δέ
1035 2341 1135 2420 ε’στιν
1161 2337 1210 2423 εἷς
1237 2340 1296 2418 καί
1322 2337 1431 2436 μόνος
1458 2343 1524 2420 καί

321 2465 492 2566 ἀληθινὸς
509 2462 596 2550 Υἱός
619 2465 640 2544 ὁ
656 2461 902 2562 Ἐμμανουήλ,
921 2470 1050 2543 νοεῖται
1074 2461 1113 2543 δὲ
1137 2460 1228 2566 πρὸς
1246 2462 1347 2562 ἡμῶν
1363 2460 1457 2547 Θεός
1477 2494 1524 2542 τε

322 2594 380 2671 καί
399 2591 598 2694 ἅνθρωπος.

154 2819 232 2898 Κεφ.
243 2813 307 2896 βίη
583 2803 695 2870 Πάντα
722 2802 886 2872 ὑπέταξας
911 2801 978 2868 τῶν
1004 2799 1118 2868 ποδῶν
1146 2802 1253 2868 αὐτοῦ.

369 2951 504 3052 Ἀνιθι,
517 2957 621 3062 φησί,
633 2961 711 3037 ταῖς
729 2953 877 3037 ἐννοίαις
893 2959 942 3038 εἰς
960 2950 1026 3053 Τὴν
1044 2955 1082 3033 ἐν
1100 2954 1227 3058 ἀρχαῖς
1244 2959 1309 3032 τοῦ
1325 2952 1524 3056 ἀνθρώπου
1538 2996 1581 3037 20

320 3077 544 3178 κατασκευήν
562 3081 620 3158 καὶ
642 3078 722 3158 τίνα
745 3075 870 3180 γέγονε
892 3083 1046 3179 πρῶτον,
1063 3073 1360 3180 πολυπραγμόνει
1381 3073 1422 3156 δὲ
1439 3082 1522 3160 πῶς

319 3200 541 3302 πεποιήμεθα
559 3199 658 3303 παρά
675 3207 770 3282 Θεοῦ
783 3202 860 3281 κατ’
879 3197 996 3282 εἰκόνα
1015 3203 1073 3280 καί
1092 3201 1263 3300 ὁμοίωσιν
1280 3199 1400 3297 αι’ντοῦ,
1418 3233 1520 3279 τετι-

319 3323 463 3425 μήμεθα
497 3324 535 3404 δέ
566 3326 762 3420 πλουσίως,
798 3325 919 3428 ἄρχειν
942 3321 1116 3428 λαχόντες
1144 3330 1216 3402 τῶν
1247 3324 1304 3404 ε’πί
1339 3327 1404 3423 τῆς
1431 3327 1518 3424 γῆς.

319 3445 437 3547 ἐπειδή
465 3446 503 3528 δὲ
531 3448 553 3548 ή
580 3453 642 3526 τοῦ
669 3446 792 3547 γένους
817 3445 923 3550 ἀρχή,
954 3447 1138 3527 τουτέστιν
1166 3443 1296 3543 Ἀδάμ,
1323 3445 1389 3547 τήν
1417 3445 1522 3526 θείαν

318 3571 520 3672 λελύπηκεν
544 3565 704 3668 ἐντολήν,
723 3567 893 3668 νενόσηκέ
911 3602 949 3648 τε
978 3567 1146 3669 λοιπὸνή
1168 3568 1359 3671 ἀνθρώπου
1380 3565 1521 3649 διάνοια
1535 3607 1575 3666 ²5

318 3694 360 3776 τό
392 3695 476 3775 λίαν
505 3692 743 3795 εἰπάροιστον
779 3697 828 3774 εἰς
859 3690 901 3771 τὸ
933 3690 1156 3790 πλημμελές,
1189 3693 1356 3798 ταύτητοι
1387 3693 1521 3794 γυμνοὶ

318 3817 427 3926 δόξης
452 3821 512 3899 καί
538 3816 745 3924 ἀφθαρσίας
763 3817 821 3895 καί
839 3822 911 3894 τῶν
930 3818 967 3894 ἐν
984 3817 1110 3920 ἀρχαῖς
1127 3819 1274 3918 ἀγαθῶν
1293 3820 1520 3913 διετελοῦμεν

317 3944 355 4022 έν
376 3941 515 4050 κόσμῳ·
546 3939 769 4037 σεσώσμεθα
794 3935 832 4017 δὲ
859 3936 917 4016 διά
936 3944 1113 4040 Χριστοῦ,
1142 3941 1201 4017 καί
1228 3943 1274 4044 τῇ
1301 3939 1387 4040 παρ’
1406 3938 1518 4017 αὑτοῦ

316 4061 435 4170 χάριτι
463 4061 662 4165 κεκτήμεθα
693 4059 740 4142 τά
770 4059 861 4163 πρὸς
894 4058 1081 4165 ἀνάληψιν
1111 4067 1183 4140 τῶν
1211 4061 1329 4142 πάλαι
1358 4064 1514 4162 δεδωρη-

316 4187 442 4287 μένων.
479 4194 552 4268 τῶν
576 4184 746 4269 τοιούτων
768 4180 997 4286 διηγημάτων
1016 4184 1037 4262 ὁ
1055 4190 1127 4264 τῶν
1143 4183 1384 4288 προκειμένων
1401 4180 1516 4284 λόγος
1529 4229 1571 4286 30

316 4311 505 4415 εἰσκομίζει
531 4311 574 4392 τὸ
601 4309 754 4394 πλάτος·
794 4305 1014 4406 κατατέθηπε
1037 4305 1108 4412 γὰρ
1128 4307 1148 4386 ὀ
1167 4306 1359 4391 θεσπέσιος
1378 4307 1516 4386 Δαυεὶδ

352 4469 378 4524 6.
397 4472 508 4540 οὖχοῦσι
520 4469 588 4525 cod.
601 4471 693 4542 ἔχουσι
706 4466 752 4524 cr.
856 4466 897 4522 τό.
916 4467 958 4521 καί
969 4467 1014 4522 ult.
1028 4467 1117 4524 omisit
1130 4466 1176 4524 Cr.
1275 4483 1319 4523 το.
1336 4483 1351 4522 e
1363 4483 1387 4522 c.
1399 4465 1446 4522 fol.
1460 4482 1514 4537 ²4⁹

316 4539 363 4610 qui
375 4541 391 4593 δ
401 4541 524 4608 μακάριος
535 4540 563 4594 δι’
576 4539 707 4608 Κάριλλότ
717 4541 802 4610 φησιν
813 4537 968 4610 praemittit.
