3280 5142
308 963 411 1035 ΤΟΥ
445 965 518 1037 EN
552 967 729 1038 ΑΓΙΟΙΣ
766 965 980 1040 ΠΑΤΡΟΣ
1015 965 1167 1038 ΗΜΩΝ

486 1254 988 1364 ΚΥΡΙΛΛΟΥ

372 1573 737 1622 ΑΡΧΙΕΠΙΣΚΟΠΟΥ
767 1573 1105 1624 ΑΛΕΞΑΝΔΡΕῙΑΣ

207 1847 295 1922 ΕΙΣ
334 1848 407 1924 ΤΟ
446 1851 590 1926 ΚΑΤΑ
630 1849 880 1927 ΙΩΑΝΝΗΝ
920 1847 1259 1925 ΕΥΑΓΓΕΛΙΟΝ

487 2130 676 2178 BIBAION
714 2128 987 2178 ΔΩΔΕΚΔΤΟΝ

1349 2317 1505 2376 ο108οΔ.

130 2407 345 2474 Ἀπέστειλεν
372 2403 429 2474 οὗν
457 2407 556 2475 αὐτὸν
583 2411 601 2477 ὁ
629 2409 748 2474 Ἀνναο
780 2408 955 2486 δεδεμένον
987 2409 1069 2498 πράο
1103 2409 1253 2497 Καϊάφαν
1280 2408 1338 2478 τὸν
1353 2427 1390 2482 24

187 2532 356 2621 ἀρχιερέα.
396 2528 436 2599 ἀν
468 2533 504 2599 δέ
540 2533 651 2610 Σίμων
682 2535 806 2623 Πέτροο
842 2535 946 2602 έστὼε
983 2535 1036 2599 καί
1072 2536 1391 2623 θερμαινόμενοο·α5

187 2650 281 2722 εἷπον
317 2655 374 2723 οὖν
410 2658 501 2742 αὐτῷ
534 2658 591 2723 Ma
629 2659 682 2723 καί
718 2659 755 2725 σὺ
791 2659 828 2726 έκ
863 2660 930 2726 τῶν
966 2659 1122 2737 μαθιιτῶν
1158 2655 1255 2726 αὐτοῦ
1290 2653 1339 2742 εἷς

188 2781 356 2870 ιἰρνιέσατο
390 2775 526 2864 έκεῖνοο,
558 2783 611 2848 καί
646 2777 736 2849 εἶπεν
769 2783 835 2849 Οὐκ
871 2781 945 2860 εἰμί.
995 2785 1082 2858 λέτει
1117 2777 1165 2848 εἷο
1199 2785 1235 2848 έκ
1271 2783 1338 2848 τῶν
1355 2789 1392 2846 26

189 2905 318 2973 δούλων
344 2913 402 2973 τοῦ
429 2907 620 2997 ἀρχιερέως,
647 2909 800 2983 συττενιὶο
827 2908 875 2975 ὢν
901 2905 939 2975 οὗ
968 2909 1118 2988 ἀπέκοψε
1144 2909 1269 2998 Πέτροο
1300 2909 1338 2975 τὸ

189 3033 289 3100 ὠτίον
308 3033 375 3100 Οὐκ
401 3034 469 3110 έτάο
495 3058 532 3102 σε
558 3029 647 3102 εἶδον
670 3035 704 3102 έν
726 3039 774 3120 τῷ
802 3037 897 3121 κεἰπῳ
923 3037 989 3112 μετ’
1012 3036 1111 3102 αὐτοῦ
1123 3065 1132 3119 3
1159 3036 1258 3102 πάλιν
1281 3031 1337 3100 οὖν
1353 3053 1389 3116 27

189 3159 357 3249 ιἰρνιὶσατο
383 3161 519 3250 Πέτροο,
548 3161 601 3226 καὶ
628 3163 750 3228 εὐθέωο
777 3162 927 3250 ἀλέκτωρ
953 3159 1138 3248 έφὼνιισεν.

1352 3263 1373 3326 b

193 3368 521 3450 ’ANAKOHTEI
545 3369 733 3473 χρησίμως
757 3366 919 3472 καθάπερ
943 3369 1055 3450 ἵππον
1073 3369 1341 3476 ὀξυδρομοΰντα

137 3491 204 3572 τὸν
225 3495 289 3591 τῆς
316 3491 522 3600 ἐξηγήσεων
549 3493 684 3594 τρόπον
707 3493 728 3572 ὁ
756 3493 951 3576 θεσπέσιον
975 3490 1262 3595 Εὐαγγελιστὴο,
1282 3491 1340 3570 καὶ

87 3649 123 3707 15
138 3619 260 3698 ὀπίσω
287 3615 399 3698 πάλιν
425 3616 682 3720 ἀνακομίζεται.
736 3614 797 3696 διὰ
825 3617 933 3697 ποίαν
963 3617 1103 3714 alsium
1145 3620 1238 3721 χρῆν
1267 3613 1341 3717 γάρ

138 3740 257 3842 δήπου
288 3742 530 3849 προεπιάεΐξσι
561 3747 635 3821 τῶν
664 3741 794 3849 ἐφεξῆς
826 3738 892 3841 τὴν
921 3746 970 3825 εἰς
998 3739 1118 3843 τρίτον
1149 3738 1341 3840 γενομένην

139 3866 293 3970 ἄρνησιν
322 3873 386 3945 τοῦ
416 3864 567 3968 Πέτρον,
598 3867 657 3944 καὶ
692 3873 819 3945 τοῦτον
850 3863 993 3969 ἔχοντος
1029 3871 1094 3943 τοῦ
1130 3862 1341 3965 πράγματος

139 3989 275 4092 τρόπον
292 3988 356 4069 τὸν
374 3990 470 4097 αὐτῷ
488 3988 653 4090 μάλιστα
675 3986 857 4091 πρέποντά
883 4021 922 4067 τε
948 3989 1005 4066 καὶ
1031 3986 1236 4086 ἐπιτήδειον,
1255 3984 1338 4063 καθ’

139 4110 183 4193 ὃν
205 4117 263 4193 καὶ
291 4112 508 4194 τετέλεσται.
550 4118 779 4210 οἰκονομικῶς
805 4118 995 4214 τοιγαροῦν
1019 4106 1266 4206 ἀναλαμβάνει
1293 4104 1339 4186 τά

89 4238 178 4318 ιοέν
195 4240 332 4342 ἀρχαῖς,
350 4243 409 4317 καὶ
436 4236 665 4318 ἀπεστάλθαι
692 4235 758 4335 μέν
778 4235 875 4338 λέγει
903 4233 966 4315 τὸν
984 4232 1130 4333 Ἰησοῦν
1151 4228 1249 4333 παρά
1274 4239 1339 4311 τοῦ
1383 4242 1509 4371 ξξ-τῡχχτ·

179 4461 227 4516 1-5
242 4446 341 4503 retinui
352 4466 384 4502 ex
398 4446 449 4503 Ed.
461 4451 508 4502 τοῦ
519 4447 644 4518 μακαρίον
656 4448 780 4519 κνρῖλλον
798 4447 833 4504 εἶς
850 4447 881 4500 τὸ
897 4445 961 4500 κστά
977 4444 1083 4514 έωάννην
1095 4443 1247 4516 εὐαγγέλιον
1258 4440 1340 4512 κεφά-

139 4521 258 4662 aar&
270 4519 299 4575 έν
309 4521 346 4591 τῷ
358 4519 492 4592 ἀειάιιιάτιρ
503 4519 602 4590 βιβλέιρ
614 4518 646 4574 E.
876 4533 919 4587 19.
938 4513 979 4587 ὃν]
994 4514 1008 4570 ἀ
1021 4515 1054 4570 E.
1126 4513 1341 4584 ἀναλαμβάνουσι

716 4689 770 4734 02
