3294 5150
146 450 276 517 [ιιΜ]

301 351 365 414 300
473 348 514 412 B.
538 347 727 412 CYRILLI
754 347 1021 436 ALEXANDR.
1047 346 1330 413 FRAGMENTA
1377 369 1431 410 xv.
1451 364 1499 411 ια.

302 519 434 615 νεκρῶν
450 510 685 597 ἀναστάσεως
711 510 753 590 τὸ
777 509 988 614 μυστήριον,
1006 511 1206 612 ἠγνοήκασι
1230 515 1417 593 παντελῶς
1435 512 1501 608 τῆς

301 634 602 739 ε’νανθρωπήσεως
617 641 681 715 τοῦ
700 640 929 736 Μονογενοῦς
946 631 1010 713 τὸν
1027 635 1178 715 σκοπόν·
1204 631 1328 736 γέγονε
1345 630 1418 734 γάρ
1436 631 1501 710 εἷν-

134 777 201 828 Heb.
212 779 255 829 xii.
265 794 288 832 ι.
304 764 446 862 θρισπος
460 758 502 839 ού
520 759 561 839 δι’
575 757 699 839 ἑαυτὸν
716 758 737 837 ὁ
753 757 846 843 Θεὸς
860 754 992 859 Λόγος,
1008 767 1030 804 “
1042 758 1121 836 ἀντὶ
1134 755 1172 837 δέ
1189 761 1253 858 τῆς
1270 754 1501 858 προκειμένης·

135 1129 175 1178 Ib.
189 1129 216 1180 ii.
228 1145 265 1192 14.

138 1206 176 1258 ¹5·

141 2146 151 2180 1
163 2131 188 2180 8.
196 2131 272 2182 Joan.

138 2196 173 2245 iii.
184 2211 206 2244 a.

138 2262 213 2311 Rom.
222 2261 275 2311 viii.

140 2339 181 2390 τη.

304 893 326 932 “
344 883 440 990 αύτῷ
467 888 581 986 χαρᾶς
609 881 767 978 ύπέμεινε
789 877 959 982 σταυρόν,
985 878 1159 984 αἰσχύνης
1188 875 1498 985 καταφρονήσας·”

304 1004 362 1085 διά
386 1012 493 1087 ποΐαν
510 1005 635 1101 αἰτίαν,
654 1000 789 1110 διδάξει
813 1004 932 1106 λέγων
950 1001 1055 1089 αὐτὸς
1075 1005 1097 1082 ό
1116 1003 1332 1111 σοφώτατος
1350 1005 1539 1089 Παῦλος5

305 1139 327 1177 “
345 1128 493 1229 Ἐπειδή
512 1127 583 1231 γάρ
600 1124 646 1208 τά
670 1128 794 1208 παιδία
818 1127 1067 1227 κεκοινώνηκεν
1085 1126 1233 1225 αἵματος
1259 1129 1319 1205 καὶ
1345 1124 1499 1228 σαρκὸς,

305 1263 327 1300 “
343 1256 402 1332 καὶ
427 1249 532 1336 αὐτὸς
555 1252 821 1355 παραπλησίως
844 1251 1019 1356 μετέσχεν
1037 1256 1110 1330 τῶν
1128 1251 1254 1348 αὐτῶν,
1271 1249 1330 1328 ἵνα
1353 1246 1412 1326 διά
1436 1256 1502 1328 τοῦ

305 1387 326 1424 “
344 1373 499 1455 θανάτου
527 1371 740 1478 καταργήσῃ
769 1371 832 1453 τόν
862 1372 904 1454 τό
934 1372 1062 1474 κράτος
1091 1372 1221 1478 ἔχοντα
1249 1378 1312 1452 τοῦ
1335 1370 1501 1468 θανάτου,

304 1509 326 1546 ‘⁴
343 1497 507 1579 τουτέστι
525 1497 589 1577 τὸν
608 1497 792 1595 διάβολον,
812 1500 870 1576 καὶ
888 1496 1087 1603 ἀπαλλάξῃ
1114 1495 1260 1580 τούτους
1284 1495 1366 1576 ὅσοι
1393 1493 1502 1602 φόβῳ

305 1632 327 1669 “
346 1622 500 1701 θανάτου
515 1619 574 1700 διὰ
589 1618 723 1704 παντὸς
740 1627 804 1700 τοῦ
820 1619 887 1722 ζῆν
905 1618 1021 1722 ένοχοι
1040 1617 1136 1719 ἦσαν
1155 1617 1351 1702 δουλείας·”
1375 1619 1504 1698 οὐκοῦν
1521 1650 1563 1690 10

306 1750 336 1823 εί
352 1742 404 1843 μή
423 1747 631 1848 καταργηθῇ
650 1741 814 1840 θάνατος,
832 1749 962 1822 εἰκαῖον
980 1743 1076 1851 αὐτῷ
1094 1742 1136 1823 τὸ
1155 1741 1311 1841 σκέμμα,
1330 1739 1504 1841 ἀνόνητον

306 1867 345 1947 δὲ
363 1872 421 1948 καὶ
440 1868 523 1968 ἡμῖν
537 1868 655 1950 αὐτοῖς
672 1870 735 1965 τῆς
752 1865 841 1965 μετὰ
859 1865 995 1968 σαρκὸς
1013 1867 1213 1966 οἰκονομίας
1231 1863 1274 1945 τό
1291 1861 1501 1967 μυστήριον·

307 1990 595 2093 διημαρτήκαμεν
612 1988 720 2070 δὲκαὶ
734 1995 797 2089 τῆς
815 1995 863 2074 είς
877 1987 970 2092 ζωὴν
983 1988 1140 2074 ἐλπίδος·
1161 1986 1362 2088 κεκλήμεθα
1375 1986 1413 2068 δὲ
1425 1994 1505 2073 πῶς

309 2119 357 2197 εἱς
384 2114 563 2193 υἱοθεσίαν
583 2113 644 2193 καί
668 2116 778 2209 ἐσμεν
805 2114 912 2192 τέκνα
940 2118 1046 2208 θεοῦ,
1072 2111 1165 2192 καθά
1192 2124 1308 2217 φησιν
1334 2111 1502 2211 Ἰωάννης

309 2236 493 2343 ὁσοφός;
524 2237 621 2340 ε’ίπερ
648 2239 748 2316 ἐστὶν
765 2236 896 2335 ἀληθές
922 2239 970 2319 ὡς
997 2245 1019 2283 “
1033 2235 1213 2316 υἱοθεσίαν
1238 2233 1501 2338 ἀπεκδεχόμεθα
1523 2273 1562 2328 ¹5

307 2358 374 2459 τήν
403 2361 658 2464 ἀπολύτρωσιν
694 2367 758 2439 τοῦ
795 2359 964 2456 σώματος
997 2359 1129 2458 ήμῶν,”
1162 2365 1248 2439 ποῖα
1280 2357 1318 2438 δὲ
1350 2357 1445 2442 ὅλως
1478 2358 1501 2457 ἡ

307 2482 572 2586 ἀπολύτρωσις,
606 2489 634 2562 εἶ
667 2482 717 2582 μή
749 2481 906 2562 θανάτου
938 2483 1114 2586 κρείττους
1146 2483 1238 2582 ἡμᾶς
1270 2482 1452 2587 ἀπέφηνεν
1481 2482 1501 2560 ὁ

140 2605 493 2710 Ρςςι.ςςι.ιι.Χριστός;
523 2604 546 2707 ἦ
565 2613 643 2691 πῶς
671 2617 693 2653 “
706 2608 1015 2711 μετασχηματίσει
1039 2604 1083 2686 τδ
1104 2613 1214 2704 σῶμα
1239 2609 1303 2705 τῆς
1330 2605 1503 2686 ταπεινοί·

306 2743 330 2780 “
347 2767 441 2818 σεως
469 2734 571 2833 ἡμῶν
599 2733 820 2840 σύμμορφον
848 2737 901 2839 τῷ
933 2730 1076 2831 σάματι
1107 2735 1171 2830 τῆς
1202 2727 1310 2837 δόξης
1342 2731 1451 2810 αὑτοῦ
1466 2727 1500 2827 ;”

306 2864 407 2941 ποῖος
435 2853 507 2960 γάρ
526 2855 621 2941 ὅλως
639 2858 659 2936 ἀ
677 2862 780 2937 τοῦδε
800 2852 932 2960 καιρὸς,
951 2859 981 2934 εἰ
1006 2853 1057 2955 μὴ
1075 2852 1292 2959 ἀπρακτήσῃ
1318 2852 1470 2939 θάνατος
1487 2886 1498 2951 ;
1520 2890 1562 2930 20

307 2976 331 3079 ἢ
352 2985 455 3064 ποῖος
482 2979 585 3059 ἔσται
612 2977 969 3085 μετασχηματισμὸς,
987 2985 1061 3063 τοῖς
1082 2979 1120 3057 έν
1141 2977 1338 3078 ταυτότητι,
1357 2984 1503 3078 μᾶλλον

308 3101 347 3182 δὲ
363 3104 423 3182 καὶ
440 3103 479 3182 έν
496 3101 656 3207 χείροσιν
673 3101 882 3202 ἐσομένοις,

359 3222 492 3328 Ἀθρει
516 3223 554 3305 δὲ
571 3224 667 3310 ὅπως
688 3225 917 3330 περιίστησιν
935 3225 1106 3330 εὐτέχνως
1124 3230 1172 3310 εἱς
1197 3225 1393 3327 ἀναγκαίαν
1411 3225 1499 3323 ὀμο-

308 3347 438 3449 λογίαν
464 3355 529 3428 τοῦ
556 3353 684 3454 χρῆναι
718 3349 837 3452 λέγειν
867 3353 915 3433 ὡς
945 3349 1210 3445 ἀναβιάσονται
1239 3346 1332 3428 κατά
1363 3347 1504 3451 καιρούς

310 3467 356 3550 τά
382 3473 422 3550 ε’κ
444 3476 511 3572 γῆς
536 3471 638 3572 ήμῶν
655 3472 822 3572 σώματα.
865 3481 891 3554 εἰ
913 3471 985 3575 γάρ
1004 3471 1060 3572 δὴ,
1077 3475 1184 3580 φησὶ,
1205 3470 1264 3552 διὰ
1290 3468 1413 3572 πάσης
1439 3475 1503 3572 τῆς
1520 3501 1561 3563 ²5

309 3595 550 3676 θεοττνεύστου
581 3599 727 3699 γραφῆς
753 3594 988 3699 ἐγηγερμένος
1022 3597 1061 3675 ἐκ
1095 3594 1206 3702 νεκρῶν
1238 3593 1504 3694 διακεκήρυκται

309 3715 459 3825 Χριστλς,
478 3716 551 3804 πῶς
579 3718 732 3820 λέγουσιν
759 3720 788 3800 ἐν
811 3723 886 3825 ὑμῖν
910 3753 989 3805 τινες
1016 3717 1063 3800 ’ότι
1092 3719 1282 3804 ἀντίστασις
1308 3752 1417 3826 νεκρων
1446 3723 1504 3798 ιύιι

309 3840 395 3921 ἔστιν
410 3873 421 3937 ;
453 3841 628 3921 ἀπέθανεν
645 3839 733 3946 γάρ,
754 3846 803 3927 ὡς
820 3841 888 3942 ήδη
908 3843 1116 3947 φθάσαντες
1134 3841 1287 3941 εἴπομεν,
1306 3841 1374 3946 οὐχ
1392 3843 1506 3948 ἑαυτῷ

307 3969 453 4061 μᾶλλον
481 3966 565 4045 ἀλλ’
592 3966 687 4064 ἡμῖν·
735 3967 777 4044 ἶν’
807 3965 947 4068 ε’πείπερ
979 3967 1059 4045 ἐστὶ
1090 3962 1160 4068 ζωή
1190 3962 1281 4044 κατά
1313 3967 1427 4071 φύσιν
1456 3967 1505 4048 ὡς

309 4086 413 4187 Θεὸς,
430 4093 482 4196 τῷ
509 4087 651 4196 θανάτῳ
677 4093 741 4187 τῆς
770 4090 858 4174 ἰδίας
877 4086 1016 4192 σαρκὸς
1034 4087 1247 4194 καταργήσῃ
1273 4087 1437 4185 θάνατον,
1456 4091 1506 4172 ὡς
1521 4129 1562 4188 30

344 4304 367 4342 1.
386 4288 509 4358 ἀγνοοῦσι
523 4288 560 4344 Η.
598 4289 694 4346 Statim
706 4294 838 4347 παντελῶς
850 4307 905 4346 om.
919 4290 957 4346 Η.
1142 4307 1169 4362 3.
1187 4293 1234 4346 τοῦ
1247 4294 1314 4346 Θεοῦ
1326 4307 1375 4361 pro
1387 4291 1453 4348 θεὸς
1467 4291 1506 4346 Η.

310 4356 405 4428 Λόγος]
419 4360 504 4430 pergit
515 4358 576 4413 ἀλλ’
588 4357 629 4414 ἵνα
641 4359 706 4428 ήμᾶς
717 4361 855 4432 ἀπαλλάξῃ
867 4361 986 4418 θανάτου.
1004 4362 1028 4416 εί
1040 4361 1068 4416 δέ
1079 4360 1114 4432 μή
1128 4361 1186 4432 (11)
1202 4361 1239 4417 H.
1355 4377 1382 4432 9.
1399 4360 1508 4418 τούτους

309 4425 410 4481 οιιι.Α.
444 4497 449 4507 Ι
516 4447 556 4483 11.
575 4430 636 4498 κακή
687 4453 730 4484 τοι
743 4431 781 4486 Η.
885 4447 926 4486 12.
944 4432 1168 4502 τῆς-μυστήριον
1180 4450 1234 4487 om.
1249 4431 1286 4486 H.
1395 4433 1507 4502 τῃγὰρ

309 4495 398 4562 pro&
412 4513 485 4563 pnus
500 4497 536 4551 H.
590 4500 651 4553 ε’λπί
682 4499 707 4572 ς]
723 4502 809 4572 pergit
820 4497 874 4556 εἶτα
886 4503 964 4557 εἰπών
972 4511 1044 4559 Τινες
1055 4505 1158 4570 μᾶλλον
1170 4503 1355 4557 σαδδονκαίονς
1367 4501 1507 4557 αἰνίττεται

309 4562 369 4618 τοὺς
380 4565 415 4633 μή
427 4564 550 4636 λέγοντας
561 4568 704 4626 ἀνάστασιν
716 4571 755 4642 (ρ.
769 4588 832 4642 301,
845 4573 873 4641 8)
888 4571 925 4627 Η.
1060 4587 1103 4643 25.
1122 4575 1167 4642 τής
1179 4589 1233 4629 om.
1246 4572 1350 4644 Μίμας.
