<?xml version="1.0" encoding="UTF-8"?>
<!DOCTYPE html PUBLIC "-//W3C//DTD XHTML 1.0 Transitional//EN"
    "http://www.w3.org/TR/xhtml1/DTD/xhtml1-transitional.dtd">
<html xmlns="http://www.w3.org/1999/xhtml" xml:lang="en" lang="en">
 <head>
  <title>
</title>
<meta http-equiv="Content-Type" content="text/html;charset=utf-8" />
  <meta name='ocr-system' content='tesseract 3.04.00' />
  <meta name='ocr-capabilities' content='ocr_page ocr_carea ocr_par ocr_line ocrx_word'/>
</head>
<body>
  <div class='ocr_page' id='page_1' title='image "./sanctipatrisnos01pusegoog_0381.png"; bbox 0 0 3278 5130; ppageno 0'>
   <div class='ocr_carea' id='block_1_1' title="bbox 160 311 1518 480">
    <p class='ocr_par' dir='ltr' id='par_1_1' title="bbox 160 311 1518 480">
     <span class='ocr_line' id='line_1_1' title="bbox 160 311 1518 480; baseline -0.001 -103"><span class='ocrx_word' id='word_1_1' title='bbox 160 410 173 477; x_wconf 87' lang='lat'><strong>[</strong></span> <span class='ocrx_word' id='word_1_2' title='bbox 242 413 273 464; x_wconf 83' lang='lat' dir='ltr'>M</span> <span class='ocrx_word' id='word_1_3' title='bbox 292 314 384 480; x_wconf 71' lang='lat'>1358</span> <span class='ocrx_word' id='word_1_4' title='bbox 463 314 501 378; x_wconf 93' lang='grc' dir='ltr'>Β.</span> <span class='ocrx_word' id='word_1_5' title='bbox 525 311 714 378; x_wconf 82' lang='lat' dir='ltr'><strong>CYRILLI</strong></span> <span class='ocrx_word' id='word_1_6' title='bbox 739 312 1004 380; x_wconf 82' lang='lat' dir='ltr'>ALEXANDR.</span> <span class='ocrx_word' id='word_1_7' title='bbox 1030 313 1314 380; x_wconf 74' lang='lat' dir='ltr'><strong>FRAGMENTA</strong></span> <span class='ocrx_word' id='word_1_8' title='bbox 1357 313 1424 378; x_wconf 79' lang='lat' dir='ltr'><strong>xiii.</strong></span> <span class='ocrx_word' id='word_1_9' title='bbox 1437 333 1469 398; x_wconf 83' lang='lat'>3,</span> <span class='ocrx_word' id='word_1_10' title='bbox 1481 332 1518 392; x_wconf 82' lang='lat'>4.</span> 
     </span>
     <span class='ocr_line' id='line_1_2' title="bbox 187 423 281 466; baseline 0.053 -5"><span class='ocrx_word' id='word_1_11' title='bbox 187 423 230 462; x_wconf 83' lang='lat'>101</span> <span class='ocrx_word' id='word_1_12' title='bbox 275 452 281 466; x_wconf 87' lang='lat'>.</span> 
     </span>
    </p>
   </div>
   <div class='ocr_carea' id='block_1_2' title="bbox 145 476 1573 3293">
    <p class='ocr_par' dir='ltr' id='par_1_2' title="bbox 315 476 1519 584">
     <span class='ocr_line' id='line_1_3' title="bbox 315 476 1519 584; baseline -0.001 -28"><span class='ocrx_word' id='word_1_13' title='bbox 315 480 574 576; x_wconf 88' lang='grc' dir='ltr'>πνευματικῶν.</span> <span class='ocrx_word' id='word_1_14' title='bbox 612 481 671 558; x_wconf 83' lang='grc' dir='ltr'>καὶ</span> <span class='ocrx_word' id='word_1_15' title='bbox 692 485 781 580; x_wconf 80' lang='grc' dir='ltr'>γοῦν</span> <span class='ocrx_word' id='word_1_16' title='bbox 798 479 821 557; x_wconf 85' lang='grc' dir='ltr'>ἀ</span> <span class='ocrx_word' id='word_1_17' title='bbox 845 478 1039 563; x_wconf 95' lang='grc' dir='ltr'>θεσπέσιος</span> <span class='ocrx_word' id='word_1_18' title='bbox 1058 484 1207 562; x_wconf 82' lang='grc' dir='ltr'>Παῦλος</span> <span class='ocrx_word' id='word_1_19' title='bbox 1224 476 1288 557; x_wconf 82' lang='grc' dir='ltr'>τὸν</span> <span class='ocrx_word' id='word_1_20' title='bbox 1305 479 1343 556; x_wconf 86' lang='grc' dir='ltr'>ἐν</span> <span class='ocrx_word' id='word_1_21' title='bbox 1361 481 1519 584; x_wconf 78' lang='grc' dir='ltr'>Χριστῷ</span> 
     </span>
    </p>

    <p class='ocr_par' dir='ltr' id='par_1_3' title="bbox 316 598 1519 704">
     <span class='ocr_line' id='line_1_4' title="bbox 316 598 1519 704; baseline -0.001 -25"><span class='ocrx_word' id='word_1_22' title='bbox 316 598 506 697; x_wconf 81' lang='grc' dir='ltr'>νοούμενον</span> <span class='ocrx_word' id='word_1_23' title='bbox 524 600 763 704; x_wconf 76' lang='grc' dir='ltr'>στρατιώτην,</span> <span class='ocrx_word' id='word_1_24' title='bbox 785 608 863 686; x_wconf 84' lang='grc' dir='ltr'>ταῖς</span> <span class='ocrx_word' id='word_1_25' title='bbox 887 603 980 681; x_wconf 83' lang='grc' dir='ltr'>οὕτω</span> <span class='ocrx_word' id='word_1_26' title='bbox 998 608 1182 704; x_wconf 71' lang='grc' dir='ltr'>λαμπραῖς</span> <span class='ocrx_word' id='word_1_27' title='bbox 1200 601 1379 684; x_wconf 86' lang='grc' dir='ltr'>εύοπλίαις</span> <span class='ocrx_word' id='word_1_28' title='bbox 1403 633 1519 680; x_wconf 88' lang='grc' dir='ltr'>κατα-</span> 
     </span>
    </p>

    <p class='ocr_par' dir='ltr' id='par_1_4' title="bbox 146 721 1518 832">
     <span class='ocr_line' id='line_1_5' title="bbox 146 721 1518 832; baseline 0.001 -31"><span class='ocrx_word' id='word_1_29' title='bbox 146 741 212 806; x_wconf 76' lang='grc' dir='ltr'>Ευῑι</span> <span class='ocrx_word' id='word_1_30' title='bbox 220 743 253 794; x_wconf 72' lang='grc' dir='ltr'><strong>τί</strong></span> <span class='ocrx_word' id='word_1_31' title='bbox 266 759 304 810; x_wconf 83' lang='lat'>14·</span> <span class='ocrx_word' id='word_1_32' title='bbox 314 722 556 821; x_wconf 87' lang='grc' dir='ltr'>σεμνύνεσθαι</span> <span class='ocrx_word' id='word_1_33' title='bbox 588 727 661 803; x_wconf 82' lang='grc' dir='ltr'>δεῖν</span> <span class='ocrx_word' id='word_1_34' title='bbox 689 725 727 803; x_wconf 82' lang='grc' dir='ltr'>εὖ</span> <span class='ocrx_word' id='word_1_35' title='bbox 760 725 863 824; x_wconf 77' lang='grc' dir='ltr'>μάλα</span> <span class='ocrx_word' id='word_1_36' title='bbox 893 725 1002 832; x_wconf 87' lang='grc' dir='ltr'>φησί·</span> <span class='ocrx_word' id='word_1_37' title='bbox 1044 723 1190 828; x_wconf 85' lang='grc' dir='ltr'>θῶρακα</span> <span class='ocrx_word' id='word_1_38' title='bbox 1219 723 1284 820; x_wconf 87' lang='grc' dir='ltr'>μέν</span> <span class='ocrx_word' id='word_1_39' title='bbox 1312 721 1384 827; x_wconf 87' lang='grc' dir='ltr'>γάρ</span> <span class='ocrx_word' id='word_1_40' title='bbox 1416 724 1518 830; x_wconf 78' lang='grc' dir='ltr'>αύτῷ</span> 
     </span>
    </p>

    <p class='ocr_par' dir='ltr' id='par_1_5' title="bbox 147 845 1552 1076">
     <span class='ocr_line' id='line_1_6' title="bbox 147 845 1518 952; baseline 0.003 -30"><span class='ocrx_word' id='word_1_41' title='bbox 147 857 235 922; x_wconf 67' lang='lat' dir='ltr'>nm.</span> <span class='ocrx_word' id='word_1_42' title='bbox 315 850 518 950; x_wconf 81' lang='grc' dir='ltr'>περιτίθησι</span> <span class='ocrx_word' id='word_1_43' title='bbox 551 846 791 948; x_wconf 89' lang='grc' dir='ltr'>δικαιοσύνην,</span> <span class='ocrx_word' id='word_1_44' title='bbox 817 849 1101 952; x_wconf 82' lang='grc' dir='ltr'>περικεφαλαίαν</span> <span class='ocrx_word' id='word_1_45' title='bbox 1128 845 1167 928; x_wconf 84' lang='grc' dir='ltr'>δέ</span> <span class='ocrx_word' id='word_1_46' title='bbox 1194 849 1384 949; x_wconf 89' lang='grc' dir='ltr'>σωτηρίου,</span> <span class='ocrx_word' id='word_1_47' title='bbox 1414 857 1435 894; x_wconf 85' lang='grc'><strong>“</strong></span> <span class='ocrx_word' id='word_1_48' title='bbox 1454 850 1518 926; x_wconf 81' lang='grc' dir='ltr'>καὶ</span> 
     </span>
     <span class='ocr_line' id='line_1_7' title="bbox 227 968 1552 1076; baseline -0.004 -21"><span class='ocrx_word' id='word_1_49' title='bbox 227 1059 230 1066; x_wconf 60' lang='grc'>,</span> <span class='ocrx_word' id='word_1_50' title='bbox 315 981 337 1018; x_wconf 82' lang='lat'>‘⁴</span> <span class='ocrx_word' id='word_1_51' title='bbox 355 968 421 1070; x_wconf 83' lang='grc' dir='ltr'>τὴν</span> <span class='ocrx_word' id='word_1_52' title='bbox 437 971 618 1076; x_wconf 88' lang='grc' dir='ltr'>μοίχαιραν</span> <span class='ocrx_word' id='word_1_53' title='bbox 636 979 701 1051; x_wconf 87' lang='grc' dir='ltr'>τοῦ</span> <span class='ocrx_word' id='word_1_54' title='bbox 720 971 927 1072; x_wconf 88' lang='grc' dir='ltr'>Πνεύματος</span> <span class='ocrx_word' id='word_1_55' title='bbox 945 971 966 1051; x_wconf 84' lang='grc' dir='ltr'><strong>ὅ</strong></span> <span class='ocrx_word' id='word_1_56' title='bbox 984 973 1063 1051; x_wconf 88' lang='grc' dir='ltr'>ἐστι</span> <span class='ocrx_word' id='word_1_57' title='bbox 1085 973 1184 1073; x_wconf 81' lang='grc' dir='ltr'>ῥῆμα</span> <span class='ocrx_word' id='word_1_58' title='bbox 1200 969 1327 1069; x_wconf 85' lang='grc' dir='ltr'>θεοῦ,”</span> <span class='ocrx_word' id='word_1_59' title='bbox 1345 973 1404 1050; x_wconf 79' lang='grc' dir='ltr'>καὶ</span> <span class='ocrx_word' id='word_1_60' title='bbox 1422 968 1552 1073; x_wconf 75' lang='grc' dir='ltr'>πράςε</span> 
     </span>
    </p>

    <p class='ocr_par' dir='ltr' id='par_1_6' title="bbox 146 1091 1517 1199">
     <span class='ocr_line' id='line_1_8' title="bbox 146 1091 1517 1199; baseline 0.001 -29"><span class='ocrx_word' id='word_1_61' title='bbox 146 1120 185 1171; x_wconf 87' lang='lat' dir='ltr'>lb.</span> <span class='ocrx_word' id='word_1_62' title='bbox 200 1121 239 1173; x_wconf 83' lang='grc' dir='ltr'>ιι.</span> <span class='ocrx_word' id='word_1_63' title='bbox 313 1095 452 1179; x_wconf 75' lang='grc' dir='ltr'>τούτοις</span> <span class='ocrx_word' id='word_1_64' title='bbox 472 1094 523 1175; x_wconf 86' lang='grc' dir='ltr'>ἐτι</span> <span class='ocrx_word' id='word_1_65' title='bbox 551 1106 572 1144; x_wconf 87' lang='grc'><strong>“</strong></span> <span class='ocrx_word' id='word_1_66' title='bbox 585 1092 649 1176; x_wconf 84' lang='grc' dir='ltr'>τὸν</span> <span class='ocrx_word' id='word_1_67' title='bbox 667 1092 792 1199; x_wconf 82' lang='grc' dir='ltr'>θυρεὸν</span> <span class='ocrx_word' id='word_1_68' title='bbox 808 1098 873 1194; x_wconf 85' lang='grc' dir='ltr'>τῆς</span> <span class='ocrx_word' id='word_1_69' title='bbox 895 1095 1085 1190; x_wconf 86' lang='grc' dir='ltr'>πίστεως,”</span> <span class='ocrx_word' id='word_1_70' title='bbox 1116 1093 1159 1174; x_wconf 85' lang='grc' dir='ltr'>δι’</span> <span class='ocrx_word' id='word_1_71' title='bbox 1179 1095 1221 1174; x_wconf 81' lang='grc' dir='ltr'>οὗ</span> <span class='ocrx_word' id='word_1_72' title='bbox 1249 1093 1293 1194; x_wconf 83' lang='grc' dir='ltr'>δή</span> <span class='ocrx_word' id='word_1_73' title='bbox 1320 1091 1439 1175; x_wconf 77' lang='grc' dir='ltr'>πάντα</span> <span class='ocrx_word' id='word_1_74' title='bbox 1466 1091 1517 1174; x_wconf 85' lang='grc' dir='ltr'>τά</span> 
     </span>
    </p>

    <p class='ocr_par' dir='ltr' id='par_1_7' title="bbox 312 1209 1517 1321">
     <span class='ocr_line' id='line_1_9' title="bbox 312 1209 1517 1321; baseline -0.001 -23"><span class='ocrx_word' id='word_1_75' title='bbox 312 1217 548 1321; x_wconf 72' lang='grc' dir='ltr'>πεπυρωμένα</span> <span class='ocrx_word' id='word_1_76' title='bbox 578 1228 643 1300; x_wconf 82' lang='grc' dir='ltr'>τοῦ</span> <span class='ocrx_word' id='word_1_77' title='bbox 672 1209 830 1320; x_wconf 82' lang='grc' dir='ltr'>πονηροῦ</span> <span class='ocrx_word' id='word_1_78' title='bbox 861 1217 1145 1314; x_wconf 76' lang='grc' dir='ltr'>κατασβέννυται</span> <span class='ocrx_word' id='word_1_79' title='bbox 1173 1217 1281 1318; x_wconf 87' lang='grc' dir='ltr'>βέλη.</span> <span class='ocrx_word' id='word_1_80' title='bbox 1323 1219 1451 1298; x_wconf 82' lang='grc' dir='ltr'>οὐκοῦν</span> <span class='ocrx_word' id='word_1_81' title='bbox 1480 1224 1517 1297; x_wconf 81' lang='grc' dir='ltr'>οὐ</span> 
     </span>
    </p>

    <p class='ocr_par' dir='ltr' id='par_1_8' title="bbox 314 1340 1516 1450">
     <span class='ocr_line' id='line_1_10' title="bbox 314 1340 1516 1450; baseline 0.001 -31"><span class='ocrx_word' id='word_1_82' title='bbox 314 1341 469 1450; x_wconf 80' lang='grc' dir='ltr'>οαριιιιῶι</span> <span class='ocrx_word' id='word_1_83' title='bbox 499 1348 572 1422; x_wconf 90' lang='grc' dir='ltr'>τῶν</span> <span class='ocrx_word' id='word_1_84' title='bbox 605 1344 717 1448; x_wconf 84' lang='grc' dir='ltr'>ἁγίων</span> <span class='ocrx_word' id='word_1_85' title='bbox 745 1341 793 1424; x_wconf 87' lang='grc' dir='ltr'>τά</span> <span class='ocrx_word' id='word_1_86' title='bbox 821 1341 926 1443; x_wconf 84' lang='grc' dir='ltr'>βέλη,</span> <span class='ocrx_word' id='word_1_87' title='bbox 957 1340 1177 1441; x_wconf 77' lang='grc' dir='ltr'>πνευματικὰ</span> <span class='ocrx_word' id='word_1_88' title='bbox 1210 1341 1249 1422; x_wconf 84' lang='grc' dir='ltr'>δέ</span> <span class='ocrx_word' id='word_1_89' title='bbox 1275 1348 1421 1440; x_wconf 77' lang='grc' dir='ltr'>μᾶλλον</span> <span class='ocrx_word' id='word_1_90' title='bbox 1453 1343 1516 1421; x_wconf 84' lang='grc' dir='ltr'>καὶ</span> 
     </span>
    </p>

    <p class='ocr_par' dir='ltr' id='par_1_9' title="bbox 209 1459 1573 1696">
     <span class='ocr_line' id='line_1_11' title="bbox 209 1459 1515 1575; baseline -0.007 -23"><span class='ocrx_word' id='word_1_91' title='bbox 209 1505 262 1539; x_wconf 68' lang='lat' dir='ltr'><strong>ver·</strong></span> <span class='ocrx_word' id='word_1_92' title='bbox 275 1506 299 1551; x_wconf 86' lang='lat'>4·</span> <span class='ocrx_word' id='word_1_93' title='bbox 313 1459 442 1545; x_wconf 72' lang='grc' dir='ltr'>θυιατά</span> <span class='ocrx_word' id='word_1_94' title='bbox 460 1471 507 1575; x_wconf 78' lang='grc' dir='ltr'>τῶ</span> <span class='ocrx_word' id='word_1_95' title='bbox 526 1473 613 1575; x_wconf 74' lang='grc' dir='ltr'>Θεῷ,</span> <span class='ocrx_word' id='word_1_96' title='bbox 632 1465 799 1569; x_wconf 83' lang='grc' dir='ltr'>χρήσιμά</span> <span class='ocrx_word' id='word_1_97' title='bbox 819 1501 858 1546; x_wconf 89' lang='grc' dir='ltr'>τε</span> <span class='ocrx_word' id='word_1_98' title='bbox 876 1501 959 1572; x_wconf 82' lang='grc' dir='ltr'>πρς</span> <span class='ocrx_word' id='word_1_99' title='bbox 980 1463 1168 1572; x_wconf 76' lang='grc' dir='ltr'>καθαίρεσιν</span> <span class='ocrx_word' id='word_1_100' title='bbox 1187 1466 1420 1572; x_wconf 74' lang='grc' dir='ltr'>ὀχυρωμάτων,</span> <span class='ocrx_word' id='word_1_101' title='bbox 1437 1470 1515 1544; x_wconf 87' lang='grc' dir='ltr'>τῶν</span> 
     </span>
     <span class='ocr_line' id='line_1_12' title="bbox 312 1586 1573 1696; baseline -0.004 -29"><span class='ocrx_word' id='word_1_102' title='bbox 312 1589 513 1686; x_wconf 90' lang='grc' dir='ltr'>ἐλληνικῶν</span> <span class='ocrx_word' id='word_1_103' title='bbox 531 1587 721 1688; x_wconf 82' lang='grc' dir='ltr'>δογμάτων</span> <span class='ocrx_word' id='word_1_104' title='bbox 738 1592 831 1696; x_wconf 72' lang='grc' dir='ltr'>φημὶ</span> <span class='ocrx_word' id='word_1_105' title='bbox 856 1592 914 1670; x_wconf 80' lang='grc' dir='ltr'>καὶ</span> <span class='ocrx_word' id='word_1_106' title='bbox 937 1595 1131 1692; x_wconf 82' lang='grc' dir='ltr'>αἱρετικῶν,</span> <span class='ocrx_word' id='word_1_107' title='bbox 1151 1592 1210 1668; x_wconf 79' lang='grc' dir='ltr'>καὶ</span> <span class='ocrx_word' id='word_1_108' title='bbox 1234 1586 1325 1692; x_wconf 80' lang='grc' dir='ltr'>πρὸς</span> <span class='ocrx_word' id='word_1_109' title='bbox 1348 1586 1391 1668; x_wconf 79' lang='grc' dir='ltr'>τὸ</span> <span class='ocrx_word' id='word_1_110' title='bbox 1414 1590 1511 1668; x_wconf 89' lang='grc' dir='ltr'>ἀπο-</span> <span class='ocrx_word' id='word_1_111' title='bbox 1533 1621 1573 1662; x_wconf 82' lang='grc' dir='ltr'>ιο</span> 
     </span>
    </p>

    <p class='ocr_par' dir='ltr' id='par_1_10' title="bbox 313 1707 1509 1817">
     <span class='ocr_line' id='line_1_13' title="bbox 313 1707 1509 1817; baseline 0.003 -29"><span class='ocrx_word' id='word_1_112' title='bbox 313 1713 452 1817; x_wconf 90' lang='grc' dir='ltr'>φαίνειν</span> <span class='ocrx_word' id='word_1_113' title='bbox 473 1707 554 1794; x_wconf 79' lang='grc' dir='ltr'>τούς</span> <span class='ocrx_word' id='word_1_114' title='bbox 576 1712 715 1791; x_wconf 78' lang='grc' dir='ltr'>ἐκείνων</span> <span class='ocrx_word' id='word_1_115' title='bbox 732 1712 1009 1814; x_wconf 80' lang='grc' dir='ltr'>συλλογισμοὺς</span> <span class='ocrx_word' id='word_1_116' title='bbox 1031 1712 1192 1817; x_wconf 87' lang='grc' dir='ltr'>σαθρούς</span> <span class='ocrx_word' id='word_1_117' title='bbox 1211 1747 1249 1794; x_wconf 86' lang='grc' dir='ltr'>τε</span> <span class='ocrx_word' id='word_1_118' title='bbox 1276 1718 1335 1793; x_wconf 81' lang='grc' dir='ltr'>καὶ</span> <span class='ocrx_word' id='word_1_119' title='bbox 1361 1714 1509 1817; x_wconf 90' lang='grc' dir='ltr'>ἀτεχνε·</span> 
     </span>
    </p>

    <p class='ocr_par' dir='ltr' id='par_1_11' title="bbox 311 1833 1510 1935">
     <span class='ocr_line' id='line_1_14' title="bbox 311 1833 1510 1935; baseline 0.004 -24"><span class='ocrx_word' id='word_1_120' title='bbox 311 1833 469 1917; x_wconf 86' lang='grc' dir='ltr'>στοὶτους</span> <span class='ocrx_word' id='word_1_121' title='bbox 488 1835 546 1912; x_wconf 80' lang='grc' dir='ltr'>καί</span> <span class='ocrx_word' id='word_1_122' title='bbox 564 1835 745 1919; x_wconf 83' lang='grc' dir='ltr'>ἀσυνέτως</span> <span class='ocrx_word' id='word_1_123' title='bbox 762 1835 1063 1935; x_wconf 88' lang='grc' dir='ltr'>συντεθειμένους.</span> <span class='ocrx_word' id='word_1_124' title='bbox 1101 1836 1282 1920; x_wconf 82' lang='grc' dir='ltr'>τοιούτους</span> <span class='ocrx_word' id='word_1_125' title='bbox 1300 1836 1363 1916; x_wconf 75' lang='grc' dir='ltr'>οὖν</span> <span class='ocrx_word' id='word_1_126' title='bbox 1380 1842 1510 1916; x_wconf 83' lang='grc' dir='ltr'>καθαι-</span> 
     </span>
    </p>

    <p class='ocr_par' dir='ltr' id='par_1_12' title="bbox 214 1951 1514 2068">
     <span class='ocr_line' id='line_1_15' title="bbox 214 1951 1514 2068; baseline 0.008 -37"><span class='ocrx_word' id='word_1_127' title='bbox 214 1955 481 2061; x_wconf 76' lang='grc' dir='ltr'>νω.5.ρήσωμεν</span> <span class='ocrx_word' id='word_1_128' title='bbox 501 1964 560 2037; x_wconf 72' lang='grc' dir='ltr'>καί</span> <span class='ocrx_word' id='word_1_129' title='bbox 588 1960 659 2038; x_wconf 70' lang='grc' dir='ltr'>παι</span> <span class='ocrx_word' id='word_1_130' title='bbox 677 1951 818 2066; x_wconf 68' lang='grc' dir='ltr'>ύφωμα</span> <span class='ocrx_word' id='word_1_131' title='bbox 842 1959 1050 2068; x_wconf 76' lang='grc' dir='ltr'>ι’ποιιρίριενον</span> <span class='ocrx_word' id='word_1_132' title='bbox 1073 1957 1169 2040; x_wconf 81' lang='grc' dir='ltr'>κοιτά</span> <span class='ocrx_word' id='word_1_133' title='bbox 1193 1958 1251 2052; x_wconf 65' lang='grc' dir='ltr'>τής</span> <span class='ocrx_word' id='word_1_134' title='bbox 1275 1959 1428 2062; x_wconf 79' lang='grc' dir='ltr'>γιοίσεως</span> <span class='ocrx_word' id='word_1_135' title='bbox 1455 1963 1514 2042; x_wconf 77' lang='grc' dir='ltr'>τοῧ</span> 
     </span>
    </p>

    <p class='ocr_par' dir='ltr' id='par_1_13' title="bbox 313 2079 1569 2311">
     <span class='ocr_line' id='line_1_16' title="bbox 313 2079 1514 2185; baseline 0.002 -24"><span class='ocrx_word' id='word_1_136' title='bbox 313 2083 410 2161; x_wconf 77' lang='grc' dir='ltr'>Θεού·</span> <span class='ocrx_word' id='word_1_137' title='bbox 454 2086 764 2184; x_wconf 78' lang='grc' dir='ltr'>αἱχμαλαιτιοῦμεν</span> <span class='ocrx_word' id='word_1_138' title='bbox 796 2081 835 2162; x_wconf 85' lang='grc' dir='ltr'>δέ</span> <span class='ocrx_word' id='word_1_139' title='bbox 872 2085 943 2164; x_wconf 67' lang='grc' dir='ltr'>πῶν</span> <span class='ocrx_word' id='word_1_140' title='bbox 977 2084 1080 2185; x_wconf 84' lang='grc' dir='ltr'>νίηρια</span> <span class='ocrx_word' id='word_1_141' title='bbox 1112 2091 1159 2169; x_wconf 79' lang='grc' dir='ltr'>τίς</span> <span class='ocrx_word' id='word_1_142' title='bbox 1190 2080 1244 2177; x_wconf 69' lang='grc' dir='ltr'>τήν</span> <span class='ocrx_word' id='word_1_143' title='bbox 1277 2079 1427 2177; x_wconf 72' lang='grc' dir='ltr'>ύπαιιοῗμ</span> <span class='ocrx_word' id='word_1_144' title='bbox 1456 2086 1514 2164; x_wconf 69' lang='grc' dir='ltr'>τοῦ</span> 
     </span>
     <span class='ocr_line' id='line_1_17' title="bbox 313 2205 1569 2311; baseline 0.003 -27"><span class='ocrx_word' id='word_1_145' title='bbox 313 2207 464 2311; x_wconf 79' lang='grc' dir='ltr'>Χριοτού,</span> <span class='ocrx_word' id='word_1_146' title='bbox 483 2206 561 2284; x_wconf 82' lang='grc' dir='ltr'>ἀντὶ</span> <span class='ocrx_word' id='word_1_147' title='bbox 588 2213 653 2286; x_wconf 85' lang='grc' dir='ltr'>τοῦ</span> <span class='ocrx_word' id='word_1_148' title='bbox 673 2211 757 2285; x_wconf 83' lang='grc' dir='ltr'>Πᾶν</span> <span class='ocrx_word' id='word_1_149' title='bbox 784 2208 921 2311; x_wconf 78' lang='grc' dir='ltr'>ὕψωμα</span> <span class='ocrx_word' id='word_1_150' title='bbox 949 2205 1040 2285; x_wconf 88' lang='grc' dir='ltr'>κατά</span> <span class='ocrx_word' id='word_1_151' title='bbox 1065 2213 1129 2287; x_wconf 84' lang='grc' dir='ltr'>τοῦ</span> <span class='ocrx_word' id='word_1_152' title='bbox 1154 2211 1251 2286; x_wconf 78' lang='grc' dir='ltr'>θεοῦ</span> <span class='ocrx_word' id='word_1_153' title='bbox 1279 2205 1512 2310; x_wconf 81' lang='grc' dir='ltr'>ἐπαιρόμενον</span> <span class='ocrx_word' id='word_1_154' title='bbox 1529 2245 1569 2304; x_wconf 84' lang='lat'>15</span> 
     </span>
    </p>

    <p class='ocr_par' dir='ltr' id='par_1_14' title="bbox 194 2329 1509 2434">
     <span class='ocr_line' id='line_1_18' title="bbox 194 2329 1509 2434; baseline 0.004 -27"><span class='ocrx_word' id='word_1_155' title='bbox 194 2381 203 2398; x_wconf 89' lang='lat'><strong>·</strong></span> <span class='ocrx_word' id='word_1_156' title='bbox 309 2329 453 2408; x_wconf 81' lang='grc' dir='ltr'>ἐννοιῶν</span> <span class='ocrx_word' id='word_1_157' title='bbox 475 2331 669 2424; x_wconf 88' lang='grc' dir='ltr'>δυσσεβῶν</span> <span class='ocrx_word' id='word_1_158' title='bbox 692 2329 976 2430; x_wconf 83' lang='grc' dir='ltr'>καθαιρήσομεν,</span> <span class='ocrx_word' id='word_1_159' title='bbox 995 2331 1054 2409; x_wconf 83' lang='grc' dir='ltr'>καὶ</span> <span class='ocrx_word' id='word_1_160' title='bbox 1078 2335 1156 2414; x_wconf 85' lang='grc' dir='ltr'>ταῖς</span> <span class='ocrx_word' id='word_1_161' title='bbox 1179 2329 1400 2432; x_wconf 81' lang='grc' dir='ltr'>πρεπούσαις</span> <span class='ocrx_word' id='word_1_162' title='bbox 1425 2335 1509 2434; x_wconf 81' lang='grc' dir='ltr'>φοι·</span> 
     </span>
    </p>

    <p class='ocr_par' dir='ltr' id='par_1_15' title="bbox 313 2450 1507 2559">
     <span class='ocr_line' id='line_1_19' title="bbox 313 2450 1507 2559; baseline 0.002 -29"><span class='ocrx_word' id='word_1_163' title='bbox 313 2458 388 2535; x_wconf 87' lang='grc' dir='ltr'>ναῖς</span> <span class='ocrx_word' id='word_1_164' title='bbox 416 2450 731 2558; x_wconf 84' lang='grc' dir='ltr'>δοξολογήσωμεν,</span> <span class='ocrx_word' id='word_1_165' title='bbox 754 2452 865 2552; x_wconf 79' lang='grc' dir='ltr'>μηδὲν</span> <span class='ocrx_word' id='word_1_166' title='bbox 892 2451 1058 2534; x_wconf 85' lang='grc' dir='ltr'>ταπεινὸν</span> <span class='ocrx_word' id='word_1_167' title='bbox 1083 2455 1165 2556; x_wconf 84' lang='grc' dir='ltr'>περὶ</span> <span class='ocrx_word' id='word_1_168' title='bbox 1192 2454 1301 2532; x_wconf 82' lang='grc' dir='ltr'>αὐτοῦ</span> <span class='ocrx_word' id='word_1_169' title='bbox 1328 2450 1507 2559; x_wconf 79' lang='grc' dir='ltr'>φανταζό-</span> 
     </span>
    </p>

    <p class='ocr_par' dir='ltr' id='par_1_16' title="bbox 313 2572 1512 2678">
     <span class='ocr_line' id='line_1_20' title="bbox 313 2572 1512 2678; baseline 0.001 -26"><span class='ocrx_word' id='word_1_170' title='bbox 313 2601 423 2671; x_wconf 89' lang='grc' dir='ltr'>μενοι·</span> <span class='ocrx_word' id='word_1_171' title='bbox 454 2572 633 2674; x_wconf 87' lang='grc' dir='ltr'>ὀνήσομεν</span> <span class='ocrx_word' id='word_1_172' title='bbox 651 2575 723 2678; x_wconf 80' lang='grc' dir='ltr'>γὰρ</span> <span class='ocrx_word' id='word_1_173' title='bbox 737 2578 795 2656; x_wconf 87' lang='grc' dir='ltr'>καὶ</span> <span class='ocrx_word' id='word_1_174' title='bbox 812 2574 959 2678; x_wconf 87' lang='grc' dir='ltr'>ἐτέρους,</span> <span class='ocrx_word' id='word_1_175' title='bbox 971 2581 1019 2660; x_wconf 82' lang='grc' dir='ltr'>εὶς</span> <span class='ocrx_word' id='word_1_176' title='bbox 1037 2575 1149 2677; x_wconf 88' lang='grc' dir='ltr'>ὀρθὴν</span> <span class='ocrx_word' id='word_1_177' title='bbox 1162 2579 1220 2655; x_wconf 80' lang='grc' dir='ltr'>καὶ</span> <span class='ocrx_word' id='word_1_178' title='bbox 1233 2575 1512 2675; x_wconf 82' lang='grc' dir='ltr'>ἀπλανεστάτην</span> 
     </span>
    </p>

    <p class='ocr_par' dir='ltr' id='par_1_17' title="bbox 145 2693 1570 3176">
     <span class='ocr_line' id='line_1_21' title="bbox 210 2693 1512 2802; baseline 0.002 -25"><span class='ocrx_word' id='word_1_179' title='bbox 210 2735 262 2769; x_wconf 79' lang='lat' dir='ltr'><strong>ver·</strong></span> <span class='ocrx_word' id='word_1_180' title='bbox 275 2717 299 2768; x_wconf 87' lang='lat'>⁶·</span> <span class='ocrx_word' id='word_1_181' title='bbox 314 2699 455 2778; x_wconf 84' lang='grc' dir='ltr'>ἐννοιῶν</span> <span class='ocrx_word' id='word_1_182' title='bbox 500 2699 772 2802; x_wconf 81' lang='grc' dir='ltr'>ἀποκομίζοντες</span> <span class='ocrx_word' id='word_1_183' title='bbox 817 2699 953 2800; x_wconf 85' lang='grc' dir='ltr'>τρίβον,</span> <span class='ocrx_word' id='word_1_184' title='bbox 988 2697 1084 2782; x_wconf 79' lang='grc' dir='ltr'>ὅπως</span> <span class='ocrx_word' id='word_1_185' title='bbox 1121 2693 1354 2800; x_wconf 80' lang='grc' dir='ltr'>εἰιθιιιήσωμεν</span> <span class='ocrx_word' id='word_1_186' title='bbox 1389 2701 1512 2780; x_wconf 74' lang='grc' dir='ltr'>σῶσαι</span> 
     </span>
     <span class='ocr_line' id='line_1_22' title="bbox 145 2820 1570 2964; baseline 0.004 -63"><span class='ocrx_word' id='word_1_187' title='bbox 145 2834 278 2964; x_wconf 39' lang='lat' dir='ltr'>{Jffifftth</span> <span class='ocrx_word' id='word_1_188' title='bbox 314 2820 495 2928; x_wconf 73' lang='grc' dir='ltr'>παρακοήν,</span> <span class='ocrx_word' id='word_1_189' title='bbox 513 2820 745 2928; x_wconf 70' lang='grc' dir='ltr'>πληρωθείσης</span> <span class='ocrx_word' id='word_1_190' title='bbox 772 2825 919 2930; x_wconf 74' lang='grc' dir='ltr'>πρότερον</span> <span class='ocrx_word' id='word_1_191' title='bbox 937 2826 999 2921; x_wconf 79' lang='grc' dir='ltr'>τῆς</span> <span class='ocrx_word' id='word_1_192' title='bbox 1022 2822 1136 2922; x_wconf 84' lang='grc' dir='ltr'>ἡμῶν·</span> <span class='ocrx_word' id='word_1_193' title='bbox 1176 2822 1279 2902; x_wconf 83' lang='grc' dir='ltr'>ἐσται</span> <span class='ocrx_word' id='word_1_194' title='bbox 1307 2822 1379 2926; x_wconf 88' lang='grc' dir='ltr'>γάρ</span> <span class='ocrx_word' id='word_1_195' title='bbox 1399 2820 1510 2924; x_wconf 86' lang='grc' dir='ltr'>μέγας</span> <span class='ocrx_word' id='word_1_196' title='bbox 1529 2865 1570 2906; x_wconf 80' lang='lat'>20</span> 
     </span>
     <span class='ocr_line' id='line_1_23' title="bbox 175 2943 1515 3053; baseline -0.001 -27"><span class='ocrx_word' id='word_1_197' title='bbox 175 2973 240 3027; x_wconf 78' lang='lat'>102</span> <span class='ocrx_word' id='word_1_198' title='bbox 253 2970 301 3028; x_wconf 76' lang='grc' dir='ltr'>Μ.</span> <span class='ocrx_word' id='word_1_199' title='bbox 314 2945 352 3024; x_wconf 85' lang='grc' dir='ltr'>ἐν</span> <span class='ocrx_word' id='word_1_200' title='bbox 380 2950 424 3049; x_wconf 78' lang='grc' dir='ltr'>τῇ</span> <span class='ocrx_word' id='word_1_201' title='bbox 451 2946 624 3053; x_wconf 76' lang='grc' dir='ltr'>βασιλείᾳ</span> <span class='ocrx_word' id='word_1_202' title='bbox 645 2951 718 3024; x_wconf 90' lang='grc' dir='ltr'>τῶν</span> <span class='ocrx_word' id='word_1_203' title='bbox 740 2947 899 3049; x_wconf 81' lang='grc' dir='ltr'>οὐρανῶν</span> <span class='ocrx_word' id='word_1_204' title='bbox 925 2947 990 3050; x_wconf 83' lang='grc' dir='ltr'>οὐχ</span> <span class='ocrx_word' id='word_1_205' title='bbox 1013 2949 1033 3026; x_wconf 89' lang='grc' dir='ltr'><strong><em>ὁ</em></strong></span> <span class='ocrx_word' id='word_1_206' title='bbox 1056 2943 1203 3050; x_wconf 80' lang='grc' dir='ltr'>διδάξας</span> <span class='ocrx_word' id='word_1_207' title='bbox 1230 2945 1351 3044; x_wconf 85' lang='grc' dir='ltr'>μόνον,</span> <span class='ocrx_word' id='word_1_208' title='bbox 1375 2946 1515 3026; x_wconf 85' lang='grc' dir='ltr'>ἀλλἐἴ</span> 
     </span>
     <span class='ocr_line' id='line_1_24' title="bbox 313 3063 1511 3176; baseline 0.001 -28"><span class='ocrx_word' id='word_1_209' title='bbox 313 3101 366 3152; x_wconf 88' lang='grc' dir='ltr'>τις</span> <span class='ocrx_word' id='word_1_210' title='bbox 393 3073 445 3174; x_wconf 75' lang='grc' dir='ltr'>τῷ</span> <span class='ocrx_word' id='word_1_211' title='bbox 472 3063 573 3175; x_wconf 86' lang='grc' dir='ltr'>λύγιρ</span> <span class='ocrx_word' id='word_1_212' title='bbox 604 3067 848 3172; x_wconf 83' lang='grc' dir='ltr'>προσεπάγειν</span> <span class='ocrx_word' id='word_1_213' title='bbox 875 3068 1047 3166; x_wconf 88' lang='grc' dir='ltr'>βούλοιτο</span> <span class='ocrx_word' id='word_1_214' title='bbox 1075 3069 1121 3149; x_wconf 87' lang='grc' dir='ltr'>τά</span> <span class='ocrx_word' id='word_1_215' title='bbox 1149 3070 1192 3176; x_wconf 83' lang='grc' dir='ltr'>ἐξ</span> <span class='ocrx_word' id='word_1_216' title='bbox 1216 3067 1331 3172; x_wconf 81' lang='grc' dir='ltr'>ἔργων</span> <span class='ocrx_word' id='word_1_217' title='bbox 1362 3073 1511 3171; x_wconf 83' lang='grc' dir='ltr'>ἀγαθῶν</span> 
     </span>
    </p>

    <p class='ocr_par' dir='ltr' id='par_1_18' title="bbox 314 3187 516 3293">
     <span class='ocr_line' id='line_1_25' title="bbox 314 3187 516 3293; baseline 0.005 -25"><span class='ocrx_word' id='word_1_218' title='bbox 314 3187 516 3293; x_wconf 85' lang='grc' dir='ltr'>αὐχήματα.</span> 
     </span>
    </p>
   </div>
   <div class='ocr_carea' id='block_1_3' title="bbox 146 3408 1509 3573">
    <p class='ocr_par' dir='ltr' id='par_1_19' title="bbox 146 3408 1509 3573">
     <span class='ocr_line' id='line_1_26' title="bbox 146 3408 1509 3573; baseline 0.024 -103"><span class='ocrx_word' id='word_1_219' title='bbox 146 3413 224 3490; x_wconf 62' lang='grc' dir='ltr'>Κεφ·</span> <span class='ocrx_word' id='word_1_220' title='bbox 239 3408 300 3573; x_wconf 55' lang='grc' dir='ltr'>13νή</span> <span class='ocrx_word' id='word_1_221' title='bbox 312 3432 408 3499; x_wconf 70' lang='lat' dir='ltr'>’Emi</span> <span class='ocrx_word' id='word_1_222' title='bbox 424 3433 562 3512; x_wconf 63' lang='grc' dir='ltr'>δοκιμὴν</span> <span class='ocrx_word' id='word_1_223' title='bbox 581 3430 702 3524; x_wconf 72' lang='grc' dir='ltr'>ςιιτεῑτε</span> <span class='ocrx_word' id='word_1_224' title='bbox 722 3440 829 3504; x_wconf 86' lang='grc' dir='ltr'>κ.τ.λ.</span> <span class='ocrx_word' id='word_1_225' title='bbox 859 3435 916 3500; x_wconf 81' lang='grc' dir='ltr'>Καὶ</span> <span class='ocrx_word' id='word_1_226' title='bbox 939 3434 998 3526; x_wconf 80' lang='grc' dir='ltr'>τὰρ</span> <span class='ocrx_word' id='word_1_227' title='bbox 1017 3431 1111 3513; x_wconf 81' lang='grc' dir='ltr'>ιἰμεῑο</span> <span class='ocrx_word' id='word_1_228' title='bbox 1132 3435 1332 3512; x_wconf 82' lang='grc' dir='ltr'>ἀσθενοῦμεν</span> <span class='ocrx_word' id='word_1_229' title='bbox 1356 3436 1390 3501; x_wconf 80' lang='grc' dir='ltr'>ὲν</span> <span class='ocrx_word' id='word_1_230' title='bbox 1409 3436 1509 3524; x_wconf 85' lang='grc' dir='ltr'>αὐτῷ,</span> 
     </span>
     <span class='ocr_line' id='line_1_27' title="bbox 263 3543 270 3570; baseline 0.143 -2"><span class='ocrx_word' id='word_1_231' title='bbox 263 3543 270 3570; x_wconf 89' lang='grc'><strong>.</strong></span> 
     </span>
    </p>
   </div>
   <div class='ocr_carea' id='block_1_4' title="bbox 143 3557 1566 4342">
    <p class='ocr_par' dir='ltr' id='par_1_20' title="bbox 143 3557 1566 4342">
     <span class='ocr_line' id='line_1_28' title="bbox 430 3557 1566 3661; baseline 0.001 -37"><span class='ocrx_word' id='word_1_232' title='bbox 430 3559 516 3625; x_wconf 81' lang='grc' dir='ltr'>ἀλλὰ</span> <span class='ocrx_word' id='word_1_233' title='bbox 535 3561 695 3650; x_wconf 69' lang='grc' dir='ltr'>ηιισόμεθο</span> <span class='ocrx_word' id='word_1_234' title='bbox 713 3560 748 3626; x_wconf 84' lang='grc' dir='ltr'>ἐν</span> <span class='ocrx_word' id='word_1_235' title='bbox 768 3561 858 3645; x_wconf 84' lang='grc' dir='ltr'>αὐτῷ</span> <span class='ocrx_word' id='word_1_236' title='bbox 875 3561 913 3627; x_wconf 80' lang='grc' dir='ltr'>ὲκ</span> <span class='ocrx_word' id='word_1_237' title='bbox 931 3560 1102 3638; x_wconf 80' lang='grc' dir='ltr'>δυνάμεως</span> <span class='ocrx_word' id='word_1_238' title='bbox 1121 3560 1206 3626; x_wconf 85' lang='grc' dir='ltr'>Θεοῦ</span> <span class='ocrx_word' id='word_1_239' title='bbox 1226 3557 1272 3626; x_wconf 83' lang='grc' dir='ltr'>εἰς</span> <span class='ocrx_word' id='word_1_240' title='bbox 1291 3561 1384 3638; x_wconf 81' lang='grc' dir='ltr'>ὑμᾱο.</span> <span class='ocrx_word' id='word_1_241' title='bbox 1524 3603 1541 3643; x_wconf 74' lang='lat'><em>2</em></span> <span class='ocrx_word' id='word_1_242' title='bbox 1547 3603 1566 3661; x_wconf 82' lang='lat'><strong><em>5</em></strong></span> 
     </span>
     <span class='ocr_line' id='line_1_29' title="bbox 143 3735 1504 3862; baseline 0.008 -52"><span class='ocrx_word' id='word_1_243' title='bbox 143 3745 226 3862; x_wconf 52' lang='grc' dir='ltr'>ξιον*</span> <span class='ocrx_word' id='word_1_244' title='bbox 237 3763 288 3797; x_wconf 80' lang='lat' dir='ltr'><strong>ver.</strong></span> <span class='ocrx_word' id='word_1_245' title='bbox 369 3743 533 3822; x_wconf 84' lang='grc' dir='ltr'>Ἀπειλεῖ</span> <span class='ocrx_word' id='word_1_246' title='bbox 546 3750 619 3827; x_wconf 85' lang='grc' dir='ltr'>τοῖς</span> <span class='ocrx_word' id='word_1_247' title='bbox 642 3744 680 3822; x_wconf 91' lang='grc' dir='ltr'>ἐν</span> <span class='ocrx_word' id='word_1_248' title='bbox 701 3743 866 3850; x_wconf 77' lang='grc' dir='ltr'>Κορίνθῳ</span> <span class='ocrx_word' id='word_1_249' title='bbox 884 3735 1213 3846; x_wconf 82' lang='grc' dir='ltr'>προημαρτηκόσιν,</span> <span class='ocrx_word' id='word_1_250' title='bbox 1233 3747 1281 3827; x_wconf 88' lang='grc' dir='ltr'>ῶς</span> <span class='ocrx_word' id='word_1_251' title='bbox 1300 3741 1396 3842; x_wconf 79' lang='grc' dir='ltr'>εἰμὴ</span> <span class='ocrx_word' id='word_1_252' title='bbox 1415 3740 1504 3836; x_wconf 87' lang='grc' dir='ltr'>βού-</span> 
     </span>
     <span class='ocr_line' id='line_1_30' title="bbox 314 3863 1505 3971; baseline -0.001 -25"><span class='ocrx_word' id='word_1_253' title='bbox 314 3877 434 3946; x_wconf 91' lang='grc' dir='ltr'>λοιντο</span> <span class='ocrx_word' id='word_1_254' title='bbox 453 3869 541 3969; x_wconf 82' lang='grc' dir='ltr'>δρῶν</span> <span class='ocrx_word' id='word_1_255' title='bbox 558 3863 759 3969; x_wconf 80' lang='grc' dir='ltr'>ἀπροοηκε</span> <span class='ocrx_word' id='word_1_256' title='bbox 779 3870 837 3946; x_wconf 86' lang='grc' dir='ltr'>καὶ</span> <span class='ocrx_word' id='word_1_257' title='bbox 855 3868 979 3970; x_wconf 77' lang='grc' dir='ltr'>διαζῆν</span> <span class='ocrx_word' id='word_1_258' title='bbox 997 3869 1118 3969; x_wconf 88' lang='grc' dir='ltr'>ἀγίως,</span> <span class='ocrx_word' id='word_1_259' title='bbox 1135 3866 1249 3948; x_wconf 82' lang='grc' dir='ltr'>πάλιν</span> <span class='ocrx_word' id='word_1_260' title='bbox 1267 3867 1308 3946; x_wconf 87' lang='grc' dir='ltr'>ού</span> <span class='ocrx_word' id='word_1_261' title='bbox 1328 3866 1505 3971; x_wconf 85' lang='grc' dir='ltr'>φείσεται·</span> 
     </span>
     <span class='ocr_line' id='line_1_31' title="bbox 312 3986 1510 4093; baseline -0.001 -24"><span class='ocrx_word' id='word_1_262' title='bbox 312 3986 354 4070; x_wconf 77' lang='grc' dir='ltr'>τὸ</span> <span class='ocrx_word' id='word_1_263' title='bbox 379 3987 421 4070; x_wconf 91' lang='grc' dir='ltr'>δέ</span> <span class='ocrx_word' id='word_1_264' title='bbox 438 3988 551 4070; x_wconf 85' lang='grc' dir='ltr'>Πιίλιι</span> <span class='ocrx_word' id='word_1_265' title='bbox 568 3993 631 4088; x_wconf 79' lang='grc' dir='ltr'>τῆς</span> <span class='ocrx_word' id='word_1_266' title='bbox 653 3987 721 4089; x_wconf 80' lang='grc' dir='ltr'>ἤδη</span> <span class='ocrx_word' id='word_1_267' title='bbox 745 3991 979 4093; x_wconf 83' lang='grc' dir='ltr'>γεγενημένης</span> <span class='ocrx_word' id='word_1_268' title='bbox 1005 3989 1281 4093; x_wconf 82' lang='grc' dir='ltr'>ἀγανακτήσεως</span> <span class='ocrx_word' id='word_1_269' title='bbox 1306 3987 1510 4089; x_wconf 80' lang='grc' dir='ltr'>ἀνάμνησιν</span> 
     </span>
     <span class='ocr_line' id='line_1_32' title="bbox 312 4111 1509 4219; baseline 0.002 -27"><span class='ocrx_word' id='word_1_270' title='bbox 312 4114 394 4219; x_wconf 81' lang='grc' dir='ltr'>ἔχει.</span> <span class='ocrx_word' id='word_1_271' title='bbox 433 4111 486 4194; x_wconf 78' lang='grc' dir='ltr'>ὅτι</span> <span class='ocrx_word' id='word_1_272' title='bbox 517 4113 556 4194; x_wconf 88' lang='grc' dir='ltr'>δέ</span> <span class='ocrx_word' id='word_1_273' title='bbox 586 4112 728 4198; x_wconf 85' lang='grc' dir='ltr'>πάντως</span> <span class='ocrx_word' id='word_1_274' title='bbox 760 4122 834 4198; x_wconf 83' lang='grc' dir='ltr'>τοῖς</span> <span class='ocrx_word' id='word_1_275' title='bbox 866 4116 1057 4196; x_wconf 86' lang='grc' dir='ltr'>πταίουσιν</span> <span class='ocrx_word' id='word_1_276' title='bbox 1089 4113 1337 4213; x_wconf 84' lang='grc' dir='ltr'>ἐπιτιμήσειεν,</span> <span class='ocrx_word' id='word_1_277' title='bbox 1365 4111 1509 4216; x_wconf 77' lang='grc' dir='ltr'>ἐνεργὸν</span> 
     </span>
     <span class='ocr_line' id='line_1_33' title="bbox 311 4235 1566 4342; baseline 0.004 -26"><span class='ocrx_word' id='word_1_278' title='bbox 311 4238 414 4317; x_wconf 85' lang='grc' dir='ltr'>ἐσται</span> <span class='ocrx_word' id='word_1_279' title='bbox 441 4235 483 4318; x_wconf 82' lang='grc' dir='ltr'>τὸ</span> <span class='ocrx_word' id='word_1_280' title='bbox 504 4240 601 4341; x_wconf 76' lang='grc' dir='ltr'>ῥῆμα</span> <span class='ocrx_word' id='word_1_281' title='bbox 624 4238 742 4335; x_wconf 82' lang='grc' dir='ltr'>αὐτοῦ,</span> <span class='ocrx_word' id='word_1_282' title='bbox 766 4245 928 4342; x_wconf 79' lang='grc' dir='ltr'>πειρῶται</span> <span class='ocrx_word' id='word_1_283' title='bbox 955 4241 1256 4342; x_wconf 89' lang='grc' dir='ltr'>προσαναπείθειν</span> <span class='ocrx_word' id='word_1_284' title='bbox 1275 4241 1332 4319; x_wconf 79' lang='grc' dir='ltr'>καὶ</span> <span class='ocrx_word' id='word_1_285' title='bbox 1360 4241 1408 4322; x_wconf 88' lang='grc' dir='ltr'>ῶς</span> <span class='ocrx_word' id='word_1_286' title='bbox 1436 4237 1508 4319; x_wconf 89' lang='grc' dir='ltr'>ἀπό</span> <span class='ocrx_word' id='word_1_287' title='bbox 1523 4279 1566 4337; x_wconf 76' lang='lat'>30</span> 
     </span>
    </p>
   </div>
   <div class='ocr_carea' id='block_1_5' title="bbox 313 4463 1508 4609">
    <p class='ocr_par' dir='ltr' id='par_1_21' title="bbox 313 4463 1508 4609">
     <span class='ocr_line' id='line_1_34' title="bbox 345 4463 1508 4552; baseline 0.002 -32"><span class='ocrx_word' id='word_1_288' title='bbox 345 4483 371 4537; x_wconf 83' lang='grc'>3.</span> <span class='ocrx_word' id='word_1_289' title='bbox 390 4467 429 4520; x_wconf 79' lang='grc' dir='ltr'>δεῖ</span> <span class='ocrx_word' id='word_1_290' title='bbox 443 4466 480 4520; x_wconf 97' lang='grc' dir='ltr'>Η.</span> <span class='ocrx_word' id='word_1_291' title='bbox 656 4479 681 4536; x_wconf 82' lang='grc'>7.</span> <span class='ocrx_word' id='word_1_292' title='bbox 700 4463 879 4534; x_wconf 80' lang='grc' dir='ltr'>σβεσθήσετοι</span> <span class='ocrx_word' id='word_1_293' title='bbox 893 4467 930 4520; x_wconf 87' lang='grc' dir='ltr'>Η.</span> <span class='ocrx_word' id='word_1_294' title='bbox 1111 4484 1152 4522; x_wconf 88' lang='lat'>11.</span> <span class='ocrx_word' id='word_1_295' title='bbox 1171 4469 1272 4523; x_wconf 84' lang='grc' dir='ltr'>ἐκείνων</span> <span class='ocrx_word' id='word_1_296' title='bbox 1286 4467 1323 4552; x_wconf 48' lang='grc' dir='ltr'>Η,</span> <span class='ocrx_word' id='word_1_297' title='bbox 1336 4467 1443 4522; x_wconf 77' lang='grc' dir='ltr'>οἰκείους</span> <span class='ocrx_word' id='word_1_298' title='bbox 1456 4465 1508 4524; x_wconf 83' lang='lat' dir='ltr'>Ed.</span> 
     </span>
     <span class='ocr_line' id='line_1_35' title="bbox 313 4533 1502 4609; baseline 0 -19"><span class='ocrx_word' id='word_1_299' title='bbox 313 4551 355 4590; x_wconf 79' lang='grc' dir='ltr'>ιο.</span> <span class='ocrx_word' id='word_1_300' title='bbox 373 4534 562 4606; x_wconf 79' lang='grc' dir='ltr'>καθαιρήσομεν</span> <span class='ocrx_word' id='word_1_301' title='bbox 574 4533 612 4589; x_wconf 90' lang='grc' dir='ltr'>Η.</span> <span class='ocrx_word' id='word_1_302' title='bbox 724 4537 765 4589; x_wconf 86' lang='lat'>16.</span> <span class='ocrx_word' id='word_1_303' title='bbox 784 4533 972 4606; x_wconf 79' lang='grc' dir='ltr'>καθαιρήσομεν</span> <span class='ocrx_word' id='word_1_304' title='bbox 986 4535 1023 4590; x_wconf 91' lang='grc' dir='ltr'>Η.</span> <span class='ocrx_word' id='word_1_305' title='bbox 1133 4553 1174 4607; x_wconf 77' lang='lat'>17.</span> <span class='ocrx_word' id='word_1_306' title='bbox 1194 4538 1405 4609; x_wconf 73' lang='grc' dir='ltr'>δοξολογησομιν</span> <span class='ocrx_word' id='word_1_307' title='bbox 1419 4536 1502 4604; x_wconf 39' lang='grc' dir='ltr'>Η..</span> 
     </span>
    </p>
   </div>
   <div class='ocr_carea' id='block_1_6' title="bbox 0 0 1653 5130">
    <p class='ocr_par' dir='ltr' id='par_1_22' title="bbox 0 0 1653 5130">
     <span class='ocr_line' id='line_1_36' title="bbox 0 0 1653 5130; baseline 0 0"><span class='ocrx_word' id='word_1_308' title='bbox 0 0 1653 5130; x_wconf 95' lang='lat' dir='ltr'> </span> 
     </span>
    </p>
   </div>
  </div>
 </body>
</html>
