3244 5146
314 331 379 394 560
631 329 670 394 B.
697 327 885 394 CYRILLI
915 325 1178 393 ALEXANDR.

315 499 336 535 “
356 495 535 590 γαμοῦσιν
557 490 636 568 οὔτε
661 487 878 591 γαμίζονται,
898 488 982 567 ἀλλ’
1003 489 1051 570 ὡς
1076 486 1228 588 ἄγγελοι
1247 489 1348 564 Θεοῦ
1372 488 1479 563 εἶσιν
1497 482 1536 558 έν

283 621 337 668 ⁰“
354 617 406 718 τῷ
424 611 596 718 οῦρονῷ.”

267 864 300 928 ⁵³·
316 862 377 924 Διδ
396 861 427 924 τί
446 862 479 925 έν
492 863 533 945 τῷ
546 858 643 940 ’λδδμ
665 859 911 941 ἀποθνήσκοντες,
929 861 1072 942 πατρικὴν
1093 860 1254 939 εῦθιίναμεν
1274 860 1369 939 δίκην,
1395 857 1450 922 καὶ
1474 857 1531 935 τὴν

371 972 485 1037 ἐκείνου
504 971 678 1053 παράβασιν
694 972 819 1039 ἕκαστος
838 976 994 1056 χρεωοτεῖ·
1024 972 1059 1037 ἐν
1073 974 1107 1035 δὲ
1125 975 1165 1057 τῷ
1181 973 1302 1054 Χριστῷ
1324 969 1528 1047 ζωοποιηθεὶς

370 1081 471 1162 θέμδς
485 1083 579 1165 πατὴρ
594 1083 642 1147 κοί
656 1085 704 1148 διδ
716 1089 769 1146 τοῦ
782 1083 887 1165 ’λγίου
902 1082 1078 1162 Πνεθμοτος
1098 1081 1251 1161 καθαρθείς
1269 1083 1320 1159 τῆς
1342 1105 1379 1144 τε
1402 1104 1526 1160 προπα-
1541 1091 1559 1146 5

369 1196 486 1273 τορικῆς
508 1192 667 1276 ὀφλήσεας
690 1193 738 1258 καί
759 1197 810 1274 τῆς
833 1195 907 1260 ίδίος
928 1193 1142 1273 πλημμελείας,
1165 1192 1199 1256 οὗ
1220 1189 1369 1270 μετέδοκέ
1390 1216 1448 1270 μοι
1472 1194 1526 1268 τῆς

369 1304 566 1384 καθαρότητος
584 1305 624 1388 τῷ
647 1303 827 1386 γεννηθέντι,
843 1304 910 1369 οὔτε
932 1302 1029 1383 ὤνησέ
1045 1327 1084 1382 με
1098 1305 1150 1382 τῆς
1164 1305 1207 1370 είς
1222 1302 1312 1367 αιἰτδν
1328 1303 1524 1380 δικαιοσύνης

275 1419 298 1482 d
366 1413 493 1502 ἡχόρις,
508 1416 602 1479 καίτοι
616 1415 837 1499 ῦπερισχθουσο
852 1417 926 1480 κατὰ
941 1418 990 1494 τῆς
1005 1415 1165 1496 δμορτίος;

780 1623 1043 1682 ΕΠΙΛΤΣΙΣ.

364 1769 561 1878 Ἐξετόσοι
578 1770 648 1876 χρὴ
675 1779 752 1856 πιῦς
779 1777 829 1857 εἰς
855 1771 948 1872 ἡμᾶς
976 1773 996 1851 ό
1023 1773 1221 1875 προπάτωρ
1243 1769 1365 1869 Ἀδὰμ
1393 1770 1515 1872 παρέ·
1540 1802 1574 1840 ιο

309 1897 433 1998 πεμφε
463 1893 529 1994 τὴν
561 1897 811 1999 ἐπενεχθεῖσαν
841 1897 938 2002 αὐτῷ
972 1893 1031 1974 διὰ
1055 1894 1122 1994 τὴν
1150 1893 1364 1997 παράβασιν
1398 1895 1518 1991 δίκην.

141 2051 249 2102 Gonni.
310 2017 464 2116 ἤκουσεν
491 2014 610 2096 “”Οτι
638 2021 686 2119 γῆ
714 2015 830 2098 εἶκαὶ
859 2023 906 2103 εἷς
933 2015 1010 2120 γῆν
1025 2017 1242 2124 ἀπελεῦση,”
1265 2020 1323 2097 καὶ
1347 2017 1520 2121 φθαρτὸς

145 2129 183 2182 ¹⁹⁰
310 2140 352 2246 ἐξ
369 2136 555 2240 ἀφθάρτου
574 2140 710 2242 γέγονε,
728 2143 786 2220 καὶ
805 2139 984 2246 ὑπηνέχθη
1002 2147 1076 2224 τοῖς
1095 2149 1159 2221 τοῦ
1180 2139 1336 2222 θανάτου
1352 2143 1518 2238 δεσμοῖς.

279 2260 428 2362 οέπειδὴ
447 2261 485 2341 δὲ
503 2269 552 2348 εἰς
568 2272 676 2343 τοῦτο
693 2264 817 2345 πεσὼν
836 2265 1122 2364 ε’παιδοποίησεν,
1141 2269 1174 2344 oi
1198 2263 1244 2371 ἐξ
1265 2264 1376 2343 αὐτοῦ
1399 2297 1515 2366 γεγο-

310 2385 407 2470 νότες
427 2388 476 2471 ὡς
498 2385 571 2466 ἀπὸ
589 2393 753 2492 φθαρτοῦ
772 2389 927 2494 φθαρτοὶ
948 2385 1161 2490 γεγόναμεν.
1199 2389 1292 2467 οῦτοι
1311 2388 1375 2465 καί
1400 2389 1517 2486 ἔσμεν
1533 2419 1565 2475 15

309 2513 374 2607 τῆς
391 2509 429 2588 έν
447 2507 568 2608 Ἀδὰμ
590 2506 746 2613 κατάρας
770 2507 997 2613 κληρονόμοι.
1033 2513 1076 2591 οῦ
1102 2509 1174 2613 γὰρ
1191 2509 1335 2594 πάντως
1362 2511 1413 2595 ὦς
1442 2509 1517 2591 σῦν

310 2632 429 2740 ε’κείνερ
457 2631 751 2736 παρακούσαντες
777 2637 841 2734 τῆς
868 2633 964 2719 θείας
991 2636 1138 2733 ἐντολῆς
1165 2633 1208 2734 ἧς
1234 2632 1380 2740 ἐδέξατο
1412 2667 1514 2713 τετι-

311 2755 515 2857 μωρήμεθα,
546 2757 631 2836 ἀλλ’
662 2755 727 2855 ότι,
757 2760 805 2841 ὡς
831 2756 934 2864 ἔφην,
962 2757 1092 2857 θνητός
1118 2754 1286 2859 γεγονὼς,
1317 2763 1366 2842 εἷς
1396 2755 1443 2836 τὸ
1473 2757 1520 2862 ἐξ

150 2911 215 2967 878
229 2881 420 2966 monimo
445 2878 593 2982 σπέρμα
615 2881 830 2986 παρέπεμψε
853 2881 919 2979 τὴν
938 2877 1041 2984 ἆρόν·
1080 2884 1201 2978 θνητοὶ
1222 2879 1293 2983 γὰρ
1310 2879 1516 2982 γεγόναμεν

311 3007 351 3085 ἐκ
369 3009 510 3104 θνητοῦ·
544 3005 564 3083 ὁ
584 3003 627 3083 δέ
647 3038 690 3106 γε
710 3001 842 3106 Κύριος
860 3004 961 3102 ἡμων
977 3005 1120 3102 Ἰησοῦς
1139 3006 1160 3084 ό
1178 3003 1340 3106 Χριστὸς
1362 3038 1511 3108 χρημα-
1529 3041 1565 3080 20

312 3125 419 3210 τίσας
448 3127 607 3229 δεύτερος
624 3126 759 3226 Ἀδὰμ,
790 3128 850 3206 καὶ
877 3124 970 3230 ἀρχὴ
994 3135 1059 3207 τοῦ
1085 3126 1210 3228 γένους
1236 3127 1338 3226 ἡμῶν
1364 3129 1514 3230 δευτέρα

311 3249 402 3350 μετὰ
424 3248 491 3350 τὴν
508 3250 664 3353 πρώτην,
683 3250 942 3358 ἀνεμόρφωσεν
959 3250 1052 3350 ἡμᾶς
1075 3255 1123 3336 είς
1145 3250 1366 3357 ἀφθαρσίαν,
1384 3283 1507 3354 προσ-

348 3508 376 3564 3.
395 3490 426 3563 ς]
438 3492 481 3547 Ito
492 3493 527 3548 A.
572 3491 709 3562 ιδθίινομεν
717 3493 753 3550 A.
764 3493 907 3564 εδθθνομεν
920 3493 952 3550 C.
963 3495 1095 3564 έκςίνομεν
1105 3495 1203 3568 Amg..
1217 3511 1301 3551 manu
1311 3502 1343 3550 nt
1355 3493 1410 3551 vid.
1422 3496 1510 3565 prima

313 3563 342 3634 (i.
350 3580 373 3617 e.
387 3562 498 3618 verbum
510 3563 665 3634 explicans).
678 3563 808 3634 έκτίνομιν
820 3565 857 3619 D.
869 3565 997 3620 έκτίνουσι
1008 3567 1055 3636 μέν
1067 3566 1119 3621 Ed.
1293 3579 1318 3636 7.
1330 3569 1389 3620 οὔτε
1402 3565 1508 3621 Aci).

312 3633 365 3688 οὔτ’
379 3631 430 3688 Ed.
600 3674 607 3689 .
627 3635 668 3689 ln
679 3634 748 3691 ΑΒ.
761 3637 856 3705 κεφαλ.
869 3631 891 3704 η’
905 3635 941 3689 Ι).
956 3635 1007 3691 Ed.
1166 3652 1207 3690 ια.
1226 3635 1333 3707 ἤκουσε]
1349 3644 1379 3700 4
1392 3637 1444 3707 γδρ
1457 3635 1508 3691 Ed.

312 3703 526 3774 repugnantibus
539 3651 644 3761 λὸλ).
775 3721 816 3776 13.
833 3705 962 3776 ὑπηνέχθη
975 3705 1082 3762 A.C.D.
1094 3706 1221 3778 ὑπενέχθη
1234 3705 1287 3762 Ed.
1339 3709 1386 3762 τοῦ
1398 3707 1508 3761 θανάτου

313 3775 419 3844 δεσμοῖς
431 3775 482 3828 hoo
494 3775 586 3830 ordine
598 3775 665 3831 Ae.
774 3791 816 3842 14.
828 3778 905 3830 τοῦτο
916 3775 1024 3831 Aci).
1036 3781 1129 3832 τοῦτον
1141 3776 1193 3832 Ed.
1241 3776 1272 3845 έξ
1283 3777 1362 3832 αὐτοῦ
1372 3779 1508 3848 γεγονότες

313 3844 366 3900 hoe
378 3844 471 3900 ordine
483 3845 552 3900 Ac.
776 3861 818 3916 15.
837 3845 871 3901 ὥς
883 3863 937 3900 om.
952 3845 984 3901 G.
1021 3846 1063 3901 καί
1074 3856 1244 3918 assumptum
1256 3865 1292 3900 αις
1300 3848 1335 3901 A.
1349 3845 1422 3901 deest
1433 3847 1460 3900 in
1474 3847 1506 3900 C.

316 3930 358 3988 17.
375 3915 726 3986 παρακοῦσαντες-έδέξατο
743 3916 777 3972 Α.
796 3915 1070 3986 παρακούσαντες-ἦς
1086 3918 1181 3974 ἐκεῖνος
1199 3916 1306 3985 ἐδέξατο
1321 3915 1354 3971 G.
1373 3919 1419 3986 της
1437 3917 1507 3970 έςτο·

312 3988 362 4055 λῆς
395 3985 602 4056 παρακούσαντες
622 3985 652 4055 ἧς
673 3987 780 4054 ἐδέξατο
799 3986 836 4042 Ι).
854 3988 900 4054 τῆς
918 3986 1025 4057 έντολῆς
1040 3985 1071 4056 ης
1095 3988 1201 4056 έδέξοτο
1310 3985 1434 4042 οῦσαντες
1455 3987 1505 4041 Ed.

315 4058 357 4113 18.
376 4059 468 4112 ίαυτοῦ
480 4074 529 4128 pro
541 4057 570 4127 έξ
581 4057 660 4112 αὐτοῦ
672 4056 705 4112 C.
855 4072 898 4112 πο.
917 4056 1023 4129 θνητοῦ]
1037 4059 1097 4113 θεοῦ
1110 4057 1172 4128 (εἰς)
1186 4056 1219 4114 C.
1267 4059 1351 4112 'tatim
1364 4059 1507 4126 ό-νεκρόν

313 4128 352 4199 (ρ.
365 4126 426 4200 561,
437 4127 475 4198 η)
493 4127 556 4182 citet
574 4128 693 4182 collectio
705 4125 919 4181 testimoniorum
931 4127 1031 4199 syriace
1042 4128 1071 4182 in
1084 4127 1152 4182 Brit.
1166 4128 1240 4183 Mus.
1253 4127 1322 4183 cod.
1335 4126 1397 4181 add.
1413 4143 1506 4198 14532,

313 4219 361 4276 rol.
368 4239 402 4293 49
411 4239 438 4286 v,
452 4219 503 4276 nub
516 4221 597 4276 titulo
610 4227 725 4280 ³28³
739 4185 934 4277 tdf'fflss
948 4202 1068 4280 dai-l-
1081 4225 1135 4308 (a
1154 4187 1337 4278 malain
1356 4211 1506 4278 ΚΒΜ

312 4301 436 4379 Κοῖιιὶ
457 4287 541 4376 &nx
562 4322 658 4378 Sancti
676 4320 772 4388 θγτίίίι·
789 4337 803 4372 e
820 4321 949 4376 solutione
961 4323 1139 4394 ηυοιςιίοιιυπι
1151 4339 1218 4394 quae
1227 4322 1301 4392 feeit
1312 4319 1350 4375 αθ
1359 4322 1506 4375 πιοποολοι.

313 4413 357 4453 no.
376 4400 391 4451 δ
402 4399 447 4454 eit.
459 4409 628 4470 assumptum
640 4417 673 4454 ex
685 4398 719 4452 A.
732 4396 806 4452 deest
819 4395 848 4452 in
861 4397 895 4452 C.
946 4401 1109 4470 χρηματίσας
1124 4399 1243 4470 δεύτερος
1259 4398 1328 4468 citio
1344 4397 1397 4452 hoc
1416 4397 1506 4453 ordine

313 4467 383 4522 AC.
396 4467 513 4549 δεῦτιρος
525 4468 593 4538 donn
605 4468 767 4558 χρηματίσας
780 4466 832 4522 Ed·
975 4485 1018 4524 σο.
1035 4470 1079 4524 ἆνε
1098 4473 1222 4542 όρφασεν
1234 4468 1300 4539 ἡμᾶς
1309 4469 1346 4526 είς
1357 4467 1508 4540 ἀφθαρσίαν

312 4537 364 4592 hoc
377 4537 469 4591 ordine
481 4537 550 4592 Ac,
562 4539 598 4596 είς
609 4539 760 4610 αφθορσίαν
771 4535 837 4606 ἡμᾶς
848 4537 1035 4610 ἀνιμόρφασεν
1048 4492 1100 4594 Es.
1360 4585 1363 4590 .
