3294 5130
133 418 278 484 [nm]

287 323 353 386 416
462 323 502 387 Β.
521 323 714 389 CYRILLI
741 323 1011 389 ALEXANDR.
1038 324 1322 392 FRAGMENTA
1363 329 1419 394 xii.
1437 329 1486 396 28.

290 486 354 567 οῦν
372 488 501 586 ἀμείνω
519 496 583 569 τοῦ
600 489 831 588 μεταπίπτειν
849 484 940 569 εῖνιά
955 495 1050 597 φασι
1073 488 1138 590 τήν
1156 524 1196 571 τε
1220 495 1414 587 βασιλείαν
1430 494 1488 571 καὶ

292 607 470 714 ὑπεροχήν
487 619 551 691 τοῦ
566 617 666 710 Υίοῦ,
680 611 981 717 πεφλυαρηκότας
996 617 1070 713 είκή
1088 614 1379 719 κατερυθριάσειν
1392 611 1489 714 οἶμαι

290 731 373 816 τοῦς
390 731 435 811 δι’
452 735 624 819 ἐναντίας·
664 743 694 815 εἰ
716 735 755 816 δέ
777 734 822 836 δή
838 737 1003 833 μεθέντες
1020 735 1084 816 τὸν
1102 735 1203 836 Υῖόν,
1222 740 1490 841 ἀπαραποίητον

290 858 442 936 ἔσεσθαι
453 863 527 943 τοῖς
541 859 654 960 ἁγίοις
667 857 709 939 τὸ
724 858 933 955 βασιλεύειν
943 863 1077 964 ἒροῦσι,
1088 868 1233 964 πρῶτον
1245 859 1310 960 μέν
1328 862 1489 961 ἀμείνους

292 985 350 1058 καὶ
373 981 482 1061 αῦτοῦ
505 981 731 1087 φανήσονται
755 991 820 1063 τοῦ
839 989 1013 1087 Χριστοῦ,
1033 987 1092 1064 καὶ
1119 992 1248 1086 μοῖραν
1264 986 1332 1085 ἤδη
1350 983 1485 1090 λαχόν-
1504 1015 1525 1076 5

291 1136 349 1186 τες
376 1103 442 1202 τὴν
466 1103 624 1185 ε’πέκεινα
649 1113 723 1186 τιῦν
741 1108 860 1206 αὐτοῦ,
880 1113 910 1186 εί
935 1108 956 1187 5
980 1107 1046 1208 μέν
1068 1107 1280 1209 ἀπόβλητον
1301 1107 1489 1208 ποιήσεται

292 1226 358 1326 τήν
385 1225 509 1332 ἀρχὴν,
540 1233 573 1308 οἱ
601 1228 638 1309 δὲ
662 1229 843 1331 ἀμήρυτον
871 1228 1044 1336 λαχόντες
1075 1228 1143 1330 τὴν
1168 1232 1336 1329 εὐθυμίαν
1360 1234 1419 1312 καὶ
1446 1230 1489 1311 τὸ

292 1353 330 1429 έν
350 1352 489 1459 βεβαίῳ
511 1358 650 1433 κεῖσθαι
675 1357 737 1453 τῆς
760 1353 869 1460 δόξης
894 1353 1195 1454 διακεκτήσονται·
1232 1353 1275 1434 τὸ
1298 1353 1335 1435 δέ
1360 1352 1404 1453 δή
1429 1361 1488 1435 καὶ

293 1473 464 1577 ἀγροικον
492 1481 674 1556 ποιεῖσθαι
703 1475 769 1576 τήν
796 1477 1054 1583 συκοφαντίαν,
1083 1484 1159 1561 πῶς
1187 1479 1251 1558 οῦκ
1278 1475 1489 1578 ἀπόβλητον

294 1601 443 1698 κομιδῆ;
484 1597 526 1679 τὸ
558 1599 624 1698 μέν
655 1600 727 1704 γάρ
758 1605 887 1705 χρῆναι
919 1605 1060 1702 κρατεῖν
1089 1605 1147 1680 καὶ
1178 1601 1386 1697 βασιλεύειν
1416 1609 1489 1682 τῶν
1507 1637 1548 1677 ιο

293 1721 401 1818 ὅλων,
419 1721 597 1824 προσήκοι
622 1724 668 1804 ἀν
695 1725 763 1829 οῦχ
790 1725 896 1832 ἑτέριρ
923 1730 1068 1822 μᾶλλον
1089 1721 1113 1824 ἢ
1134 1725 1230 1830 αύτῷ
1258 1730 1309 1832 τῷ
1336 1731 1488 1832 Χριστῷ

294 1846 358 1924 οῦκ
376 1845 564 1946 ἐπίκτητον
581 1846 605 1948 ή
624 1848 730 1928 δοτὸν
746 1855 964 1928 πλουτοῦντι
982 1845 1024 1927 τό
1046 1853 1178 1952 χρῆμα,
1197 1848 1356 1950 καθάπερ
1379 1851 1487 1947 ἡμεῖς,

294 1965 394 2046 ἀλλά
419 1977 492 2052 τοῖς
519 1975 583 2069 τῆς
606 1975 764 2077 φυσικῆς
791 1971 996 2075 κυριότητος
1018 1968 1190 2068 ἑπόμενον
1217 1969 1354 2072 λόγοις·
1387 1975 1422 2050 οἱ
1448 1973 1494 2051 δέ

294 2126 336 2193 γε
354 2091 634 2198 συμπάσχοντες
657 2099 715 2175 καὶ
733 2093 1080 2194 συμβασιλεύσομεν
1098 2097 1204 2202 affl),
1222 2094 1339 2178 Καθὼς
1354 2095 1486 2196 ΥἶθΡα·

293 2249 391 2297 πται.
432 2217 559 2297 οὐκοῦν
590 2218 611 2297 5
642 2217 708 2316 μέν
738 2227 802 2299 τοῦ
832 2217 1022 2322 κοτάρχειν
1055 2218 1183 2321 κύριος,
1216 2220 1413 2318 εἰσποίητοι
1449 2214 1547 2304 55¹5

294 2339 394 2438 ἡμεῖς
419 2342 477 2419 καὶ
503 2341 625 2450 τρόπερ
644 2348 695 2451 τῷ
719 2340 811 2422 κατὰ
834 2341 976 2448 μέθεξιν
993 2341 1265 2441 έκτετιμημένοι·
1296 2349 1485 2439 συμβασι-

294 2461 470 2543 λεύσουσι
488 2463 560 2568 γάρ
577 2464 809 2562 βασιλεύοντι
831 2469 882 2571 τῷ
900 2469 1061 2572 Χριστῷ.
1101 2461 1174 2545 εἶτα
1191 2471 1269 2550 πῶς
1286 2463 1489 2544 ἀσάλευτον

295 2587 419 2694 ἕξουσι
437 2586 503 2688 τήν
521 2591 579 2669 ἐπὶ
595 2593 686 2697 τῷδε
704 2591 913 2697 φιλοτιμίαν
931 2594 989 2668 καὶ
1009 2592 1172 2688 διηνεκῶς
1191 2588 1490 2684 βασιλεύσουσιν,

295 2715 326 2789 εἰ
351 2711 678 2812 κατασεισθήσεται
700 2717 757 2793 καὶ
785 2711 979 2818 καταλήξει
1006 2712 1048 2792 τὸ
1074 2721 1139 2792 τοῦ
1158 2718 1323 2815 Χριστοῦ
1350 2710 1489 2815 κράτος,

297 2832 339 2912 οῦ
356 2832 527 2939 μετόχους
541 2834 668 2919 αύτούς
686 2833 776 2915 εἶναί
792 2848 933 2938 φαμεν,
964 2836 1021 2915 καὶ
1039 2841 1069 2915 εί
1087 2839 1150 2935 τῆς
1165 2836 1354 2928 βασιλείας
1371 2837 1490 2919 αὐτοῖς
1507 2864 1551 2906 20

297 2955 492 3060 ὃχορηγός
520 2962 578 3037 καὶ
604 2957 775 3060 πρύτανις
802 2956 1096 3038 ἀποπεπαύσεται
1122 2963 1186 3058 τῆς
1212 2961 1335 3062 ἀρχῆς,
1352 2966 1422 3038 ποῦ
1443 2957 1491 3038 τά

297 3080 414 3159 αὐτῶν
441 3079 492 3160 ἔτι
524 3081 679 3161 κείσεται
709 3089 807 3161 τοῖον
834 3083 963 3186 ἔχοντα
990 3079 1203 3185 βάραθρον;
1243 3087 1314 3162 ποῦ
1341 3079 1412 3183 γάρ
1438 3081 1492 3160 ἔτι

296 3201 598 3308 συμμεθέξουσιν,
628 3209 658 3284 εί
681 3200 723 3284 τῦ
751 3201 923 3304 κεκληκῦς
950 3210 998 3289 είς
1026 3202 1138 3309 δόξαν
1164 3207 1335 3300 ἀσθενεῖς
1375 3201 1399 3303 ἢ
1426 3205 1493 3284 ούκ

297 3323 434 3426 ἀνάγκη
464 3333 767 3424 συγκατολισθεῖν
798 3335 872 3411 τοῖς
905 3328 1074 3432 ἀνέχουσι
1104 3325 1147 3406 τὸ
1177 3325 1398 3433 ἀνεχόμενον,
1430 3331 1491 3406 καὶ

296 3453 370 3530 τοῖς
398 3446 612 3534 κατωτάτοις
642 3449 789 3552 βόθροις
816 3450 978 3553 ένιζήσαι
1007 3448 1053 3530 τά
1080 3451 1371 3554 ε’περηρεισμέιια,
1402 3452 1488 3530 ῦπο-
1507 3485 1550 3544 25

296 3571 527 3656 σπασθέντος
550 3580 615 3653 τοῦ
638 3573 856 3677 ἐρείδοντοςς
888 3573 947 3653 ὅτε
965 3573 1082 3653 τοίνυν
1101 3573 1123 3672 ή
1142 3578 1206 3672 τῆς
1225 3576 1382 3658 εὐκλείας
1401 3607 1486 3676 κρη·

295 3697 355 3779 πὶς
388 3697 446 3775 καὶ
484 3696 504 3774 5
538 3700 601 3796 τῆς
639 3696 821 3801 εὐημερίας
854 3694 1016 3797 θεμέλιος
1052 3695 1377 3798 κατασεισθήσεται
1413 3697 1491 3775 κατ’

297 3814 435 3915 αὐτοῦς,
454 3817 712 3923 συνοιχήσεταί
729 3855 801 3901 που
821 3819 965 3904 πάντως
983 3826 1031 3904 εἰς
1055 3818 1097 3900 τὸ
1122 3819 1293 3904 δυσκλεές
1311 3851 1350 3899 τε
1371 3821 1430 3899 καὶ
1454 3821 1494 3897 έν

205 3991 212 4006 ·
260 3993 266 4005 ·
298 3941 424 4045 ὑφέσει
443 3945 502 4021 καὶ
521 3943 543 4043 ἡ
561 3949 634 4023 τιῦν
652 3944 779 4024 ἀλλων
797 3946 910 4027 έλπίς·
937 3941 979 4024 τὸ
998 3944 1061 4023 οῦν
1087 3953 1108 3991 “
1120 3944 1241 4024 Ὅταν
1258 3945 1408 4050 παραδῷ
1428 3940 1495 4041 τήν

299 4075 320 4112 ‘fl
480 4065 490 4096 Ι
542 4065 563 4092 '2
622 4067 631 4092 Ι
739 4065 796 4092 n!
853 4070 861 4094 τ
973 4065 990 4096 U
1108 4067 1117 4094 Ι
1214 4071 1223 4094 2
1307 4064 1318 4092 Ι
1418 4069 1427 4094 ς
1483 4066 1493 4092 1

338 4072 542 4165 βασιλειαν,
592 4101 634 4147 ου
659 4101 818 4147 τοιοῦτον
842 4101 952 4164 εστιν,
970 4103 1026 4148 οτι
1050 4102 1182 4167 ταυτην
1202 4072 1389 4166 αποθησει,
1406 4077 1483 4145 αλλ
1510 4109 1552 4166 30

214 4187 220 4202 ’
299 4185 353 4266 ὅτι
386 4189 446 4294 ὑφ’
480 4188 609 4293 ἑτέρων
641 4191 812 4295 ἐχομένην
843 4189 1033 4275 ε’κσπάσας
1060 4190 1238 4298 προσάξει
1270 4195 1322 4297 τῷ
1355 4189 1490 4292 Ποτρί·

297 4310 540 4419 συγκατάρξει
567 4312 681 4416 γεμὴν
707 4313 822 4421 τούτῳ
850 4317 909 4393 καὶ
936 4313 1052 4397 αὐτός.

335 4503 377 4551 14.
396 4487 651 4544 καθῦςλιοόεῐῦοῦ.
762 4505 802 4562 ¹7·
821 4494 927 4560 Χριστοῦ
941 4490 1101 4565 Οοθ.κυρίηι
1114 4492 1212 4546 Μαίας.
1335 4491 1375 4544 18.
1394 4491 1495 4545 noivit

297 4555 450 4626 legendum,
463 4557 574 4614 sonasse
586 4559 601 4627 ἦ
614 4563 663 4614 καὶ.
736 4577 778 4616 το.
797 4565 867 4616 τοῖον
878 4545 958 4616 habet
971 4560 1038 4616 cod.
1114 4579 1157 4628 24·
1174 4565 1204 4616 τὸ
1218 4559 1285 4616 cod.
1297 4563 1342 4618 τὸν
1356 4560 1456 4616 Maius.
