3294 5150
289 320 354 382 260
424 319 464 382 B.
484 316 675 382 CYRILLI
697 315 963 382 ALEXANDR.
986 313 1269 380 FRAGMENTA
1311 313 1417 390 iv.18,
1434 332 1483 396 19.

132 426 262 494 [⁵⁴M·]
290 491 312 530 ιι
372 482 383 506 ,

512 485 522 508 Q
555 482 564 506 1

330 516 449 562 παντα
467 516 526 562 και
543 489 642 582 ημεῖς
660 487 708 568 εἷς
726 481 844 579 αὐτὸν,
864 485 921 560 καὶ
941 478 990 565 εἷς
1004 481 1135 583 Κύριος
1152 481 1294 578 Ἰησοῦς
1312 473 1485 578 Χριστὸς,

121 629 174 680 σοι.
186 628 203 680 ι.
214 631 252 680 18.
291 616 312 654 “
331 611 376 686 δι’
405 604 447 684 οδ
474 603 520 684 τά
546 602 666 685 πάντα
692 608 750 685 καὶ
777 605 875 704 ἡμεῖς
902 605 944 683 δι’
969 605 1089 700 αὐτοῦ,
1115 606 1171 682 καὶ
1201 599 1307 685 αὑτός
1334 603 1434 680 ἐστιν
1462 597 1485 697 ἡ

290 740 312 776 “
332 725 473 833 κεφαλὴ
499 727 749 827 τοῦσώματος
773 732 837 828 τῆς
859 728 1087 828 ἐκκλησίας.”
1121 725 1155 806 εἴ
1175 759 1228 809 τις
1251 725 1314 805 οὖν
1331 726 1487 827 ἀρνεῖται

291 850 354 932 τὸν
381 849 528 956 θεμέλιον
555 854 614 931 καὶ
640 857 859 954 παραιτεῖται
884 849 951 950 τὴν
975 850 1119 954 πέτραν,
1139 851 1202 929 οὐκ
1230 851 1408 946 σίκοδομεῖ
1432 845 1486 924 ἐπ’

293 977 383 1078 αὐτῇ
406 976 490 1054 ἀλλ’
512 979 560 1059 εῖς
586 972 653 1074 τὴν
671 974 800 1074 ἅμμον·
833 975 999 1080 ταθτητοι
1022 977 1080 1053 καὶ
1099 974 1182 1052 λίαν
1199 969 1354 1056 εὐκόλως
1372 1000 1519 1060 κατα-5

292 1095 537 1197 σεισθήσεται·
576 1095 596 1178 δ
625 1095 697 1200 γάρ
721 1095 771 1197 μὴ
801 1097 910 1202 ἀνέχη
937 1093 1110 1199 Χριστὸς,
1138 1104 1244 1176 τοῦτο
1271 1093 1316 1193 δὴ
1344 1090 1489 1176 πάντως

293 1221 533 1321 κινηθήσεται,
553 1221 620 1325 οὐχ
636 1222 778 1324 ἑδραίαν
797 1221 889 1326 ἔχων
907 1218 972 1320 τὴν
990 1219 1137 1299 στάσιν.

126 1447 205 1526 Κεφ·
221 1439 280 1590 δ’ἱῧ
344 1459 407 1527 ‘sse
433 1462 476 1538 μεὶ
505 1464 681 1551 ἐρχομένου
709 1462 744 1527 δέ
772 1483 833 1538 μου
861 1459 944 1549 πρόο
970 1460 1053 1536 ὑμᾶς
1080 1457 1310 1547 ἐφυσιώθησάν
1337 1481 1433 1524 τινες.

350 1631 497 1731 Ἐπειδή
525 1667 616 1717 τινες
644 1629 741 1732 ἦσαν
768 1634 806 1712 ἐν
837 1629 1003 1738 Κορίνθῳ
1031 1630 1181 1729 οἰόμενοι
1209 1632 1328 1731 ἀρκεῖν
1355 1631 1490 1711 ἑαυτοῖς
1631 1649 1634 1816 φ

295 1761 354 1836 καὶ
377 1755 428 1854 μὴ
447 1759 587 1834 δεῖσθαι
609 1755 851 1851 διδασκάλων,
869 1755 928 1832 καῖ
952 1753 1149 1856 ῖστεραίρειν
1166 1754 1205 1832 ἐν
1222 1752 1338 1858 σοφίᾳ
1356 1784 1486 1846 κοσμι·
1506 1779 1545 1821 10

295 1882 359 1976 κῆς
391 1879 608 1980 εὐγλωττίας
640 1875 704 1958 τὸν
737 1883 900 1957 Παῦλον·
940 1878 998 1956 καὶ
1028 1873 1087 1955 διῖι
1116 1884 1222 1956 τοῦτο
1256 1879 1491 1980 ἀνεφυσῶντο

295 1999 387 2102 πρὸς
423 2000 623 2106 ὑπεροψίαν
654 2000 994 2107 κατεξανιστάμενοι
1027 2007 1100 2079 τῶν
1132 1999 1268 2098 ἀλλων,
1301 1998 1397 2098 ὅμως
1426 1999 1491 2078 οὐκ

296 2123 531 2224 ἀνεπίληπτοι
569 2123 660 2203 κατὰ
692 2121 756 2204 τὸν
785 2124 880 2219 βίον.
924 2124 998 2203 ε’πεῖ
1031 2124 1093 2202 οὖν
1123 2122 1373 2229 πεφυσίιονταί
1400 2157 1492 2206 τινες

296 2245 451 2331 ἀπόντος
474 2281 543 2344 μου
562 2251 619 2326 καὶ
638 2245 819 2348 νομίᾷνυσι
838 2245 897 2326 διά
915 2244 1021 2326 τοῦτό
1042 2281 1086 2346 με
1109 2247 1425 2345 ἀπολιμπάνεσθαι
1443 2249 1493 2329 ὡς

297 2369 435 2449 δεδιότα
463 2377 527 2449 τοῦ
553 2371 672 2449 ἐλθεῖν
690 2371 807 2452 αὐτοῖς
836 2374 883 2452 είς
911 2367 1054 2471 λόγους,
1072 2369 1159 2473 ὅπερ
1178 2370 1245 2476 οὐχ
1271 2372 1382 2454 οὕτως
1410 2368 1493 2475 ἔχει,
1510 2405 1546 2468 ¹5

296 2492 373 2600 ἥξω
392 2491 560 2578 θέλοντος
578 2495 636 2572 καὶ
655 2493 903 2595 ἐπιτρεποντος
922 2497 1030 2572 Θεοῦ.

249 2756 284 2814 19
354 2735 551 2813 Ἐλεύσομαι
578 2737 614 2802 δὲ
642 2737 767 2824 ταχέως
793 2737 875 2825 πρὸε
903 2739 996 2816 ὑμᾶς,
1021 2735 1080 2801 ἐὰν
1107 2737 1126 2804 ὁ
1156 2735 1269 2824 Κύριοι
1297 2737 1428 2826 θελήσῃ.

352 2907 620 3012 Ἐπηγγείλατο
647 2907 712 3007 μὲν
740 2910 938 3016 ἀφίξεσθαι
965 2909 1065 3009 πλὴν
1089 2911 1130 2989 οὖ
1156 2908 1310 3006 πάντως,
1339 2905 1492 2991 ἀλλ’ὡς

296 3033 434 3134 πρέπον
461 3031 506 3132 ἦν
532 3035 690 3116 ἐπιεικεῖς
718 3035 891 3135 προσθείς
911 3031 953 3112 τὸ
972 3036 1165 3135 ἀναγκαῖον
1184 3032 1226 3113 τό
1244 3032 1325 3112 Ἐῖιν
1345 3041 1359 3113 ὁ
1381 3029 1494 3139 Κιίριις

298 3155 429 3266 θελήσῃ·
464 3156 520 3233 δεῖ
540 3153 611 3256 γὰρ
635 3155 727 3254 ἡμᾶς
750 3149 817 3260 οθχ
842 3155 965 3257 ἕπε’ρως
994 3154 1016 3256 ἢ
1045 3165 1190 3264 φρονεῖν
1207 3155 1231 3257 ἢ
1249 3155 1367 3258 λέγειν
1384 3153 1407 3255 ἢ
1426 3151 1552 3234 ὦδεάσ

298 3313 337 3357 τε
355 3281 412 3356 καῖ
432 3277 552 3376 μόνος.

183 3457 225 3510 55
241 3453 288 3511 Η.

342 3517 400 3583 Καὶ
427 3517 592 3595 τνώσομαι
619 3519 656 3584 οὐ
683 3520 739 3586 τὸν
766 3521 862 3596 λόςον
889 3521 956 3587 τῶν
983 3521 1254 3609 πεφυσιωμένων,
1283 3517 1368 3584 ἀλλὰ
1396 3519 1455 3584 τείν

823 3644 967 3722 δύναμιν.

353 3816 420 3898 Τίς
437 3815 459 3914 ἡ
478 3801 603 3914 ὄνησις
621 3815 753 3922 λε’ξεως
772 3825 940 3920 λαμπροῖς
957 3818 1110 3921 ε’χοάσης
1129 3825 1201 3897 τῶν
1219 3819 1365 3920 ἀγαθῶν
1381 3811 1495 3912 οὐδὲν,

297 3939 403 4018 ὁποῖα
435 3939 457 4038 ἡ
490 3945 564 4018 τῶν
592 3937 757 4040 ἑλλήνων
787 3942 909 4038 ἔστίν;
952 3943 975 4041 ἡ
1007 3942 1050 4020 δέ
1081 3977 1123 4044 γε
1153 3945 1216 4042 τῆς
1254 3938 1495 4021 θεοπνεύστου
1511 3975 1553 4036 25

219 4109 225 4120 ·
297 4065 441 4167 γραφῆς
470 4061 571 4161 ἀπλὴ
599 4063 664 4159 μίν
691 4065 769 4142 ε’στι
798 4068 857 4162 καὶ
885 4066 1144 4164 κατειθισμένη,
1167 4063 1353 4147 πλουσίως
1379 4062 1495 4166 γεμὴν

298 4185 436 4284 ὀνίνησι
475 4189 532 4265 καῖ
562 4186 735 4291 ἀποφέρει
767 4193 944 4290 λαμπροῖς
974 4193 1023 4272 εῖς
1051 4189 1247 4292 ἐπίγνωσιν
1279 4189 1399 4287 ἀληθῆ
1430 4196 1496 4268 τοῦ

299 4477 312 4496 Ι
335 4419 360 4476 7·
378 4407 540 4500 κινηθήσεται
574 4411 686 4492 κείσεται
707 4408 744 4464 Η.
799 4412 849 4482 οὐχ
866 4411 970 4482 ε’δραίαν
986 4413 1003 4466 ἔ
1019 4410 1067 4482 ων]
1087 4413 1128 4467 καὶ
1146 4413 1191 4467 οὐκ
1209 4412 1241 4468 δν
1258 4411 1363 4482 ι’δραίσν
1380 4411 1436 4492 {xm
1456 4410 1497 4465 Η.

297 4477 451 4619 affl&
462 4497 537 4604 ηηγεο
574 4489 585 4536 ι
599 4480 775 4624 Μηηρηόνος]
790 4483 884 4608 133:
905 4483 979 4538 Haec
1011 4501 1046 4539 uo
1058 4501 1126 4556 quae
1139 4492 1290 4556 sequuntur
1303 4481 1404 4538 schoht
1415 4480 1498 4536 nobu
