3284 5130
313 337 357 400 80
620 339 660 404 B.
684 337 895 404 CYRILLI
925 338 1215 405 ALEXANDR.
1321 341 1387 404 xix.
1404 337 1520 422 17,18.

314 505 375 582 καὶ
400 503 508 610 τέχνῃ
531 509 577 611 τῇ
602 506 691 608 ῦπέρ
710 514 794 586 νοῦν
812 511 861 590 εἰς
883 505 1059 608 ἀῦόκητύν
1081 541 1161 588 τινα
1185 513 1243 588 καὶ
1271 509 1522 610 ἀιπίττροφον

315 631 419 707 θεσιυ
443 631 721 714 ἐκτελευτῶντος
741 637 808 710 τοῦ
831 627 980 716 πάθους·
1016 633 1126 734 παγίς
1143 631 1216 734 γὰρ
1234 631 1360 733 ὥσπερ
1382 635 1433 737 τῷ
1452 637 1522 708 τοῦ

315 752 474 833 θανάτου
500 752 632 856 κράτει,
650 751 693 834 τῦ
711 758 880 856 Χριστοῦ
904 751 1021 840 πάθος
1043 754 1262 860 ἐσκσνάζετο,
1280 758 1339 835 καὶ
1357 753 1516 834 ἀνανεώ-

315 910 410 960 σεως
437 875 531 982 ἀρχὴ
561 881 625 980 τῆς
652 884 701 963 είς
731 879 946 984 ἀφθαρσίαν
977 882 1035 958 καὶ
1064 878 1257 980 καινότητα
1285 879 1374 983 ζωῆς
1403 879 1424 956 6
1453 886 1520 957 τοῦ

317 1001 453 1102 Κυρίου
480 999 634 1087 θάνατος
660 999 717 1102 ἦν.
757 997 801 1081 τῦ
829 999 867 1081 δέ
896 1003 953 1110 ἐφ’
982 999 1080 1110 ᾧπερ
1104 1003 1235 1100 ἔμελλε
1269 1007 1557 1104 σταυροῦαθαιὸ

315 1123 431 1230 ξύλον
453 1123 656 1222 ε”πωμάδιον
678 1125 771 1231 ἔχων
796 1123 943 1228 πρόεισι
969 1124 1101 1207 λοιπὸν
1128 1130 1422 1230 κατακεκριμεῦος
1449 1126 1520 1226 ἤδη

280 1253 373 1327 οκαὶ
400 1245 467 1348 τὴν
496 1249 552 1356 ἐφ’
582 1250 705 1350 αἵματι
729 1253 862 1356 ψῆφον
892 1251 946 1330 ἐπ’
973 1251 1089 1330 ούδενὶ
1113 1257 1303 1336 παντελῶς
1329 1252 1520 1353 ὑπομείνας

315 1377 423 1480 κακῷ,
442 1375 501 1452 καὶ
521 1381 628 1454 τοῦτο
653 1375 698 1456 δι’
724 1375 827 1474 ἡμᾶς.
864 1373 929 1458 τάς
952 1373 1025 1477 γὰρ
1043 1382 1117 1459 τοῖς
1135 1374 1383 1479 ἡμαρτηκόσιν
1402 1377 1515 1476 ἐπηρ·

315 1497 468 1596 τημένας
494 1495 654 1598 εῦλάγοις
680 1501 720 1578 ἐκ
747 1507 812 1579 τοῦ
833 1495 944 1598 νόμου
972 1499 1072 1583 δίκας
1097 1503 1145 1584 εὶς
1172 1496 1299 1580 ἑαυτὸν
1325 1497 1515 1601 ἐκομίζετο.

316 1619 442 1722 γέγονε
473 1619 545 1724 γὰρ
572 1633 595 1670 “
609 1620 698 1725 ύπέρ
728 1623 830 1722 ἡμῶν
862 1620 1032 1727 κατάρσ,”
1061 1621 1154 1703 κατά
1182 1621 1226 1703 τὸ
1259 1621 1518 1725 γεγραμμένον,
1536 1653 1579 1693 10

317 1753 338 1791 ‘⁴
356 1742 611 1848 ἐπικατάρατος
639 1744 711 1850 γάρ
739 1752 844 1852 φησι,
872 1753 944 1831 πᾶς
974 1749 994 1826 6
1025 1744 1245 1850 κρεμάμενος
1278 1748 1336 1827 ἐπὶ
1365 1741 1517 1852 ξύλου.”

316 1865 485 1970 ἐπάρατοι
509 1867 547 1950 δέ
571 1868 703 1956 πάντες
721 1867 833 1970 ἡμεῖς,
856 1869 920 1950 τὸν
937 1876 1033 1951 θεῖον
1051 1872 1289 1972 ἀποπληροῦν
1306 1870 1371 1950 οῦκ
1388 1867 1516 1972 ἀνεχό-

144 1997 269 2114 {mm
315 2025 416 2090 μενοι
438 1991 558 2092 νόμον,
577 2005 599 2042 “
614 1993 740 2075 πολλὰ
763 1993 837 2098 γάρ
859 1995 1033 2094 πταίομεν
1052 1993 1236 2091 ἀπαντες,”
1257 1992 1519 2094 εύολισθοτάτη

314 2148 354 2195 τε
380 2113 471 2220 πρὸς
498 2125 606 2198 τοῦτο
633 2119 718 2198 λίαν
736 2118 759 2218 ἡ
787 2117 980 2222 ἀνθρώπου
1007 2118 1133 2226 φύσις.
1169 2117 1290 2219 ἐπειδὴ
1308 2116 1347 2198 δέ
1364 2115 1478 2199 πάλιν
1496 2119 1518 2198 6

145 2241 253 2368 ffiffi
287 2243 409 2324 οθεῖος
422 2240 493 2346 ἔφη
506 2277 577 2324 που
589 2241 697 2342 νόμος
714 2251 736 2290 “
750 2240 1038 2346 Ἐπικατάρατος
1049 2241 1090 2327 ῦς
1102 2242 1167 2323 οῦκ
1179 2241 1320 2344 ἐμμένει
1332 2249 1426 2323 πᾶσι
1443 2249 1519 2327 τοῖς
1535 2271 1575 2331 15

145 2373 225 2490 2⁰:¹¹1
231 2438 270 2490 ἡ
315 2372 337 2410 “
355 2364 655 2467 ἐγγεγραμμεῦοις
668 2368 770 2474 ἐντῷ
782 2365 919 2475 βιβλίῳ
932 2375 997 2447 τοῦ
1010 2365 1121 2466 νόμου
1134 2365 1274 2458 τούτου,
1289 2375 1355 2447 τοῦ
1367 2369 1519 2465 ποιῆσαι

315 2494 337 2534 “
355 2486 481 2568 αύτά·”
512 2489 613 2590 ἡμῶν
631 2490 712 2595 ἄρα,
730 2495 789 2572 καὶ
807 2492 874 2594 οῦχ
893 2489 1021 2593 ἐτέρων
1039 2491 1062 2590 ἦ
1080 2488 1162 2593 ἀρά.
1193 2489 1246 2576 οἷς
1263 2489 1336 2593 γάρ
1353 2490 1519 2593 ἔγκλημα

314 2609 381 2710 μέν
399 2612 422 2713 ἡ
439 2611 661 2720 παράβασις,
678 2613 721 2696 τῦ
740 2614 779 2696 δέ
797 2623 863 2697 τοῦ
884 2612 1126 2718 διορισθέιπος
1150 2613 1354 2722 ἐξολισθεῖν
1371 2615 1513 2695 εύπετέ·

313 2771 463 2836 στατον,
491 2739 611 2824 αῦτοῖς
639 2737 685 2819 ἀν
711 2738 764 2839 εἴη
793 2743 853 2820 καὶ
881 2739 925 2821 τὸ
955 2739 1168 2821 εὐθύνεσθαι
1195 2737 1348 2842 πρέπον.
1389 2738 1518 2819 ούκοῦν

314 2858 490 2964 ἐπάρατος
517 2863 560 2943 δι’
580 2863 673 2963 ἡμᾶς
697 2864 716 2943 ὁ
740 2861 792 2964 μὴ
820 2863 919 2948 εἰδὼς
946 2863 1135 2966 ἁμαρτίαν,
1160 2863 1203 2943 ἶν’
1223 2863 1317 2963 ἡμᾶς
1344 2861 1517 2968 ἀπολύσῃ
1533 2894 1574 2934 ιο

314 2987 378 3084 τῆς
406 2988 557 3092 ἀρχαίας
583 2989 683 3089 ἀρᾶς.
722 2987 861 3094 ἐξήρκει
888 2986 960 3091 γὰρ
985 2994 1092 3067 τοῦτο
1113 2986 1242 3069 παθὼν
1260 2984 1348 3090 ῦπέρ
1370 2985 1517 3068 πάντων

280 3109 336 3188 (Ιὸ
356 3107 444 3212 ύπέρ
463 3109 603 3196 πάντας
622 3109 726 3208 Θεὸς,
744 3113 803 3190 καὶ
831 3115 884 3219 τῷ
911 3110 1055 3220 θανάτῳ
1079 3115 1144 3213 τῆς
1171 3111 1262 3198 ἰδίας
1289 3109 1426 3216 σαρκὸς
1451 3110 1518 3212 τὴν

315 3229 485 3314 ἀπάιπων
503 3233 688 3340 λύτρωσιν
705 3233 957 3343 ἐξωνούμενος.

370 3356 631 3461 Ἔπικομίζεται
657 3361 787 3458 τοίνυν,
807 3360 849 3439 οῦ
875 3358 940 3440 τὸν
967 3360 1066 3467 αύτῷ
1092 3359 1277 3463 πρέποντα
1304 3357 1467 3463 σταυρὸν
1494 3360 1515 3438 6

314 3478 487 3584 Χριστὸς,
505 3483 606 3562 ἀλλά
628 3481 692 3563 τὸν
710 3483 794 3582 ἡμῖν
812 3482 1055 3588 ἐπηρτημένον
1072 3488 1188 3564 τεκαὶ
1206 3482 1513 3588 χρεωστούμενον,
1532 3515 1572 3573 τ5

314 3603 405 3686 ὅσον
423 3604 507 3706 ἧκεν
526 3611 634 3687 εἰπεῖν
652 3612 702 3691 εἰς
728 3605 795 3707 τὴν
812 3605 872 3686 διὰ
899 3605 1009 3705 νόμου
1036 3606 1258 3710 κατάκρισιν.
1297 3605 1424 3709 ὥσπερ
1445 3605 1517 3710 γὰρ

314 3729 462 3831 γέγονεν
488 3731 527 3809 ἐν
554 3737 698 3834 νεκροῖς,
724 3732 765 3810 οῦ
791 3733 834 3810 δι’
864 3729 1000 3832 ἐαυτὸν,
1028 3728 1129 3810 ἀλλὰ
1159 3731 1202 3810 δι’
1227 3730 1337 3830 ἡμᾶς,
1364 3730 1407 3810 ἵν’
1433 3731 1516 3829 ἡμῖν

313 3851 474 3960 ἀρχηγὸς
500 3857 565 3954 τῆς
588 3860 637 3939 εἰς
663 3860 775 3935 αίῶνα
803 3853 892 3958 ζωῆς
915 3857 1052 3962 εὑρεθῇ,
1080 3851 1293 3939 καταλύσας
1318 3854 1363 3933 δι’
1389 3856 1515 3934 ἑαυτοῦ

312 3988 378 4061 τοῦ
396 3976 552 4060 θανάτου
570 3975 612 4060 τῦ
630 3977 771 4081 κράτος,
789 3980 882 4060 οὕτω
900 3982 958 4058 καὶ
975 3979 1040 4060 τὸν
1053 3979 1137 4080 ἡμῖν
1155 3978 1339 4080 πρέποντα
1357 3978 1515 4083 σταυρὸν

313 4112 362 4190 είς
389 4103 515 4186 ἑαυτὸν
543 4101 803 4202 ἀναλαμβάνει,
833 4102 900 4204 τὴν
928 4105 967 4184 ἐκ
999 4111 1064 4184 τοῦ
1093 4101 1204 4201 νόμου
1236 4102 1448 4207 κατάκρισιν
1476 4105 1515 4182 ἐν
1529 4135 1571 4193 3ο

144 4249 187 4380 ἓν·
200 4247 249 4299 evi·
284 4233 428 4338 οέαυτῷ
446 4228 677 4333 κατακρίνειν,
694 4226 753 4306 ἵνα
770 4233 875 4309 πᾶσα
899 4225 1029 4307 λοιπὸν
1047 4228 1177 4326 ἀνομία
1201 4225 1371 4334 ἐμφράξῃ
1391 4223 1514 4323 στόμα

349 4525 375 4580 6.
394 4524 532 4594 ἐπωμίδων
543 4544 567 4581 ο.
636 4523 962 4650 κατακεκριμένονὲίὶἔπς.
1130 4540 1170 4576 11.
1190 4521 1272 4611 ξύλρυ
1285 4521 1318 4610 ΕΠ
1331 4539 1354 4575 ο.
1368 4518 1449 4588 ξύλον
1462 4519 1512 4576 Ed.

317 4607 632 4668 14.r‹a⁸!umptumex
645 4597 677 4652 h.
786 4613 828 4651 20.
848 4618 871 4651 ιν
918 4616 979 4650 ,ινα
992 4591 1042 4648 Ed.
1151 4607 1238 4664 27.w
1260 4591 1409 4648 aarum.
