3284 5130
118 333 184 418 xxi.
202 353 273 417 1-6.
313 349 717 419 1Ns.JOANNEM.
762 348 859 417 σου.
883 349 963 418 x11.
1009 353 1112 418 σου.
1135 352 1164 420 1.
1238 295 1316 418 ιτοι

119 518 234 597 καίτοι
257 513 297 598 δι’
317 518 396 613 ’ὅλης
414 517 660 604 κεκοπιακότες
681 517 739 613 τίς
764 519 889 605 νυκτός.
927 517 1056 626 πρωίας
1079 514 1115 600 δί
1138 509 1195 613 ήδη
1219 552 1314 620 γενι-

118 642 227 748 μένης,
256 643 457 751 ἀρξαμένου
492 643 529 724 δέ
563 644 631 744 ἥδη
659 648 859 748 διαχεῖσθαι
888 643 1009 749 φωτὸς
1037 647 1094 724 καὶ
1124 647 1187 742 τῆς
1214 641 1319 741 ἡλίου

118 771 246 866 βολῆς,
266 768 343 862 ἐστη
360 771 485 862 Ἰησοῦς
509 769 566 847 ἐπὶ
593 768 645 848 τίν
670 768 842 870 αἰγιαλόν.
883 771 916 848 οἰ
934 765 972 848 δέ
991 767 1054 846 οὐκ
1078 764 1214 871 ᾔδεσαν
1235 761 1315 864 μέν,

119 889 269 994 ὅτιπερ
294 889 399 976 αὐτός
422 893 512 974 ἐστι.
550 895 759 996 διερωτῶντι
783 888 898 993 γερὴυ
923 895 980 970 καὶ
1006 889 1148 991 λέγοντι
1173 881 1223 989 μή
1248 884 1319 992 ἀρά

87 1040 156 1100 5τι
175 1021 247 1094 τῶν
266 1021 313 1100 εἰς
337 1017 512 1120 τραπέζης
538 1015 739 1097 τελούντων
764 1016 885 1120 χρείαν
902 1015 989 1095 ε’ίσω
1017 1013 1142 1117 γέγονε
1169 1013 1320 1093 δικτύων
1368 1025 1372 1038 “

120 1141 250 1236 αὐτοῖς,
287 1139 387 1220 οάδέυ
418 1139 460 1220 τὸ
492 1138 664 1243 παράπαν
697 1139 879 1245 εἰληφέναι
912 1138 1038 1244 φασίν.
1077 1135 1153 1218 εἰτα
1184 1135 1320 1218 κελεύει
1441 1241 1445 1248 Δ

120 1267 279 1344 καθεῖναι
297 1259 332 1346 τί
351 1259 478 1345 δίκτυον
496 1272 542 1350 εἰς
560 1263 639 1372 μέρη
657 1266 711 1345 τού
729 1268 848 1344 πλοίου
867 1259 914 1343 τίι
933 1257 1040 1370 δεξιαί·
1081 1261 1175 1342 οἶδέ
1191 1259 1321 1340 Καίτοι

120 1385 182 1467 διοί
211 1387 336 1474 νυκτὸς
366 1388 455 1489 ὅλης
485 1388 633 1472 εἰκαίους
666 1419 705 1468 τε
735 1389 793 1467 καί
827 1386 1018 1487 ἀνονήτους
1047 1382 1321 1485 δαπανήσαντες

120 1509 264 1609 πόνους,
295 1513 351 1593 ἐπὶ
385 1509 432 1620 τῷ
470 1521 521 1621 τῷ
552 1514 673 1620 ῥήματι
711 1509 995 1614 σογηνεύσομεν,
1025 1511 1154 1617 φασίν.
1204 1508 1246 1588 οὗ
1276 1507 1356 1609 δὴδ

74 1634 313 1740 ιοδρωμένον,
336 1635 498 1737 τὴντῶν
524 1635 749 1716 ἀνελκόντων
772 1634 881 1740 ἰσχύν
908 1632 1065 1737 ἐβιάζετο
1092 1629 1222 1715 λοιπόν
1247 1638 1321 1753 Ιτῶν

123 1761 371 1861 τεθηραμένων
387 1758 430 1841 τὸ
448 1759 571 1864 βαρός.

180 1887 294 1966 Ταυτὶ
321 1883 388 1985 μὲν
415 1886 478 1965 οὖν
505 1886 590 1985 ἡμῖν
615 1887 635 1966 ὁ
661 1885 855 1970 θεσπέσιος
880 1881 1157 1988 Εάαγγελιστὴς
1183 1881 1316 1990 ἐξηγή-

123 2037 232 2089 σατο·
270 2008 446 2110 ἐπειδὴδὲ
470 2010 599 2113 ἀρτίως
627 2009 805 2111 ἐλέγομεν,
827 2012 875 2094 ὡς
893 2005 952 2089 διά
974 2001 1188 2112 πράγματος
1213 2011 1319 2110 ἐναρ·

124 2133 304 2236 γεστοίτου
321 2167 360 2214 τε
378 2134 463 2214 λίαν
481 2136 539 2213 καί
557 2133 814 2230 τετελεσμένου
835 2132 1118 2232 κατάἀλήθειαν
1131 2143 1318 2236 πεπληρο-

76 2292 112 2353 ¹5
126 2257 283 2364 φύρηκευ
308 2261 328 2338 ό
349 2257 476 2363 Σωτὴρ
501 2259 583 2342 τοὺς
608 2258 730 2360 ἁγίους
756 2255 985 2343 ἀποστόλους
1008 2257 1062 2338 ότι
1084 2257 1129 2358 δή
1153 2255 1322 2356 μέλλοιεν

124 2381 275 2462 ἔσεσθαι
311 2381 402 2463 κατά
438 2381 504 2483 τὴν
540 2383 649 2462 αι’ποῦ
686 2378 812 2489 φωνήν
842 2383 953 2468 ἁλιεῖς
990 2377 1201 2486 ἀνθρώπων,
1234 2381 1322 2486 φέρε

124 2504 367 2606 μεθιστάντες,
396 2509 444 2590 ὡς
478 2505 541 2604 ἐνι,
578 2512 698 2589 καλῶς
727 2511 775 2590 εἰς
808 2505 978 2606 ἀληθείας
1006 2505 1178 2606 δήλωσινΙ
1197 2504 1243 2585 τά
1274 2508 1321 2589 ὡς

125 2633 164 2710 ἐν
181 2629 283 2738 τύπιρ
304 2630 578 2733 πεπληρωμένα,
596 2635 671 2714 τοῖς
697 2637 762 2710 τοῦ
790 2633 959 2733 Σωτῆρος
986 2627 1110 2732 λύγοις
1135 2625 1320 2731 μαρτυρή-

125 2788 249 2854 σωμεν
280 2754 346 2853 τήν
378 2751 558 2854 ἀλήθειαν,
588 2738 790 2834 ἕκασταδέ
817 2759 890 2833 τῶν
917 2751 1118 2856 γεγονότων
1152 2750 1244 2833 κατά
1280 2746 1334 2855 γεΙ

75 2917 113 2958 το
125 2878 170 2959 τὸ
200 2881 382 2984 ἐγχωροῦν
413 2873 678 2984 διαπτύξαισες,
709 2881 927 3032 παραθῶμεν
959 2884 1034 2959 τοῖς
1066 2876 1323 2984 ἐντευξομένοις

126 3003 274 3107 θεωρίας
299 3006 535 3101 πνευματικῆς
563 3002 605 3080 οὐ
630 3001 784 3105 μετρίοις,
808 3004 856 3086 ὡς
883 3002 1029 3109 ἐγῷμαι,
1048 2999 1113 3085 τάς
1139 3001 1319 3109 ἀφορμοίς·

127 3124 346 3208 “Δίδου
301 3159 374 3230 γαρ
401 3129 511 3232 σοφῷ
538 3123 717 3230 ἀφορμήν,
743 3128 801 3205 καὶ
829 3124 1091 3232 σοφώτερος*
1067 3154 1183 3206 εσται
1222 3125 1319 3228 γνιύ·
1369 3133 1466 3184 Prov.
1458 3149 1494 3184 ²¹·

127 3250 238 3354 “ριζε
265 3251 396 3358 δικαίην,
425 3252 484 3328 καί
513 3248 719 3351 προσθήσει
750 3258 815 3328 τοῦ
842 3249 1046 3354 δέχεσθαι.”
1084 3245 1181 3349 οἶμαι
1205 3249 1324 3329 τοίνυν
1369 3215 1394 3267 9’

128 3372 183 3454 ’ότι
207 3372 251 3454 τὸ
277 3371 336 3452 διὰ
361 3371 488 3457 νυκτὸς
512 3371 578 3472 μέν
595 3371 684 3473 ὅλης
702 3374 868 3452 ἀλιεῦσαι
886 3370 968 3455 τούς
986 3371 1224 3474 μαθητὰς,
1177 3407 1228 3473 μη
1253 3370 1325 3472 μὴν

76 3531 113 3592 ²5
127 3498 220 3578 ἑλεῖν
244 3531 278 3577 τι
299 3503 496 3595 παντελῶς,
516 3497 666 3582 εἰκαίους
693 3495 731 3576 δέ
758 3499 962 3595 ἀναπλῆσαι
989 3495 1131 3595 πόνους,
1159 3497 1444 3599 amimam
1454 3527 1497 3585 Δ.
1632 3549 1635 3632 1

126 3654 162 3700 τι
180 3630 351 3713 τοιοῦτον,
372 3620 427 3702 ὅτι
445 3628 518 3706 τοῖς
536 3627 609 3702 τῶν
628 3621 867 3726 ἀρχαιοτέρων
885 3621 1119 3702 διδασκάλων
1135 3620 1323 3724 κηρύγμαε

127 3777 190 3826 σιν
218 3743 342 3827 οὐδένα
369 3745 411 3825 τὸ
438 3744 610 3847 παράπαν
632 3743 939 3844 ἀναπεπεισμένον
962 3742 1171 3848 εὑρήσομεν,
1191 3747 1249 3824 καί
1277 3749 1327 3829 εἰς
1634 3741 1635 3814 ί

127 3867 170 3950 τὸ
200 3869 342 3954 τελείως
378 3867 533 3973 ἀρέσκον
568 3875 620 3976 τῷ
652 3874 735 3977 Θεῷ
768 3867 1091 3972 σεσαγηνευμένον,
1124 3866 1147 3969 ἢ
1180 3869 1326 3969 ὀλίγους
1632 3831 1635 3934 ί

128 3995 266 4093 κομιδῆ.
306 3995 347 4073 ἐν
375 3993 445 4102 ἴσῳ
473 3990 512 4072 δέ
539 3995 591 4100 τῷ
617 3996 740 4093 μηδενὶ
765 3990 808 4072 τό
835 3991 984 4098 σφόδρα
1010 3991 1141 4096 βραχύ,
1172 3989 1259 4071 όταν
1286 3993 1327 4071 ἐκ

74 4159 115 4218 30
127 4125 273 4200 πολλοῦ
300 4117 465 4216 μιίλιστα
496 4115 735 4218 λαμβάνηται.
779 4114 898 4201 πολὺς
926 4114 964 4196 δέ
997 4115 1041 4216 δὴ
1073 4116 1156 4195 λίαν
1184 4117 1204 4194 ὁ
1235 4113 1326 4194 κατὰ

127 4249 253 4324 πᾶσαν
274 4241 341 4344 τήν
360 4239 563 4344 οἰκουμένην
581 4241 771 4345 ἅνθρωπος
793 4247 924 4321 νοεῖται
947 4237 1166 4342 πρεπόντως.
1203 4240 1241 4320 τί
1263 4235 1327 4319 σύν
1414 4343 1417 4348 ¹
1468 4339 1471 4348 γ

163 4555 189 4610 3.
210 4535 331 4611 ίοτη]-Ι-
347 4539 362 4592 δ
376 4537 408 4593 Ε.
611 4549 652 4608 17.
670 4536 705 4593 ὣς
716 4535 762 4590 alt.
775 4543 945 4608 assumptum
957 4553 990 4590 ex
1003 4534 1037 4590 E
1238 4543 1282 4604 25.
1300 4552 1330 4588 τι

128 4619 298 4681 nummum
309 4625 342 4664 εκ
355 4609 388 4664 Ε
580 4623 626 4682 3⁰·
644 4605 675 4677 δή
687 4623 741 4664 om.
755 4604 793 4664 Ε.
1151 4635 1153 4640 ,
