3278 5130
141 356 186 420 iv.
200 355 230 420 6.
333 355 387 420 IN
410 355 478 419 ΕΡ.
502 355 549 419 II.
577 355 640 419 AD
667 352 959 420 CORINTHIOS.
997 351 1086 417 LIB.
1103 352 1149 416 11.
1276 353 1339 416 343

363 506 365 517 ι
1364 447 1492 515 [οοΜ-]

141 529 165 566 “
185 526 264 625 φῶς
281 518 385 622 μέγα·
417 525 449 598 οἱ
468 527 708 602 κατοικοῦντες
727 519 764 596 ἐν
782 517 883 624 χώρᾳ
899 520 957 596 καὶ
975 519 1063 622 σκιᾷ
1081 515 1245 612 θανάτου,
1261 520 1339 621 φῶς

143 653 165 689 “
184 640 326 748 λάμψει
354 642 410 747 ἐφ’
430 642 555 738 ὑμᾶς·”
587 644 645 720 καὶ
669 644 689 719 ό
708 639 901 723 θεσπέσιος
929 639 966 720 δὲ
986 639 1119 719 Δαυείδ
1141 647 1267 742 φησιν,
1292 641 1341 722 ὡς

142 768 182 845 ἐκ
204 764 404 868 προσώπου
431 770 502 843 τῶν
529 767 567 844 ἐν
595 762 707 868 ἀχλὺῖ
732 767 790 843 καὶ
822 762 944 871 σκότιρ
965 761 1083 844 “”Οτι
1116 762 1166 842 σὺ
1194 767 1339 868 φωτιεΐς
1353 780 1465 831 Pwii·

144 900 166 936 “
185 888 319 992 λύχνον
345 923 415 987 μου
435 887 554 991 Κύριε,
582 885 715 970 ὑΘεός
740 921 810 981 μου
835 892 977 992 φωτιεῖς
1004 884 1047 966 τὸ
1074 883 1207 970 σκότος
1234 885 1339 982 μοο.”
1355 861 1395 910 ψ’

108 1008 261 1111 5ἐπειδὴ
289 1010 327 1090 δὲ
355 1010 587 1113 πεπλήρωται
619 1008 748 1091 λοιπὸν
781 1010 837 1116 ἐφ’
869 1010 953 1108 ἡμῖν
983 1010 1006 1108 ἡ
1042 1005 1242 1112 ὑπόσχεσις
1277 1016 1343 1088 τοῦ

146 1133 300 1237 Πατρός,
318 1137 377 1213 καὶ
401 1132 443 1213 τὸ
468 1140 562 1213 θεῖον
580 1134 664 1234 ἡμῖν
683 1136 741 1213 καὶ
766 1132 893 1231 νοητὸν
911 1131 1085 1234 διηὺγασε
1111 1139 1203 1237 φῶς,
1225 1131 1338 1233 ε’γνώ-
1356 1151 1401 1204 94
1416 1148 1463 1206 Μ.

145 1290 256 1354 καμεν
274 1258 382 1337 αὑτοῦ
399 1253 466 1355 τὴν
484 1254 596 1363 δόξαν
613 1258 643 1337 ἓν
661 1257 831 1366 προσώπῳ
852 1257 1000 1363 Χριττοὺ·
1032 1251 1106 1335 εἶτα
1125 1254 1222 1357 εἴπερ
1243 1257 1343 1334 ἐστὶν

146 1376 345 1482 ὑΧριστὺς
373 1381 414 1458 οὑ
442 1380 551 1485 φύσει
578 1414 616 1459 τε
645 1383 703 1459 καὶ
731 1385 876 1480 άληθῶς
894 1377 997 1477 Θεὸς,
1023 1377 1089 1478 τὴν
1108 1387 1173 1457 τοῦ
1198 1375 1343 1479 Πατρός

146 1502 257 1608 δόξαν
271 1505 309 1581 ἐν
323 1504 418 1610 αὑτῷ
438 1501 655 1601 τεθεάμεθα;
677 1504 790 1582 καίτοι
808 1502 977 1601 λε’γοντος
996 1501 1112 1582 άκοὺω
1131 1508 1261 1607 σαφῶς
1280 1509 1343 1580 τοῦ

93 1657 133 1698 10
147 1631 242 1706 Θεοῦ
268 1629 325 1704 καὶ
346 1625 489 1727 Πατρός
519 1637 540 1674 “
554 1625 634 1725 Τὴν
659 1623 770 1732 δόξαν
788 1660 858 1724 μου
883 1625 990 1733 ἑτέρῳ
1009 1627 1050 1704 οὑ
1076 1623 1219 1704 δώσω·”
1258 1626 1340 1704 ἀλλ’
1356 1633 1398 1684 Es.
1412 1633 1464 1683 ¹¹³³·
1478 1634 1502 1683 Β·

147 1746 223 1828 ἲδοὺ
250 1750 399 1830 δεὺωκεν
426 1747 537 1849 αὐτὴν
563 1755 615 1856 τῷ
641 1755 729 1857 Υὶῷ·
777 1751 844 1854 οὑχ
871 1749 988 1850 ἕτερος
1020 1749 1090 1853 άρα
1121 1749 1204 1849 παρ’
1237 1745 1344 1826 αὑτόν

147 1875 257 1970 ἐστιν,
275 1872 375 1971 πλὴν
394 1872 484 1953 ὅσον
508 1875 546 1952 ἐν
571 1872 770 1953 ὑποστάσει
796 1876 854 1952 καὶ
880 1871 922 1952 τὺ
950 1871 1121 1977 ὑπάρχειν
1140 1876 1266 1967 ἰδικῶς,
1285 1871 1343 1951 ἵνα

147 1994 196 2096 μὴ
224 1996 394 2102 φαίνηται
422 1994 676 2100 ψευδοεπήσας
701 1997 721 2074 ὑ
742 1995 871 2099 Πατὴρ
898 2001 949 2103 τῷ
977 1997 1146 2104 προσώπῳ
1171 2002 1235 2074 τοὺ
1252 2001 1343 2075 Υὶοὺ

146 2118 212 2218 τὴν
230 2121 321 2200 ἰδίαν
341 2118 452 2225 δόξαν
470 2122 628 2222 προθεὶς,
649 2122 708 2199 καὶ
734 2118 788 2198 ὅτι
806 2118 899 2203 Θεὸς
926 2118 1017 2198 κατὰ
1041 2119 1155 2225 φύσιν
1180 2121 1279 2198 ἐστὶν
1305 2120 1343 2198 ἐν

96 2273 133 2334 15
147 2245 243 2349 αὑτῷ
270 2277 309 2323 τε
336 2245 395 2326 καὶ
422 2244 464 2322 δι’
496 2243 604 2322 αὑτοῦ
629 2240 902 2344 γινωσκόμενος·
936 2246 1132 2344 πρόσωπος
1161 2241 1233 2344 γάρ
1264 2245 1343 2322 ἐστι

146 2370 204 2447 καὶ
220 2365 322 2447 εἰκών
339 2370 398 2446 καὶ
423 2365 647 2468 άπαὺγασμα
666 2370 730 2464 τῆς
757 2365 993 2449 ὑποστάσεως
1013 2367 1133 2444 αὑτοῦ·
1170 2369 1228 2445 καὶ
1246 2368 1337 2446 ἀπο-

146 2489 365 2572 καλὺπτεται
391 2488 455 2588 μὲν
483 2488 607 2572 ὑΥὶὸς
634 2487 734 2592 παρὰ
760 2494 825 2568 τοὺ
850 2489 1010 2591 Πατρὺς,
1031 2487 1275 2569 ἀποκαλύπτει
1304 2489 1341 2568 δὲ

147 2617 205 2694 καὶ
222 2614 327 2698 αὑτὸς
346 2613 428 2712 ἡμῖν
446 2615 483 2693 ἐν
502 2615 615 2720 ἑαυτῷ
632 2610 695 2692 τὸν
716 2610 871 2714 Πατέρα.
