3278 5130
136 359 260 426 iv.16.
336 359 389 424 IN
411 359 476 426 ΕΡ.
501 360 548 425 II.
575 359 638 424 AD
665 359 957 426 CORINTHIOS.
996 359 1166 426 LIB.III.
1283 363 1347 426 347

1373 455 1503 522 [9⁵M-]

138 519 282 603 πόνων.
320 526 380 603 καὶ
406 524 449 603 δι’
475 521 616 607 οῦδενῦς
650 522 716 622 μέν
747 533 930 606 ποιοῦνται
957 523 1072 628 λόγου
1099 523 1182 610 τοῦς
1208 527 1248 604 ἐκ
1274 530 1347 603 τιῦν

143 645 304 747 ἀγόνων
327 651 486 747 ἱδρῶτας,
504 645 732 749 ε’πιγιίνυυται
759 645 798 728 δὲ
824 655 969 746 μᾶλλον
996 655 1070 731 τοῖς
1097 648 1232 728 ἄνωθεν
1250 649 1344 748 ἀγα-

147 775 240 865 θοῖς,
260 768 518 872 διαλογίζονται
539 769 611 873 γὰρ
629 775 692 869 τῆς
710 779 774 851 τοῦ
794 777 889 852 Θεοῦ
909 770 1115 878 φιλοτιμίας
1133 770 1176 851 τῦ
1193 768 1345 853 πλοίτος·

150 892 213 972 διὰ
240 881 312 995 γὰρ
340 901 447 973 τοῦτο
473 901 520 980 εἰς
548 891 682 975 θιίνιιτον
701 889 952 1002 παραθίθονται
977 892 1036 975 θιῦι
1057 896 1176 989 ’Ἰησοῦν
1201 895 1257 974 ’ίνοι
1287 903 1346 974 καὶ

96 1037 126 1096 5
151 1020 172 1111 ἡ
200 1013 263 1125 ζωὴ
293 1019 348 1096 τοῦ
374 1019 479 1109 Ἰησοῦ
507 1014 673 1126 φανερωθῇ
700 1019 729 1098 ἑν
762 1027 800 1132 τῇ
829 1016 915 1130 θνητῇ
939 1021 1054 1126 σαρκί.
1083 1020 1143 1097 καὶ
1170 1018 1224 1102 τίς
1251 1022 1269 1112 ἡ
1294 1020 1349 1097 τοῦ

150 1142 259 1234 Ἰησοῦ
282 1141 346 1249 ζιοὴ
357 1180 366 1234 5
396 1138 419 1238 ἡ
440 1142 630 1246 ἀφθαρσία
655 1143 713 1220 καὶ
738 1140 929 1242 ἁγιασμὸς,
948 1142 1039 1248 δόξα
1060 1175 1099 1221 τε
1123 1139 1267 1242 μεγάλη
1289 1142 1349 1219 καὶ

152 1265 404 1366 ῦπερκόσμιος·
439 1265 550 1348 οῦτως
568 1264 639 1368 γὰρ
657 1266 741 1363 ἡμῖν
760 1264 961 1372 ὀφθήσεται
982 1265 1072 1345 κατὰ
1091 1262 1242 1367 καιροῦς,
1262 1265 1348 1344 ὅταν

151 1388 238 1486 ἡμῖν
255 1390 392 1467 ἄνωθεν
410 1391 469 1467 καὶ
486 1388 532 1494 ἐξ
550 1389 701 1490 οὐρανοῦ
723 1390 921 1494 καταβαίνῃ
943 1389 1073 1491 κριτής·
1107 1422 1346 1492 μετοσχημοι·

151 1512 246 1591 τίσει
264 1509 302 1591 δὲ
327 1513 385 1590 καὶ
407 1521 429 1558 “
443 1511 486 1590 τὸ
503 1517 612 1608 σῶμα
635 1514 698 1610 τῆς
726 1513 973 1595 ταπεινώσεως
1001 1512 1101 1611 ἡμῶν
1129 1509 1349 1615 σύμμορφον
1361 1543 1427 1594 Pha
1435 1543 1517 1593 iiim.

81 1659 138 1700 10
153 1643 178 1682 ‘⁶
195 1640 246 1741 τῷ
264 1634 407 1730 σώματι
429 1637 492 1732 τῆς
512 1632 620 1740 δόξης
638 1635 746 1714 αὐτοῦ
766 1634 858 1714 κατὰ
875 1632 941 1734 τὴν
960 1634 1136 1738 ε’νεργειαν
1154 1643 1219 1714 τοῦ
1237 1635 1344 1713 δῦνα-

154 1768 178 1806 “
195 1764 283 1837 σθαι
311 1755 419 1835 αὐτὸν
446 1759 505 1835 καὶ
533 1755 709 1862 ῦποτιίξαι
736 1758 832 1864 αὐτῷ
858 1757 904 1837 τὰ
932 1755 1085 1838 ποίυτα.”
1129 1755 1215 1838 ῦστε
1245 1765 1259 1839 τ’
1289 1755 1349 1862 μὲν
1362 1792 1414 1826 να·
1427 1788 1466 1824 1²·

154 1880 295 1965 θάνατος
323 1881 352 1960 ἐν
380 1883 453 1984 ἡμῖν
477 1881 660 1983 ἐνεργεῖται,
680 1884 697 1974 ἡ
716 1875 752 1959 θὲ
776 1877 839 1989 ζωὴ
865 1883 894 1961 ἐν
913 1885 999 1987 ὑμῖν.
1036 1881 1252 1980 μεμίμηνται
1278 1879 1350 1982 γὰρ
1364 1915 1408 1968 96
1424 1911 1472 1968 Μ,

154 2003 219 2084 τὸν
241 2005 375 2084 ἑαυτῶν
396 2001 578 2101 δεσπότην
603 2007 635 2081 οἱ
660 2007 724 2102 τῆς
747 2003 806 2109 ὑφ’
827 2003 918 2112 ἡλίῳ
943 2006 1191 2107 μυσταγωγοί·
1236 2005 1346 2083 τεθεί-

156 2161 244 2208 κασι
261 2129 320 2205 καὶ
344 2127 444 2206 αὐτοὶ
467 2125 530 2208 τὰς
548 2129 682 2206 έαυτιῦν
701 2125 834 2232 ψυχὰς,
851 2127 911 2206 ἵνα
929 2127 1027 2226 ἡμεῖς
1045 2132 1078 2207 οἱ
1095 2124 1182 2207 ποτὲ
1200 2125 1348 2207 πλανώ-

92 2291 139 2350 15
156 2284 265 2349 μενοι,
278 2248 344 2348 τὴν
362 2251 400 2329 έκ
418 2249 574 2331 πίστεως
592 2252 655 2348 τῆς
673 2255 721 2334 εἷς
740 2248 905 2350 Χριστὸν
922 2250 1230 2353 ἀποκερδαίνωμεν
1248 2246 1350 2352 ζωήν·

154 2373 336 2476 τοιγάρτοι
362 2375 457 2478 φασὶ
484 2371 609 2452 διὰ
567 2407 629 2470 της
654 2406 718 2451 του
701 2372 953 2478 ψάλλοντος
972 2376 1135 2479 φωνῆς
1113 2408 1161 2457 ως
1179 2406 1270 2475 προς
1287 2372 1352 2453 τὸν

159 2496 333 2600 Κόριον
313 2503 412 2595 ημῶν
429 2493 625 2644 Ἰησοῦν
590 2529 653 2575 τον
671 2495 836 2598 Χριστόν
861 2493 1031 2575 “Ὅτι”
1009 2529 1122 2575 ευεκεν
1140 2504 1211 2575 σοῦ
1236 2501 1348 2574 θανα-
1364 2521 1471 2571 Pmnu

158 2633 179 2672 ‘⁴
197 2621 351 2715 τοῦμεθα
394 2618 485 2720 ολην
520 2617 587 2719 τὴν
623 2619 768 2722 ἡμέραν,
805 2620 1113 2724 ἐλογίσθημεν
1091 2653 1139 2703 ως
1184 2599 1403 2721 πρόβαταί

158 2757 181 2796 ει
199 2744 379 2850 σφαγῆς”

99 3116 144 3156 ²0
458 3096 665 3172 ΤΟΜΟΣ
704 3097 735 3173 Γ
774 3097 969 3173 ΛΟΓΟΣ
1009 3098 1051 3172 Β.

158 3335 217 3402 Διό
248 3335 306 3399 οὐκ
338 3335 549 3414 ἒκκακοῦμεν,
577 3333 646 3398 ἀλλ’
679 3332 706 3399 εἷ
739 3335 792 3399 καί
819 3335 837 3403 ὀ
869 3336 936 3403 ἔξω
963 3335 1056 3411 ἡμῶν
1085 3334 1258 3422 ἅνθρωποι
1285 3332 1405 3398 δια-ιο

213 3457 391 3548 φθείρεται,
416 3459 484 3524 ἀλλ’
516 3460 534 3523 ὁ
561 3457 685 3525 ἔσωθεν
712 3459 941 3526 ἀνακαινοῦται
969 3461 1073 3551 ἡμέρᾳ
1101 3458 1154 3523 καί
1181 3459 1300 3548 ἡμέρᾳ.

207 3642 360 3748 Ἔξεστι
396 3645 442 3748 τῇ
484 3649 557 3722 τῶν
592 3645 830 3746 προκειμένων
865 3644 981 3751 ἐννοίᾳ
1020 3651 1249 3746 προσβαλεῖν
1288 3643 1352 3722 οῦκ

160 3763 349 3872 ἀκόμψως,
387 3764 505 3845 κοινῦν
539 3764 664 3868 ὥσπερ
706 3763 822 3847 ἅπασι
862 3774 934 3850 τοῖς
972 3768 1134 3859 εὐσεβεῖν
1169 3768 1355 3869 ᾑρημένοις

101 3890 354 3990 ο5προθέντος
376 3887 417 3968 τῦ
446 3893 580 3994 χρῆμα·
611 3900 633 3937 “
644 3890 876 3992 στρατεύεται
903 3887 1062 3992 μὲνγὰρ
1085 3891 1108 3990 ἡ
1135 3889 1238 3995 σὰρξ
1264 3886 1353 3967 κατὰ
1366 3921 1421 3971 ατο.
1434 3937 1457 3971 v.
1472 3929 1508 3983 ιη.

195 4115 222 4170 5.
241 4101 319 4154 ιιιιί
293 4123 332 4157 τις
345 4101 421 4155 Η.’
397 4123 435 4157 τις
446 4099 474 4155 Bt
488 4099 540 4155 Ed.
665 4098 723 4154 6.
711 4117 792 4168 ηοω.
806 4099 843 4153 Η.
897 4100 962 4170 δόξα
973 4096 1222 4167 τε-υπερκθσμιος]
1237 4097 1278 4151 καί
1290 4098 1356 4186 θοξα

159 4171 393 4296 ῦπερκόσμιοςσθω
346 4171 383 4225 H.
489 4185 514 4241 7.
534 4168 649 4262 καιροὺς]
659 4122 897 4262 ρετρὶῑῦτανέλθη
910 4169 1012 4237 Κριτής.
1037 4171 1060 4222 εί
1071 4171 1100 4222 δε
1112 4169 1182 4235 ίντῇ
1195 4169 1273 4234 σαρκὶ
1285 4167 1356 4258 ἡμῶν

158 4240 393 4312 φανερωθήσεσθαι
405 4240 629 4332 προσδοκῶμεν
602 4263 648 4309 την
659 4238 747 4308 Ἰησοῦ
764 4241 836 4310 ζωὴν,
847 4246 902 4298 πῶς
917 4261 983 4296 τινες
997 4242 1131 4330 τολμῶσιν
1142 4237 1260 4292 ‘lucin'
1232 4259 1278 4292 ουκ
1294 4237 1355 4292 ἀνα

158 4312 305 4376 βιώσεσθαι
318 4334 377 4370 τους
389 4333 507 4380 νεκρονς
526 4311 549 4365 εί
578 4311 594 4365 ὸ
594 4310 790 4402 ρόληθεῦουσι,
801 4312 857 4366 τίνα
873 4309 1072 4379 τρόπονὴτοῦ’
1075 4312 1154 4377 Ἰησοῦ
1171 4308 1221 4376 ζωὴ
1236 4310 1355 4377 φανερω-

160 4381 268 4450 θὴσεται
281 4383 458 4452 κατθκσιροῦς
471 4382 541 4450 ε’ντη
530 4332 632 4450 θνητη
646 4403 723 4451 σαρκι
735 4403 821 4450 ηραν
839 4381 1012 4436 indesinens
1026 4379 1063 4433 H.
1137 4395 1178 4448 13.
1199 4378 1356 4433 1οο.Τεθεί·

160 4453 401 4509 κασιντθςίαυτιῦν
413 4451 618 4524 ψυχαςοίθγιοι
624 4473 809 4543 μυστογμγοι,
822 4475 861 4506 ινα
875 4451 913 4507 H.
1036 4463 1076 4521 15.
1096 4395 1355 4532 ἀποκερῦιίνομενΗ.

160 4521 226 4590 ζωὴν
258 4523 344 4594 pergit
362 4522 520 4590 σεσόοσμεθα
532 4523 582 4592 γὰρ
594 4525 648 4579 τοῖς
663 4528 714 4577 τῶν
732 4522 811 4593 ἁγίων
822 4521 979 4577 ἀποστόλων
990 4519 1098 4590 ἵδρωσεν
1110 4520 1156 4587 (ita
1170 4519 1304 4588 desinens)
1320 4519 1356 4573 H.

161 4609 205 4649 το.
240 4593 316 4647 ιοΗ.
424 4609 467 4647 21.
486 4590 1224 4666 ἔξωθενΜαίαεεοθἔξωοοττίρίιίηιοτοτοεοθαῑίοιιοι.

720 4693 811 4760 τρο
