3284 5130
129 369 188 412 xx.
203 367 316 436 22‚23.
369 347 427 412 IN
453 345 763 412 SJOANNEM.
801 345 899 410 LIB.
914 345 995 412 XII.
1033 347 1136 413 CAP.
1152 346 1181 413 1.
1269 346 1333 410 139

132 512 261 611 λόγος,
290 512 335 619 ἐξ
364 515 482 592 αὐτῶν
513 547 558 592 σε
590 519 663 592 τῶν
696 517 796 614 ἱερῶν
828 509 1050 614 γραμμάτων
1081 509 1364 607 πιστιόσομαι,α

131 639 309 737 παραθεὶς
334 641 383 720 είς
407 636 588 744 ἀπόδειξιν
610 636 656 716 τὰ
683 644 756 720 τοῖς
781 641 1014 720 Μωυσαῖκοῖς
1038 635 1219 737 ἐγκείμενα
1243 640 1330 729 βιβ-

134 761 242 844 λίοις.
281 761 409 839 οὐκοῦν
426 760 567 840 ε’κέλευέ
588 794 676 840 ποτε
703 765 753 866 τῷ
778 756 961 865 πανσόφῳ
982 763 1129 863 Μωυσῇ
1155 759 1286 860 Κύριος
1315 759 1335 836 ό

136 881 233 965 Θεὸς
253 882 384 985 ἄνδρας
400 884 666 986 πρεσβυτέρους
688 886 724 962 εἰ(
749 887 811 982 τῆς
830 889 902 962 τῶν
919 881 1101 962 Ἰουδαίων
1119 885 1335 984 συναγωγῆς

101 1005 377 1112 5ε’πιλέξασθαι
418 1008 483 1087 τὸν
525 1006 676 1110 ἀριθμὸν
716 1005 972 1106 ἑβδομήκοντα,
1010 1001 1256 1108 ἐπηγγέλλετό
1297 1041 1335 1084 τε

136 1136 272 1233 σαφοῦς
303 1129 358 1210 ὅτι
386 1141 408 1178 “
422 1134 550 1235 ἀφελῶ
582 1130 653 1212 ἀπὸ
683 1140 748 1212 τοῦ
776 1130 977 1227 πνεύματος
1007 1137 1072 1209 τοῦ
1100 1131 1156 1210 ε’πὶ
1186 1131 1248 1208 σοὶ
1277 1131 1335 1207 καὶ
1381 1141 1460 1192 Num.
1469 1141 1504 1192 ¹³·

137 1265 160 1301 “
180 1253 343 1354 ἐπιθήσω
371 1257 524 1338 αύτοΐς.”
554 1263 611 1335 καὶ
640 1255 683 1354 δή
711 1254 949 1351 συνεκόμισεν
971 1255 991 1334 ὁ
1016 1256 1181 1350 Μωυσῆς
1208 1255 1265 1332 καὶ
1293 1250 1336 1330 τδ
1384 1217 1423 1272 η’

138 1385 237 1457 θεῖον
263 1377 422 1482 ἐπλήρου
449 1381 650 1476 θέσπισμα.
702 1380 766 1458 δύο
791 1375 903 1478 γεμήν
931 1380 1207 1480 ἀπελείφθησαν
1235 1374 1337 1474 μόνοι

139 1509 214 1581 τῶν
247 1504 510 1604 ἐντεταγμένων
538 1509 590 1611 τῷ
622 1507 760 1611 ἀριθμῷ
792 1509 865 1581 τῶν
898 1499 1144 1601 ἑβδομήκοντα
1175 1507 1338 1602 πρεσβυ·

91 1659 127 1700 ιο
140 1625 262 1729 τέρων,
281 1630 339 1706 καὶ
367 1628 558 1726 ἀπέμειναν
582 1631 620 1707 ἐν
644 1631 689 1734 τῇ
717 1631 916 1732 συναγωγῇ
933 1623 1073 1706 Ἐλδίιδ
1099 1628 1157 1704 καὶ
1182 1621 1371 1710 Μωδόδ.ᾱ

142 1746 218 1828 εἶτα
242 1750 285 1830 τὸ
310 1757 405 1831 θεῖον
425 1751 562 1832 ἅπασιν
580 1754 757 1836 ἐπιθέντος
782 1760 922 1848 πνεῦμα
947 1759 1011 1830 τοῦ
1035 1755 1131 1829 Θεοῦ
1156 1745 1247 1828 κατὰ
1271 1745 1337 1846 τήν

143 1873 211 1973 ἤδη
240 1880 408 1955 δοθεῖσαν
433 1874 645 1980 ὑπόσχεσιν,
663 1874 907 1980 προεφήτευον
930 1872 995 1972 μὲν
1016 1877 1237 1977 παραχρῆμα
1265 1882 1336 1948 λα·

143 1998 268 2091 βόντες
290 1998 355 2097 τήν
374 1996 488 2102 χάριν,
507 2005 540 2078 οἱ
565 1998 831 2104 συνενεχθέντες
857 1996 915 2078 διὰ
935 1995 1134 2080 Μωυσέως·
1173 1994 1336 2101 προεφή-

144 2155 246 2201 τευον
266 2121 304 2200 δὲ
330 2122 430 2203 οὐδὲν
448 2123 557 2224 ἧττον
578 2124 636 2202 καὶ
664 2129 697 2202 οί
721 2123 785 2202 δύο
809 2119 922 2202 πόλιν
941 2127 974 2201 οἱ
999 2124 1037 2200 ἐν
1055 2127 1100 2225 τῇ
1127 2124 1336 2224 συναγωγῇ,

96 2273 130 2333 ¹5
145 2245 356 2348 φθανούσης
385 2249 443 2326 καὶ
471 2249 523 2326 ἐπ’
554 2245 680 2331 αὐτοῦς
707 2251 771 2346 τῆς
799 2245 934 2325 ἄνωθεν
962 2242 1118 2350 χάριτος.
1166 2247 1224 2323 καὶ
1252 2252 1340 2343 γοῦν

143 2371 287 2470 Ἰησοῦς
312 2372 331 2450 ὁ
357 2371 576 2468 καλούμενος
600 2379 664 2450 τοῦ
690 2374 806 2469 Ναυῆ,
826 2373 973 2474 Μωυσῇ
998 2367 1249 2471 προσεδρεύων
1272 2369 1338 2461 ἀεὶ,

143 2497 203 2574 καὶ
231 2491 296 2592 τήν
318 2503 382 2574 τοῦ
410 2496 609 2598 μυστηρίου
632 2493 782 2592 δύναμιν
803 2492 987 2594 ἀγνοήσας
1014 2493 1246 2594 παραχρῆμα,
1268 2495 1371 2587 oin-0

144 2621 215 2702 θεὶς
245 2618 282 2698 δὲ
309 2619 363 2698 ὅτι
392 2618 483 2699 κατὰ
507 2618 664 2718 μίμησιν
683 2615 812 2697 Δαθοίν
833 2651 871 2696 τε
896 2618 954 2695 καὶ
972 2613 1149 2715 Ἀβειρίυν
1167 2616 1338 2715 ἀντιπρο-

145 2742 342 2849 φησεύουσι
370 2747 427 2822 καὶ
455 2743 552 2822 οὗτοι
579 2747 652 2825 τοῖς
684 2746 929 2845 συνενεχθεῖσι
957 2736 1016 2818 διὰ
1044 2736 1242 2832 Μωυσέως,
1271 2737 1341 2842 ἔφη

93 2865 236 2967 ιοπρδς
253 2867 361 2947 αὐτόν
381 2878 402 2914 “
414 2865 553 2947 Ἐλδᾶδ
571 2868 629 2945 καὶ
651 2864 792 2946 Μωδδδ
809 2861 1100 2971 προφητεύουσιν
1118 2864 1156 2940 ε’ν
1175 2865 1220 2964 τῇ
1242 2895 1337 2959 παρ·
1385 2892 1425 2942 lb.
1437 2904 1478 2954 η.

145 3002 167 3039 “
186 2995 338 3096 εμβολῇ,
357 2991 457 3095 κύριέ
469 3025 540 3091 μου
560 2993 706 3088 Μωυσῆ
732 2989 901 3069 κιύλυσον
918 2987 1079 3071 αύτούς.”
1110 2990 1167 3066 καὶ
1192 2985 1230 3065 τί
1251 2981 1342 3088 πρὸς
1387 3024 1425 3074 lb.
1439 3025 1477 3074 ις,

144 3113 259 3195 ταῦτά
277 3122 394 3219 φησιν
412 3118 432 3196 ὁ
450 3113 571 3220 σοφὸς
589 3113 699 3198 ὅντως
718 3117 844 3197 ἐκεῖνος
867 3116 926 3192 καὶ
950 3110 1077 3212 μέγας,
1096 3115 1160 3207 τῆς
1178 3111 1343 3208 δοθείσης

145 3239 264 3322 αὐτοῖς
295 3237 441 3344 χόριτος
471 3239 537 3337 τὴν
565 3237 740 3340 ένέργειαυ
765 3239 822 3317 καὶ
847 3235 914 3335 τήν
940 3245 1005 3315 τοῦ
1035 3232 1242 3332 Πνεύματος
1277 3233 1340 3311 δύ·

146 3397 251 3459 ναμιν
274 3363 457 3464 ἐννοήσας,
477 3366 525 3446 ὡς
554 3357 672 3464 σοφός
695 3371 717 3408 “
733 3361 800 3459 Μὴ
829 3360 948 3463 ζηλοῖς
975 3357 1026 3438 σῦ
1055 3358 1136 3455 ε’μοί
1145 3389 1157 3455 ;
1191 3357 1245 3440 τίς
1272 3354 1343 3458 γὰρ
1387 3391 1477 3455 1b.29.

94 3519 131 3578 ²5
146 3498 168 3534 “
187 3490 265 3588 δοίη
298 3494 349 3595 τῷ
386 3489 468 3595 λαῷ
507 3485 641 3586 Κυρίου
676 3484 878 3590 προφήτας,
917 3483 1004 3561 ὅταν
1041 3487 1091 3588 δῷ
1131 3481 1263 3584 Κύριος
1300 3479 1343 3559 τὸ

124 3622 168 3672 -“
189 3617 338 3709 Πνεῦμα
370 3613 479 3690 αὐτοῦ
510 3611 565 3689 ἐπ’
595 3606 722 3692 αύτούς
741 3607 774 3704 ·,”
816 3611 901 3714 ὁρᾷς
935 3605 1030 3694 ίντως
1063 3605 1344 3703 ἐπιλαμβάνεται

146 3743 219 3816 τῶν
234 3736 358 3834 Ἰησοῦ
379 3732 549 3837 ῥημάτων
566 3733 629 3812 οῦκ
652 3731 784 3816 εἰδότος
809 3731 852 3810 τὸ
876 3730 1155 3826 τετελεσμένους
1185 3729 1253 3809 εἴθε
1272 3729 1515 3830 γὰρυιιοιΔ.

146 3858 227 3954 εἴθε,
256 3864 382 3966 φησὶν,
411 3859 515 3957 ἐδόθη
543 3856 587 3937 τὸ
617 3863 765 3952 Πνεῦμα
792 3861 899 3935 παντὶ
928 3860 979 3960 τῷ
1007 3860 1099 3959 λαῷ,
1130 3853 1216 3931 ἀλλ’
1240 3850 1344 3930 ἔσται

144 3990 252 4062 τοῦτο
271 3982 362 4063 κατὰ
383 3980 535 4084 καιρούς,
554 3979 642 4060 ὅταν
660 3981 778 4062 αὐτοῖς
803 3980 822 4056 ὁ
848 3976 994 4058 πάντων
1013 3971 1218 4074 Δεσπότης,
1236 4007 1340 4053 τουτ-

88 4135 131 4192 30
145 4109 225 4188 ε’στι
251 4105 426 4211 Χριστὸς,
449 4104 491 4185 τὸ
519 4105 607 4184 ἴδιον
635 4105 752 4186 αύτοΐς
780 4102 972 4207 χαρίσηται
1002 4105 1162 4196 Πνεῦμα,
1185 4095 1344 4199 καθάπερ

144 4235 183 4312 ἐν
209 4234 355 4336 ἀπορχῇ
382 4237 455 4310 τῶν
483 4228 703 4335 ὀφειλόντων
730 4232 858 4322 λαβεῖν
883 4233 957 4308 τοῖς
985 4223 1098 4323 ἁγίοις
1125 4221 1344 4305 ἀποστόλοις

184 4529 211 4584 5.
229 4537 257 4569 τε
270 4533 323 4569 om.
337 4533 363 4586 p.
446 4529 486 4568 10.
506 4515 616 4568 ε’λδδΕ.
668 4511 752 4580 μαδόδ
765 4529 791 4582 p.
876 4528 917 4564 11.
936 4508 1121 4579 ι’πιθέοντοςρ.
1208 4515 1346 4574 11).va-

148 4588 210 4644 crios
224 4587 284 4657 ap.
392 4601 435 4638 το.
454 4586 537 4652 maa
550 4604 575 4656 p.
589 4584 688 4653 Μωδιμ
701 4583 774 4637 Aub.
882 4598 924 4654 ²9·
943 4585 1020 4636 τοῦτο
1033 4587 1200 4650 assumptum
1213 4596 1245 4632 ex
1260 4578 1320 4649 E.p.

723 4684 777 4730 Ἠ
