3278 5130
145 313 181 377 ii.
196 336 225 398 9.
393 313 445 379 IN
471 313 731 379 EPISTULAM
757 313 819 378 AD
848 314 1098 381 HEBRAEOS.
1278 319 1340 382 391

1384 433 1411 470 ιι
1439 419 1477 470 M.

146 481 245 556 Θεοῦ
272 475 381 582 φυ’ντι
408 476 530 585 Λόγῳ,
556 475 716 580 καθάπερ
747 478 849 558 αὐτοί
877 485 1003 584 φασιν,
1033 483 1053 560 ὁ
1083 483 1122 562 ἐκ
1149 485 1213 580 τῆς
1241 418 1370 584 ἀγίας[
1414 435 1431 482 ⁴
1492 420 1503 482 ]

145 599 326 702 παρθένου
355 601 618 703 γεγεννημένος.
658 607 735 684 πῶς
767 602 829 681 οὐν
857 600 950 687 Θεδς
981 606 1000 683 ὁ
1028 602 1199 707 Χριστὸς,
1229 610 1258 684 εί
1288 609 1346 684 καὶ

146 721 255 805 αὐτὸς
290 724 372 821 μεθ’
408 725 510 822 ήμῶν
544 725 691 830 ἠξίωται
736 723 878 824 μνήμης
919 729 983 823 τῆς
1019 725 1119 830 παρὰ
1156 733 1252 809 Θεοῦ
1288 732 1347 806 καὶ

146 846 295 948 γέγονεν
325 845 373 930 εἷς
397 853 470 926 τῶν
489 848 810 949 εὐεργετουμένων;
842 848 956 927 καίτοι
984 848 1163 953 πρόσιμεν
1189 853 1236 934 ὡς
1264 856 1347 958 Θεῷ

111 969 430 1074 5προσευχόμενοι
473 974 532 1050 καὶ
572 977 645 1050 τῶν
682 971 817 1051 ἀνωθεν
854 974 1000 1074 ἀγαθῶν
1041 973 1240 1073 αἰτούμενοι
1280 974 1347 1074 τὴν

147 1094 332 1196 χορηγίαν,
353 1097 401 1177 ὡς
427 1093 496 1200 ὅλη
520 1099 565 1199 τῇ
587 1094 701 1174 κτίσει
727 1095 935 1192 διανέμοντα
954 1101 1159 1198 θεοπρεπῶς
1177 1097 1223 1177 τά
1241 1098 1343 1196 αὐτή·

148 1250 258 1312 ματα.

184 1395 212 1442 4.
229 1378 359 1446 πρόσιμεν
371 1375 519 1432 emendavi·
542 1379 685 1447 πρόσειμεν
697 1376 766 1433 Cod.
921 1392 945 1448 7.
966 1377 1043 1437 Quae
1054 1387 1203 1451 sequuntur
1215 1379 1241 1432 in
1255 1379 1345 1435 codice

148 1446 206 1501 fon.
223 1461 283 1517 254,
296 1461 356 1516 25‚‚
375 1465 458 1519 quum
477 1447 505 1501 S.
519 1447 649 1518 Cyrillnm
665 1457 799 1502 auctorem
816 1447 911 1518 purtim
929 1449 1026 1504 habere
1044 1467 1099 1503 non
1118 1449 1265 1513 videantur,
1284 1469 1345 1521 par-

149 1517 200 1570 tim
218 1517 286 1571 forte
301 1517 337 1570 ha
387 1526 425 1580 nt,
438 1517 481 1572 hic
500 1518 635 1588 subjungo
651 1519 773 1589 Τεχνίτης
791 1519 876 1573 τοίνυν
892 1519 1040 1589 ὑπάρχωνδ
1058 1522 1164 1576 Παῦλος
1181 1523 1226 1590 τῆς
1244 1543 1344 1588 μυστα-

148 1588 248 1659 γωγίας
259 1588 293 1643 ὥς
310 1587 371 1656 ἔφη,
385 1588 487 1658 δέχεται
505 1589 552 1657 μέν
570 1587 629 1643 έσθΙ
643 1587 686 1643 ὅτε
704 1589 740 1645 εἶς
757 1587 866 1658 θεωρίαν
881 1590 1051 1658 πνευματικήν
1068 1590 1100 1644 τδ
1118 1589 1146 1644 έιι
1162 1592 1207 1659 τῆς
1224 1590 1345 1646 θεοπνεύ-

149 1679 217 1711 στου
239 1660 352 1728 γραφῆς·
377 1655 501 1728 χωρήσας
524 1659 554 1712 δέ
577 1659 641 1712 αατδ
663 1660 748 1726 μόνων
771 1665 822 1714 τῶν
845 1658 885 1712 ὅτι
908 1661 1023 1728 μάλιστα
1046 1663 1082 1732 τῷ
1104 1663 1176 1732 λόγῳ
1200 1661 1344 1732 χρησίμοιν,

149 1730 236 1796 σιωπᾷ
260 1729 293 1781 τά
317 1727 400 1798 ἕτερα,
423 1727 531 1797 πρέπειν
553 1729 617 1782 αὐτὸ
641 1731 743 1797 μάλλον
766 1728 870 1785 εἀείνοις
891 1729 964 1785 είδύς
987 1731 1047 1800 περὶ
1071 1731 1105 1784 διν
1129 1731 1170 1784 καί
1193 1731 1344 1802 γέγραπται,

147 1794 205 1851 οἶον
222 1797 289 1868 φέρε
308 1798 387 1852 εἰπεῖν
407 1799 459 1869 ἔφη
480 1819 531 1853 που
550 1799 674 1868 περὶτῆς
695 1803 763 1855 Εὐας
783 1800 824 1852 καὶ
844 1803 890 1853 τοῦ
901 1799 985 1870 Ἀδάμ
1005 1803 1035 1854 τδ
1050 1801 1110 1870 περὶ
1131 1802 1214 1856 αὐτῶν
1231 1823 1345 1873 γεγραμ-

149 1867 230 1935 μένον
241 1873 260 1897 “
270 1869 319 1921 Διά
330 1871 407 1922 τοῦτο
419 1869 572 1939 καταλείψει
584 1868 717 1938 ἅνθρωπος
728 1871 773 1924 τδν
784 1869 881 1937 ποτέρα
893 1871 971 1924 αὐτοῦ
987 1871 1028 1925 καὶ
1040 1872 1086 1941 τήν
1096 1871 1193 1960 μητέρα
1204 1872 1292 1934 αὐτοῦ,
1306 1869 1347 1926 καί

148 1937 411 2007 προσκολληθήσεται
423 1941 454 2006 τῇ
466 1939 565 2008 γυναικὶ
577 1939 714 2001 αὐτοῦ,καύ
727 1939 831 1994 ἔσονται
843 1941 867 1992 οὐ
880 1939 926 1994 δῦο
939 1941 975 1996 είς
986 1941 1070 2011 σάρκα
1082 1941 1158 2008 μίαν·’
1184 1943 1346 2012 προσεπάγει

147 2005 250 2064 τούτοις
261 2008 337 2063 αὐτός
349 2009 412 2062 “Ta
430 2007 572 2077 μυστήριον
583 2012 660 2063 τοῦτο
678 2008 745 2080 μέγα
764 2010 846 2064 ε’στίν·
865 2009 916 2081 ε’γδι
936 2010 964 2064 δέ
983 2010 1052 2081 λέγω
1069 2011 1105 2067 είς
1117 2014 1233 2082 Χριστδν
1250 2013 1291 2066 καὶ
1311 2013 1347 2067 είς

147 2077 197 2146 τὴν
209 2078 355 2145 ἐκκλησίαν,
367 2077 436 2146 πλήν
448 2079 489 2132 καὶ
500 2079 571 2145 ὑμεῖς
588 2080 612 2132 οἶ
628 2079 720 2134 καθένα
731 2080 777 2135 τάς
788 2081 883 2133 ἑαυτῶν
894 2083 1014 2151 γυναῖκας
1025 2081 1149 2151 ἀγαπᾶτε,
1162 2083 1195 2137 ὣς
1207 2083 1239 2134 τά
1251 2084 1347 2136 έουτιῦν

148 2146 283 2216 σώματα.”
307 2148 341 2201 ἀθ
358 2170 380 2202 ει
397 2148 427 2216 δή
445 2149 486 2201 καλ
503 2149 531 2202 έν
542 2146 649 2215 τούτοις,
661 2149 696 2205 ὣς
707 2149 755 2203 οὐκ
770 2148 893 2203 ἀπίθανον
903 2150 951 2220 μέν
961 2153 1006 2220 τῆς
1018 2151 1113 2207 είκόνος
1125 2152 1155 2205 τύ
1168 2155 1265 2222 σχῆμα,
1278 2153 1347 2221 πλήν

147 2217 256 2272 ἀνόσιον
276 2169 366 2286 κομιδή
387 2219 433 2285 τῆς
451 2217 535 2288 Ἀδάμ
555 2221 720 2288 παρατροπῆς
740 2219 772 2273 τά
794 2219 941 2289 έγκλήματα
960 2221 1099 2291 περιθεῖναι
1120 2226 1235 2294 Χριστῷ,
1258 2223 1303 2276 κάν
1324 2222 1347 2276 εί

147 2288 257 2358 γέγονεν
268 2287 361 2343 έκεῖνος
372 2287 586 2357 προανατύπωσις
597 2291 687 2378 ὥσπερ
700 2311 725 2343 τι
741 2291 783 2342 καί
797 2289 875 2358 μέρος
891 2292 935 2358 τής
948 2290 986 2344 ἐπ’
999 2292 1067 2363 αὐτῷ
1080 2291 1194 2360 θεωρίας·
1213 2291 1273 2345 ἀλλ’
1286 2293 1346 2347 οὐδέ

147 2359 233 2412 έκεῖνο
252 2354 322 2426 οἶμαι
343 2357 463 2428 σοφδνῆ
485 2359 525 2412 καὶ
544 2358 638 2426 ἀληθές
655 2362 743 2422 ειπεῖν,
756 2361 790 2415 ὥς
808 2357 914 2428 ήξίωται
933 2361 995 2414 κατά
1014 2364 1163 2431 πρόγνωσιν
1180 2361 1226 2429 τήν
1244 2363 1271 2416 έν
1290 2365 1347 2433 Θεῷ

149 2427 288 2496 νοουμένην
300 2428 442 2496 ε’πισκοπῆς
453 2450 482 2482 τε
496 2426 536 2499 [τε
549 2446 602 2482 οιιι.
617 2427 676 2500 Cn]
691 2430 732 2483 καὶ
744 2427 850 2522 μνήμης,
863 2432 877 2482 ἀ
890 2430 918 2483 εἰι
936 2433 980 2498 τῆς
992 2429 1066 2501 ἁγίας
1082 2431 1211 2500 παρθένου
1227 2454 1347 2502 γεγεννη·
1375 2487 1377 2494 ,

149 2496 227 2567 μένος
238 2497 371 2566 ἅνθρωπος
383 2498 475 2561 ὐδικῶς,
488 2499 552 2553 κατά
563 2521 593 2570 γε
606 2500 635 2552 τδ
650 2499 754 2556 ἐκείνοις
766 2521 793 2553 ευ
806 2501 875 2570 ἔχειν
886 2500 1080 2569 ὑπειλημμένον.

183 2567 243 2620 Ὀτι
254 2569 301 2636 μέν
311 2569 362 2639 γάρ
374 2568 541 2656 προέγνωστο
553 2571 588 2640 τῷ
603 2573 659 2641 θεῷ
678 2570 718 2622 καὶ
730 2570 815 2637 Ποτρὶ
831 2571 871 2623 καὶ
888 2570 939 2638 μήν
956 2571 997 2624 καὶ
1012 2572 1080 2643 αὐτῷ
1097 2574 1133 2643 τῷ
1148 2573 1201 2643 Υίῷ
1216 2574 1261 2639 τήν
1277 2571 1348 2625 ε’ναν-

149 2636 310 2706 θρωπήσεως
321 2639 351 2692 τδ
362 2660 512 2707 μυστήριον,
525 2639 681 2693 ένδοιάσειεν
693 2639 724 2693 δν
736 2640 828 2703 οὐδεὶς,
841 2640 882 2692 καὶ
899 2641 928 2707 έξ
946 2641 1025 2694 αὐτοῦ
1037 2644 1083 2694 τοῦ
1095 2641 1192 2697 είκάτος
1204 2643 1245 2694 καὶ
1258 2645 1303 2695 τοῦ
1315 2646 1347 2710 τῇ

149 2709 254 2776 θεάτητι
264 2706 408 2778 πρέποντος
418 2708 643 2778 ἀναπεπεισμένοι.
671 2709 696 2762 τί
711 2711 761 2779 γδρ
776 2710 891 2764 ἄποπτον
903 2711 984 2778 αὐτῇς
1003 2710 1030 2764 τί
1041 2712 1084 2764 δαὶ
1100 2717 1150 2765 τῶν
1161 2711 1291 2778 ἐσομένων
1303 2713 1348 2766 οὐκ

150 2775 211 2847 ᾔδει
227 2778 268 2832 καὶ
284 2779 345 2846 πρὶν
357 2778 392 2835 εἷς
407 2779 487 2849 πέρας
501 2777 627 2868 [έοπέρος
639 2777 698 2849 Cr.]
712 2779 813 2842 ε’λθεῖν;
832 2781 1009 2849 προσεμπεδοῖ
1020 2781 1048 2834 δέ
1061 2780 1125 2849 ήμῖις
1137 2784 1179 2836 καὶ
1194 2784 1209 2835 δ
1224 2783 1348 2852 μακάριος

149 2850 259 2903 Παῦλος
274 2849 337 2902 αὐτὸ
354 2851 430 2902 τοῦτο
448 2851 557 2920 γράφων
573 2872 601 2903 εν
616 2852 647 2918 τῇ
663 2851 728 2919 πρδς
739 2849 880 2919 Ἐφεσίους
890 2848 1046 2920 Ἐπιστολῇ,
1058 2852 1146 2922 κάντῇ
1165 2851 1239 2906 δευτέ
1282 2854 1349 2942 πρδς

149 2918 275 2986 Τιμόθεον
293 2918 395 2988 δμοίως,
412 2919 597 2989 προωρίσμεθα
608 2921 664 3007 γδρ
684 2919 756 2987 ἡμεῖς
777 2919 808 2973 διΙ
827 2920 907 2974 αὐτοῦ
926 2924 972 2975 τοῦ
990 2926 1106 2991 Χριστοῦ
1121 2923 1187 2993 πρὸς
1207 2873 1347 2977 υίάθεσιον·

149 2990 194 3042 καὶ
212 2988 317 3059 γέγονεν
338 2988 397 3058 ήμῖν
417 2992 589 3058 πρωτότοκος,
608 2987 639 3043 ιν’
658 2989 718 3058 ἡμῖν
737 2990 900 3059 ἀνθρωπίνως
925 2991 1104 3059 συντάττηται,
1124 2993 1206 3047 καίτοι
1230 2994 1295 3048 θεδς
1313 2993 1349 3047 δν

147 3057 241 3145 φήσειΙ
255 3059 296 3112 καί
313 3059 374 3115 Υίδς
393 3059 504 3127 ἀληθῶς.
528 3060 577 3130 οὐχ
597 3057 740 3129 εὑρήσομεν
758 3061 785 3114 δέ
804 3061 867 3114 κατὰ
884 3083 921 3132 πρ
989 3083 1033 3116 σιν
1050 3063 1184 3132 ἄνθρωπον
1195 3063 1272 3116 οὐτδν
1284 3064 1347 3116 εὐνο-

148 3127 564 3268 ιιιιιιιιιιιιι
579 3129 870 3268 mm
883 3130 1349 3274 ιιιιιιιιιιιιι

149 3268 232 3322 έκεῖνο
250 3269 278 3322 δέ
296 3271 398 3336 μᾶλλον
411 3269 604 3338 περινοήσωμεν
615 3271 738 3333 εὐσεβῶς·
759 3269 885 3340 ε’θελήσος
899 3273 977 3342 γάρὸ
992 3272 1019 3327 εἰε
1032 3277 1099 3327 θεοῦ
1111 3277 1195 3344 Λόγος
1207 3274 1234 3328 έν
1246 3274 1347 3344 εὐδοκία

150 3340 255 3408 Ποτρδς
272 3339 405 3408 ἅνθρωπος
422 3338 544 3408 γενέσθαι
562 3339 620 3394 καθ’
636 3340 709 3407 ἡμᾶς,
722 3347 740 3372 “
751 3339 820 3398 ὅπως
835 3343 870 3411 χά
888 3364 922 3396 ιτι
941 3346 1009 3396 θεοῦ
1027 3343 1091 3433 ῦπέρ
1106 3346 1206 3402 Ιπαντδς
1222 3344 1347 3415 γεῦσηται

148 3407 285 3475 θονάτου,“’
297 3407 363 3462 ἰ’διον
375 3408 516 3476 ἐποιήσατο
531 3415 606 3478 σῶμα
621 3413 652 3464 τδ
669 3413 723 3467 τοῖς
740 3411 850 3466 θανάτου
869 3363 974 3482 θεσμοῖς
992 3413 1162 3484 ῦποκειμενον,
1174 3413 1214 3469 ἵνα
1228 3415 1268 3468 κού
1281 3415 1346 3485 ὑπὲρ

149 3479 253 3536 πάντων
264 3479 301 3536 είς
312 3479 396 3548 ὀσμήν
408 3480 514 3536 εὐωδίας
525 3481 614 3534 έουτδν
626 3481 734 3543 ἀναθεὶς,
748 3481 790 3535 διδ
801 3484 847 3550 τῆς
859 3482 923 3538 ἰδίας
937 3485 1033 3553 σαρκδς
1044 3485 1192 3554 καταργήσῃ
1205 3486 1322 3538 θάνατον.

184 3549 254 3603 Φασὶ
269 3549 298 3602 δέ
314 3551 355 3602 καὶ
371 3553 448 3604 τοῦτο
465 3551 506 3604 καί
522 3551 693 3605 διατείνεσθαι
708 3551 904 3622 τεθαρρήκασιν,
917 3552 957 3607 ὅτι
970 3554 1001 3621 δή
1013 3555 1093 3608 πάλιν
1104 3557 1119 3608 ὁ
1131 3555 1159 3608 εἰι
1172 3559 1240 3608 Θεοῦ
1253 3557 1346 3625 Λόγος,

150 3616 183 3672 δι’
197 3617 227 3673 δν
238 3620 269 3673 τά
281 3619 364 3674 πάντα
376 3621 417 3674 καὶ
429 3618 460 3674 δι’
473 3619 504 3674 οὐ
515 3621 547 3674 τδ
558 3622 649 3687 πάντα,
661 3622 706 3675 τδν
717 3621 745 3675 έκ
757 3625 803 3691 τής
818 3621 892 3694 ἀγίος
908 3623 1037 3693 παρθένου
1053 3624 1236 3694 γεγεννημένον
1247 3626 1347 3693 ἀνθρω-

148 3709 200 3742 πον
219 3691 366 3743 τετελείωκε
387 3691 428 3744 διδ
448 3690 612 3759 παθημάτων,
632 3693 666 3747 ὧς
687 3694 732 3760 τῆς
753 3693 881 3760 σωτηρίας
901 3692 971 3761 ἡμῶν
991 3694 1115 3764 ἀρχηγόν·
1140 3695 1274 3766 ψευδοεπῆ
1295 3717 1346 3748 που

149 3759 251 3815 πάντως
271 3759 459 3829 ἀποφαίνοντες
478 3763 523 3814 τδν
543 3759 680 3832 προφήτην
701 3760 812 3832 λέγοντο
837 3768 856 3792 “
866 3763 903 3816 Οὐ
926 3763 1053 3834 πρέσβυς,
1072 3765 1117 3818 οὐκ
1140 3765 1261 3836 ἀγγελος,
1285 3763 1346 3818 ἀλλ’

149 3828 226 3885 αὐτὸς
238 3831 252 3882 ό
265 3829 359 3898 Χῦριος
370 3831 472 3885 ἔσωσεν
483 3829 598 3886 οὐτοῦς.”
622 3835 673 3885 ποῦ
690 3832 740 3902 γδρ
758 3833 796 3886 ἔτι
813 3832 931 3886 σέσωκεν
948 3833 1013 3902 ήμΐις
1029 3835 1105 3890 αὐτδς
1122 3836 1137 3887 δ
1154 3834 1256 3903 Χῦριος,
1273 3835 1296 3886 εὐ
1313 3833 1346 3887 δι’

149 3900 208 3955 ίνδς
224 3904 275 3954 τῶν
289 3899 350 3953 καθ’
363 3899 436 3968 ἡμὰς,
449 3901 491 3954 κού
509 3901 536 3955 έν
553 3901 689 3973 ὁμοδούλῳ
707 3902 882 3968 σεσάισμεθο;
901 3903 992 3958 ένιύσει
1013 3905 1060 3971 μέν
1079 3905 1130 3975 γδρ
1149 3907 1179 3972 τῇ
1203 3903 1263 3959 καθ’
1283 3903 1346 3958 ῦπό·

150 3991 247 4025 στασιν
266 3970 293 4024 έν
310 3973 415 4041 Χριστῷ
436 3971 467 4024 τδ
487 3970 644 4058 ἀνθριίπτινον
663 3993 693 4040 τη
716 3973 762 4040 τῆς
782 3972 894 4040 ἀληθοῦς
915 3975 1061 4042 κυριότητος
1082 3977 1256 4044 στεφανοῦται
1276 3977 1346 4042 τιμῇ.

149 4039 274 4108 καθήκετο
286 4042 337 4110 γάρ
350 4040 377 4094 έν
389 4043 419 4109 τῇ
432 4044 478 4095 τοῦ
495 4041 592 4096 δουλου
608 4043 709 4112 μορφή,
722 4042 803 4095 καίτοι
821 4043 885 4095 κατδ
902 4041 986 4111 φῦσιν
1003 4041 1139 4113 ε’λεῦθερος
1155 4045 1190 4098 δον
1206 4047 1221 4096 ά
1237 4044 1266 4097 εἰς
1279 4046 1347 4096 Θεοῦ

150 4113 243 4180 Λόγος,
262 4108 303 4163 ἵνα
324 4109 423 4179 δοξάση
444 4111 474 4164 τδ
495 4112 597 4178 δοῦλον,
617 4111 658 4165 καὶ
678 4113 723 4180 τῆς
744 4109 851 4180 ε’νοῦσης
872 4112 998 4184 εὐγενείας
1018 4115 1086 4184 αὐτῷ
1111 4115 1157 4182 τήν
1177 4115 1346 4181 λαμπρότητα

148 4178 297 4248 προξενήση
309 4183 340 4248 τῇ
352 4179 444 4250 φύσει.
469 4181 491 4234 εἶ
508 4181 536 4235 δέ
554 4180 585 4249 δή
600 4203 639 4237 τις
653 4180 798 4250 ἀποστήσει
815 4182 843 4235 έκ
855 4184 899 4250 τῆς
909 4184 975 4251 πρδς
987 4185 1053 4237 Θεὸν
1066 4185 1181 4238 ένάσεως
1193 4183 1305 4252 ἀληθοῦς
1316 4185 1347 4237 τδ

148 4250 317 4319 ἀνθρώπινον,
327 4249 422 4319 ἕψεται
432 4251 463 4320 δή
472 4253 572 4308 πάντως
581 4252 626 4304 οὐκ
636 4251 663 4307 έν
673 4256 810 4322 κυριότητι·
823 4253 918 4316 πάθεος
930 4252 990 4307 ἀλλ’
1005 4253 1031 4306 έν
1040 4257 1093 4310 τοῖς
1102 4256 1147 4323 τῆς
1155 4255 1272 4310 δουλείας
1284 4254 1347 4308 αὐτὸ

147 4320 320 4388 καταθήσεται
337 4321 450 4390 μέτροις.
474 4322 517 4375 ὅτε
535 4322 620 4376 τοίνυν
633 4326 749 4378 σέσωκεν
761 4321 826 4391 ήμᾶς
843 4324 919 4380 αὐτὸς
931 4326 945 4376 ὁ
959 4322 1052 4414 Χῦριος
1063 4325 1126 4378 κατδ
1138 4324 1183 4380 τάς
1194 4325 1307 4412 γραφάς,
1321 4324 1348 4378 τί

146 4393 329 4460 παραιτοῦνται
347 4392 391 4445 τδν
408 4394 543 4447 σεσωκάτα
559 4395 604 4459 τῆς
620 4391 660 4448 ὅτι
677 4394 792 4462 μάλιστα
809 4393 960 4462 πρεποῦσης
977 4395 1092 4451 ευκλείας
1107 4395 1191 4467 αὐτῷ;
1209 4395 1346 4450 παυσασθι

147 4460 303 4530 διορίζοντες
314 4465 360 4515 τοῦ
373 4463 459 4532 Λάγου
471 4463 501 4515 τδ
512 4461 680 4548 ἀνθρώπινον,
692 4459 732 4517 ἵνα
749 4465 784 4534 μή
796 4466 880 4519 κοινδν
891 4464 1026 4533 ἀνθρωπον
1036 4467 1141 4535 σωτῆρα
1157 4466 1198 4520 καὶ
1214 4466 1348 4535 λυτρωτὴν

146 4533 185 4604 τῷ
198 4531 249 4602 βίῳ
263 4529 326 4602 [τῦν
337 4531 403 4597 βίων
416 4529 475 4602 Cn]
490 4553 635 4602 κηρυττητε.
