3294 5150
171 389 223 432 xv.
239 386 280 436 20
296 389 362 454 sqq.
407 367 462 433 IN
487 367 553 432 ΕΡ.
576 367 604 432 Ι.
632 366 696 432 ΑΙ)
720 364 1015 432 CORINTHIOS.
1054 363 1141 431 LIB.
1157 364 1199 429 V.
1302 365 1366 432 303

1454 465 1493 516 M.

171 528 338 630 μάλιστα
365 532 504 635 πρέπον
531 531 627 639 αὐτῷ
649 537 722 612 τῶν
750 530 943 638 στεφάνων
967 532 988 611 ὁ
1013 529 1208 631 διανομεύς,
1230 530 1366 610 ἐποίσει
1388 466 1444 532 [⁷³
1505 465 1518 530 ]

170 653 209 733 δὲ
227 653 373 740 πάντως
390 663 464 740 τοῖς
483 658 731 749 δοσσεβοῦσιν
749 653 815 754 τὴν
833 655 1000 736 κόλασιν·
1033 653 1155 758 κρίτης
1173 653 1247 756 γάρ
1264 654 1367 734 ἐστιν

170 782 244 857 τῶν
264 777 362 858 ὅλων
379 781 428 864 ὡς
447 777 550 863 Θεάς.

1380 950 1423 1007 74
1437 950 1485 1008 M.

172 1041 248 1108 Νυνί
271 1043 308 1110 δὲ
326 1043 462 1133 Χριοτόο
484 1043 654 1132 ἐτάτερται
673 1043 710 1109 ἐκ
730 1040 865 1132 νεκρῶν,
884 1041 1014 1132 ἀπαρχὴ
1034 1041 1101 1109 τῶν
1121 1046 1365 1119 κεκοιμημένων
1381 1073 1419 1113 αο
1434 1073 1495 1132 sqq.

638 1181 768 1256 ἒτὲνετο
784 1185 893 1250 κ.τ.λ.

227 1369 379 1475 Δέχεται
408 1370 536 1452 λοιπὸν
558 1375 607 1455 ὡς
634 1369 922 1472 ὁμολογούμενον
949 1367 992 1449 τὸ
1020 1372 1148 1474 χρῆναι
1175 1366 1364 1464 πιστεύειν,

169 1497 218 1578 ὡς
241 1495 370 1588 ἀνεβίω
394 1493 460 1591 μὲν
477 1493 651 1598 Χριστὸς,
671 1497 729 1574 καὶ
751 1493 897 1596 γε’γονεν
914 1488 1056 1599 ἀπαρχῆ
1076 1492 1136 1573 τάν
1157 1490 1360 1598 κεκοιμημέ-

170 1653 237 1714 νων,
254 1623 396 1717 πρῶτος
413 1624 486 1698 τῶν
503 1621 561 1700 ε’πὶ
579 1622 643 1718 τῆς
661 1622 727 1719 γῆς
745 1615 913 1717 πατήσας
930 1614 994 1696 τάν
1013 1614 1176 1696 θάνατον·
1203 1612 1365 1717 καθάπερ

167 1737 293 1838 ἀμίλει
315 1742 373 1820 καὶ
390 1741 411 1820 ὁ
428 1741 626 1845 προπάτωρ
643 1739 764 1840 Ἀδάμ
785 1745 928 1844 πρῶτος
953 1745 1000 1823 εἷς
1025 1737 1133 1820 αὑτὸν
1151 1740 1362 1838 ἐμβέβακεν,

115 1901 154 1942 ιο
168 1865 228 1943 καὶ
254 1861 399 1965 γε’γονεν
417 1862 563 1970 ἀπαρχὴ
590 1871 663 1944 τῶν
681 1865 940 1962 ὧλισθρκότων
965 1869 1014 1948 είς
1042 1860 1196 1971 φθοράν·
1237 1862 1363 1969 ἕψεται

168 1985 207 2066 δὲ
235 1986 290 2066 ῦτι
317 1992 363 2092 τῇ
390 1997 455 2068 τοῦ
474 1993 640 2091 Σωτῆρος
661 1989 763 2088 ἡμῶν
780 1986 981 2068 ἀναστάσει
1003 1988 1062 2067 καὶ
1083 1986 1105 2085 ἡ
1130 1992 1202 2066 τῶν
1221 1991 1363 2088 νεκρῶν,

167 2109 391 2212 προσεπάγει
413 2111 531 2214 λέγων
548 2109 687 2219 ’Ὠσπερ
714 2110 784 2216 γάρ
809 2109 855 2192 ἀί
874 2110 1038 2218 ἀνθράπιν
1060 2108 1201 2196 θάνατος
1232 2117 1291 2191 καὶ
1318 2105 1362 2190 θι’
1376 2146 1428 2181 ver·
1441 2145 1480 2181 τι.

167 2233 335 2343 ἀνθρώπια
361 2233 552 2322 ἀνάστασις
578 2235 702 2340 νεκράν.
741 2235 841 2338 ἄθρει
860 2236 897 2317 δὲ
914 2236 1012 2320 ὅπως
1029 2232 1202 2334 τῆομετά
1228 2232 1365 2337 σαρκὸς

168 2360 368 2457 οἰκονομίας
396 2355 439 2438 τῦ
468 2355 667 2461 μυστήριον
699 2363 916 2462 θεοπρεποῦς
951 2357 1155 2456 ἀνάμεστον
1187 2357 1364 2462 εὐτεχνίας

111 2517 152 2580 15
167 2481 359 2586 ἀποφαίνει
374 2480 498 2562 πάλιν·
538 2480 608 2561 ἔδει
625 2481 698 2585 γάρ
715 2481 794 2579 ἔδει,
810 2483 935 2588 φησὶν,
947 2479 1138 2582 ἄνθρωπον
1157 2479 1247 2583 ὑπὲρ
1264 2480 1365 2579 ἡμῶν

167 2609 311 2703 νικῆσαι
336 2604 399 2683 τὸν
421 2604 588 2685 θάνατον·
619 2606 750 2704 ταύτης
769 2638 809 2684 τε
833 2605 934 2686 ἕνεκα
955 2608 1018 2702 τῆς
1041 2605 1154 2688 αίτίας
1173 2606 1193 2684 ὃ
1211 2606 1250 2684 ἐκ
1268 2609 1363 2683 Θεοῦ

166 2726 335 2831 πεφηνὸς
354 2727 446 2812 Θεὸς
465 2727 596 2829 Λόγος,
619 2729 682 2809 οῦκ
706 2727 873 2831 ἀγγέλων
894 2727 1102 2825 ἐπελάβετο,
1126 2727 1219 2808 καθά
1246 2734 1362 2834 φησιν
1374 2749 1443 2801 Heb-
1456 2749 1531 2811 1116,

167 2848 283 2947 αὐτὸς,
302 2850 403 2931 ἀλλά
420 2853 626 2952 σπέρματος
644 2850 816 2952 Ἀβραὰμ,
834 2851 892 2931 ἵνα
911 2850 1002 2931 κατὰ
1019 2850 1139 2933 πάντα
1156 2857 1230 2936 τοῖς
1249 2854 1359 2932 ἀδελ·
1377 2827 1414 2879 ¹⁷⁸

167 2979 251 3081 φοῖς
278 2977 445 3080 ῦμοιωθῇ·
484 2975 552 3055 ἔδει
580 2972 662 3079 γάρ,
691 2978 739 3059 ὡς
768 2976 870 3081 ἔφην,
889 2973 1147 3077 θεραπεύεσθαι
1175 2973 1216 3055 τὸ
1241 2975 1357 3082 ἠῤῥω·

108 3138 153 3178 αο
167 3096 313 3195 στηκὸς,
330 3101 528 3197 ἀναστῆναι
555 3097 597 3179 τὸ
624 3097 823 3182 πεπτωκός·
857 3099 924 3178 ἔδει
953 3101 1181 3197 καταθλῆσαι
1206 3096 1362 3180 θανάτου

167 3223 210 3302 δι’
231 3224 388 3324 ὑπακοῆς
413 3228 471 3304 καὶ
495 3224 720 3325 δικαιοσύνης
738 3222 781 3304 τὸ
799 3224 857 3304 ὑπ’
878 3225 973 3331 αὐτῷ
997 3221 1145 3326 γεγονὸς
1164 3220 1223 3303 διὰ
1239 3257 1357 3326 παρα-

165 3344 309 3443 βάσεως
336 3351 395 3428 καὶ
422 3348 607 3451 ἁμαρτίας·
646 3345 758 3453 ταύτῃ
786 3347 932 3450 γε’γονεν
953 3349 1142 3448 ἄνθρωπος
1170 3347 1233 3426 οὐκ
1262 3344 1360 3429 εἰδὼς

166 3471 342 3574 ἁμαρτίαν
369 3473 389 3552 ὁ
420 3469 630 3572 Μονογενὴς
656 3480 721 3551 τοῦ
749 3477 845 3551 θεοῦ
868 3469 1000 3573 Λόγος,
1029 3472 1072 3551 ἵν’
1092 3469 1218 3572 ὥσπερ
1245 3471 1283 3550 ἐν
1311 3474 1362 3577 τῷ

165 3593 275 3693 Ἀδὰμ
296 3595 426 3680 πάντες
450 3596 738 3695 κατακεκρίμεθα,
758 3599 821 3692 τῆς
839 3593 1030 3696 ἀνθρώπου
1048 3593 1194 3700 φύσεως
1218 3593 1357 3674 παθού-

108 3757 152 3819 ²5
166 3752 237 3818 σης
263 3716 327 3798 τάν
355 3718 520 3816 θάνατον,
549 3719 641 3798 οὕτω
669 3721 727 3798 καὶ
756 3718 995 3804 δικαιωθέντες
1022 3719 1060 3796 ἐν
1087 3722 1239 3823 Χριστῷ
1265 3751 1359 3796 σνν-

166 3841 424 3942 οποδνσόμεθα
441 3847 486 3948 τῇ
506 3841 660 3948 ἀραρτίρ
687 3839 751 3920 τὸν
778 3839 823 3946 ἐξ
841 3842 950 3940 αὐτῆς
974 3838 1162 3947 ἀναφύντα
1189 3836 1357 3920 θάνατον.

165 4103 304 4165 unumptn
314 4112 347 4149 ex
361 4094 388 4149 H
402 4095 448 4167 qui
467 4095 552 4166 pergit
566 4096 608 4150 καὶ
623 4094 776 4149 ἀπολάλασι
790 4093 857 4164 τάχσ
874 4113 925 4148 πον
942 4093 966 4146 εί
979 4092 1014 4161 μὴ
1031 4090 1171 4148 ἀθανασίας
1186 4090 1245 4146 ἐστὶ
1260 4089 1313 4158 πλίρ
1348 4114 1360 4148 ς

165 4165 241 4221 τῦν“
266 4165 429 4234 'orbanda
442 4167 465 4220 εί
479 4165 515 4232 μὴ
532 4166 715 4234 προσδοκῶσιν
733 4162 936 4232 συμβασιλεύειν
951 4164 1018 4234 αύτῷ
1038 4160 1306 4232 (τερθὶοαοοουρτα)
1351 4200 1361 4216 .

166 4236 193 4290 ⁶.
213 4235 248 4291 Sc
267 4235 338 4291 olion
358 4235 438 4290 breve
455 4235 560 4304 Ἐπειὸν)
578 4235 776 4306 ἀμολσγτρρίνως
794 4233 888 4296 ἀνεβίω
909 4236 924 4287 ἀ
943 4235 1056 4302 Χριστὸς
1074 4231 1115 4286 καὶ
1132 4231 1239 4302 γε’γονεν
1256 4231 1359 4320 ἀπαρχὴ

165 4310 218 4360 τάν
234 4327 286 4360 κεκ.
299 4311 401 4375 πρῶτος
417 4311 469 4361 τῶν
483 4305 526 4361 ε’πὶ
543 4309 590 4378 γῆς
601 4328 629 4360 π.
642 4307 688 4361 τὸν
699 4305 816 4360 θάνατον·
835 4304 929 4376 ἕψεται
945 4305 1046 4358 πάντας
1062 4305 1094 4370 τῇ
1112 4305 1159 4356 τοῦ
1171 4303 1288 4370 Σωτῆρος
1299 4323 1360 4354 ανα-

165 4377 260 4431 στάστι
272 4377 313 4429 καὶ
325 4375 341 4444 ἡ
353 4381 405 4431 τῶν
417 4381 510 4445 νεκρῶν
521 4377 628 4430 exhibet
641 4374 679 4430 Η.
952 4391 995 4444 23.
1012 4372 1053 4427 ἵνα
1065 4375 1099 4427 Α.
1152 4373 1241 4441 ὥσπερ
1253 4372 1305 4426 inc.
1321 4370 1358 4426 Η.

166 4461 210 4512 τι.
227 4444 362 4512 ποθούσης
376 4445 413 4501 Η.
424 4446 557 4514 πονούσης
570 4447 631 4514 (sie)
645 4447 668 4498 A
681 4447 756 4500 etita
773 4444 897 4499 exhibere
909 4443 1027 4499 oodicem
1042 4459 1122 4497 suum
1134 4450 1247 4497 testatur
1260 4441 1359 4497 Maius.

165 4529 210 4582 25.
228 4513 350 4587 θάνατον]
370 4515 480 4571 ὄλισθον
497 4517 539 4570 ou}
556 4519 686 4588 παρακοῆς
706 4515 744 4570 Η.
798 4515 830 4570 δι’
849 4515 961 4582 ὑπακοῆς
979 4531 1028 4584 pro
1045 4515 1086 4568 καὶ
1107 4511 1144 4568 Η.
1198 4512 1359 4568 σνναποάνά·

164 4586 231 4656 μεθα
244 4585 281 4641 H.
