3268 5130
146 361 201 426 vii.
217 377 266 448 15.
398 360 453 424 IN
478 358 738 424 EPISTOLAM
764 359 827 424 AD
855 359 1090 427 ROMANOS.
1282 363 1345 426 205
1378 460 1380 462 ρ

147 525 293 631 φύσεως
317 523 364 604 τὰ
387 523 486 624 πάθη
512 521 786 627 περιεργάζεται,
805 523 917 624 μόνον
935 523 974 604 δὲ
990 525 1069 629 οῦχῖ
1087 527 1146 606 καὶ
1165 525 1347 629 ἀνορύττω
1373 455 1505 532 [ποτε]

147 655 288 733 λεπτῶς
305 647 352 727 τὰ
373 654 420 732 είς
445 657 529 727 νοῦν
547 647 620 727 ἕσω
647 653 719 727 τῶν
736 645 1040 751 ἀρρωστημάτων,
1060 650 1118 727 καὶ
1145 653 1209 747 τῆς
1227 647 1342 755 ἐμφύ·

147 807 211 852 του
239 773 448 878 φιληδονίας
476 769 518 850 τῦ
545 777 655 870 σῶμα
682 770 868 876 γράφεται,
886 778 951 851 τοῦ
980 779 1174 856 νοσοῦντος
1201 773 1252 852 ἐτι
1281 771 1347 873 τὴν

148 897 393 1003 φιλοσαρκίαν
424 897 538 1001 ἑαυτῷ
569 891 610 974 τὸ
642 891 843 996 πρόσωπον
874 895 914 974 εὖ
944 895 1046 994 μα’λα
1075 895 1277 998 περιτιθείς.
1318 902 1347 976 εὶ

115 1018 220 1124 5γὰρ
239 1023 297 1099 καὶ
320 1018 542 1122 ἐσταύρωται
567 1017 632 1118 μὲν
650 1018 757 1103 αὐτὸς
773 1020 824 1127 τῷ
848 1015 985 1126 κόσμῳ,
1005 1022 1064 1099 καὶ
1080 1016 1154 1119 μὴν
1173 1021 1193 1098 ὁ
1212 1018 1347 1120 κόσμος
1361 1052 1460 1104 uulsi.
1471 1068 1508 1114 14.

149 1145 255 1253 αὐτῷ,
274 1146 333 1224 καὶ
356 1140 402 1243 ἦν
420 1141 643 1249 ἀξιιίγαοτος
668 1143 823 1242 ἀληθῶς,
844 1142 928 1221 ἀλλ’
948 1142 1069 1245 ἠγεῖτο
1092 1142 1216 1249 σοφὸν
1230 1142 1282 1244 μὴ
1300 1151 1348 1229 εὶς

150 1267 192 1348 τὸ
216 1275 343 1348 οἰκεῖον
360 1265 527 1372 χάρισμα
545 1264 705 1362 βλέπειν,
724 1264 825 1344 ἀλλὰ
847 1262 1004 1364 τὴντῶν
1022 1267 1122 1348 οίίπω
1148 1265 1349 1369 γεγονότων

150 1391 226 1473 κατ’
240 1390 349 1473 αὐτὸν
367 1390 555 1471 ἀσθένειαν
570 1386 741 1470 ὑπόθεσιν
754 1391 951 1492 ἀναγκαίαν
967 1397 1147 1471 ποιεῖσθαι
1165 1395 1217 1497 τῷ
1233 1389 1346 1499 λόγῳ.

150 1515 237 1596 ὅταν
255 1517 318 1595 οῦν
336 1513 494 1620 ἀκούσης
511 1509 744 1614 λε’γοντοςὋ
762 1511 832 1620 γῦιρ
854 1511 1111 1623 κατεργάζομαι
1131 1520 1166 1595 οῦ
1183 1515 1348 1617 γινοίσκω,

97 1637 258 1720 ιοέννόει
290 1636 390 1721 τινῦις
417 1643 489 1717 τῶν
520 1634 702 1739 ῦπεραίγαν
735 1637 959 1741 ἁμαρτωλῶν
991 1636 1179 1738 οἰομένους,
1204 1637 1259 1717 ότι
1286 1635 1350 1717 τὸν

150 1759 373 1864 πανάριστον
400 1765 546 1861 ἀληθῶς
573 1760 722 1863 διαζῶσι
749 1761 841 1857 βίον,
860 1764 918 1841 καὶ
946 1760 1001 1841 ὅτι
1029 1764 1093 1860 τῆς
1120 1764 1158 1840 ἐν
1181 1765 1271 1870 τῷδε
1298 1767 1350 1869 τῷ

151 1885 279 1994 κόσμιρ
305 1889 444 1991 τρυφῆς
471 1887 530 1964 καὶ
557 1883 738 1990 ἐξιτηλίας
765 1882 867 1964 οῦδὲν
892 1881 936 1964 ἂν
959 1884 1096 1986 γε’νοιτο
1121 1882 1164 1964 τὸ
1191 1889 1347 1965 ίσοστα·

150 2018 247 2090 τοῦν·
277 2008 610 2108 καταμυσιίττουται
628 2006 693 2108 μὲν
712 2006 782 2110 γὰρ
800 2011 865 2108 τῆς
884 2009 1065 2092 ἐπιεικείας
1085 2007 1166 2092 τοῦς
1185 2008 1348 2111 τρόπους,

151 2131 404 2236 ἐναβρύνονται
431 2131 468 2212 δέ
497 2135 554 2211 καὶ
583 2134 843 2212 ἐνσπατιιλῶσι
874 2133 957 2213 λίαν
986 2138 1063 2216 ταῖς
1093 2139 1203 2240 σφῶν
1233 2133 1350 2213 αὐτῶν

98 2282 139 2344 ι5
152 2257 302 2356 ἡδοναῖς·
332 2259 488 2360 καὶπερὶ
507 2255 623 2336 αὐτῶν
641 2252 744 2356 οἶμαί
757 2289 828 2337 που
847 2257 962 2362 φησὶν
981 2257 1001 2336 ὁ
1021 2262 1172 2341 Παῦλος
1200 2268 1221 2305 “
1235 2262 1285 2337 Οἱ
1304 2255 1350 2336 τὰ
1363 2285 1519 2352 mmm.

152 2391 175 2428 ‘⁶
193 2381 328 2482 ἐπίγεια
354 2386 578 2485 φρονοῦντες,
598 2375 649 2459 ῶν
667 2381 687 2458 ὃ
706 2375 786 2463 θεὸς
810 2379 833 2479 ἡ
858 2381 1064 2477 κοιλία,καῖ
1090 2381 1113 2479 ἡ
1136 2379 1227 2487 δόξα
1250 2384 1288 2460 ἐν
1305 2416 1350 2487 τη

152 2513 175 2551 “
193 2502 348 2610 αἰσχύνη
373 2504 521 2585 αῦτῶν.”
560 2504 656 2583 οῦτοι
680 2510 785 2608 φαῖεν
802 2501 846 2582 ἂν
870 2502 1011 2588 εἰκότως
1033 2501 1080 2589 ῶς
1104 2539 1140 2584 τι
1164 2512 1236 2583 τῶν
1255 2507 1349 2606 ἄγαν

152 2624 410 2726 ἐπαινουμένων
437 2634 658 2730 πληροῦντες
685 2627 727 2706 τὸ
756 2633 900 2732 φαῦλον
920 2624 971 2707 Ὃ
994 2626 1063 2735 γῦρ
1090 2627 1349 2738 κατεργάζομαι

155 2757 189 2832 οῦ
216 2753 386 2855 γιιοίσκω.
424 2750 551 2830 οῦκοῦν
569 2751 797 2831 ἀκουέτωσαυ
825 2761 847 2798 “
865 2751 1073 2860 Ἐκνήφατε
1101 2759 1133 2832 οἱ
1162 2753 1350 2850 μεθύοντες
1362 2781 1421 2831 Joel
1430 2779 1449 2830 i.
1460 2793 1484 2846 ς.

98 2903 140 2943 20
153 2885 176 2922 “
193 2875 239 2982 ἐξ
267 2874 363 2955 οἴνου
392 2875 544 2954 αῦτῶν·”
588 2872 697 2976 όνπερ
726 2872 799 2979 γὰρ
832 2873 966 2979 τρόπον
998 2882 1031 2956 οἱ
1063 2874 1265 2983 φιλοπόται
1292 2880 1350 2957 καὶ

153 3002 307 3084 κάτοινοι
334 3001 641 3105 παρακεκομμεῦοι
668 3007 720 3111 τῷ
747 3001 854 3082 πόθει
878 3006 942 3101 τῆς
963 3000 1118 3085 διανοίας
1136 2999 1178 3081 τῦ
1196 3000 1349 3106 ἀκριβὲς,

153 3127 218 3205 οῦκ
243 3122 289 3205 ἂν
305 3128 425 3204 εἰδεῖεν
443 3121 490 3203 τὰ
513 3125 625 3229 σφίσι
651 3124 815 3229 δρώμενα
840 3125 930 3205 κατὰ
948 3124 1011 3204 τὸν
1029 3134 1093 3205 τοῦ
1110 3124 1251 3223 μεθύειν
1268 3159 1345 3205 και·

152 3248 228 3352 ρῦν,
247 3251 359 3332 οὕτως
386 3251 420 3328 οἱ
447 3247 512 3346 την
536 3249 651 3353 φρέυα
679 3248 1014 3352 κατηρρωστηκότες
1042 3249 1350 3355 ε’κφιλοσαρκίας

153 3375 213 3454 καὶ
231 3380 304 3454 τῶν
322 3372 524 3478 αἰσχίστων
541 3372 688 3471 ἡδονῶν,
706 3371 787 3452 ούδέ
806 3371 826 3452 ὅ
843 3405 878 3451 τι
895 3371 982 3454 ποτέ
1001 3375 1137 3475 δρῶσιν
1155 3377 1274 3452 εἰδεῖεν
1292 3371 1347 3451 ἅν·

100 3523 141 3586 25
153 3495 298 3597 νόσημα
325 3495 369 3597 δὴ
391 3498 454 3576 οῦν
473 3494 664 3600 ἀνθρώπου
692 3495 837 3598 καρδίας
856 3497 876 3574 ὁ
896 3501 1044 3579 Παῦλος
1070 3496 1154 3594 ἡμῖν
1172 3495 1349 3601 ἐξηγεῖται

153 3621 273 3724 λέγων
293 3618 343 3700 Ὃ
371 3618 440 3729 γῦιρ
470 3621 728 3728 κατεργάζομαι
752 3625 786 3699 οῦ
808 3620 977 3722 γιιιύσκω·
1019 3624 1048 3698 εί
1076 3617 1114 3697 δέ
1144 3617 1189 3717 δή
1217 3652 1270 3702 τις
1297 3618 1350 3718 ε’ίη

153 3753 227 3829 τοῖς
253 3744 319 3842 μὲν
337 3741 490 3824 ἀπὸτοῦ
516 3743 721 3826 συνειδότος
747 3745 908 3848 ἐλέγχοις
934 3743 1206 3849 τρυφερωτέραν
1227 3740 1350 3845 ὥσπερ

154 3870 295 3976 ῦπέχωυ
319 3865 386 3967 τὴν
410 3868 537 3946 ἑαυτοῦ
564 3867 721 3970 καρδίαν,
742 3871 801 3946 καὶ
829 3866 1031 3971 ἀσχάλλων
1058 3865 1123 3964 μὲν
1145 3866 1199 3945 ότι
1226 3876 1349 3965 πλημ-

153 4001 265 4092 μελεῖ,
283 3991 382 4092 πλὴν
400 3991 451 4069 ἔτι
476 3988 798 4088 πλεονεκτούμενος
823 3996 899 4073 ταῖς
926 3996 972 4072 είς
999 3991 1175 4092 ἁμαρτίαν
1193 3989 1348 4088 ἡδοναῖς,

99 4155 143 4214 30
154 4119 213 4197 καὶ
240 4114 316 4196 οῖον
341 4111 554 4216 ἀβουλήτως
582 4112 645 4192 ίῶν
671 4111 763 4214 πρὸς
791 4109 834 4190 τὸ
857 4112 1077 4211 πλημμελές,
1106 4114 1196 4219 φαίη
1221 4110 1266 4191 ἂν
1293 4117 1344 4191 εί-

153 4465 160 4478 .
193 4409 217 4449 1.
234 4394 372 4476 μονονουχὶ
382 4392 411 4447 δι’
424 4393 459 4448 Α.
629 4409 655 4467 5.
674 4397 724 4466 μὴν
735 4413 788 4450 om.
801 4396 835 4449 Α.
1008 4407 1033 4465 7.
1052 4391 1105 4448 κατ’
1117 4393 1194 4447 οῦτδν
1205 4393 1349 4484 γεγονότων

152 4463 410 4554 ιονεεηοοτάιοελ.
580 4481 621 4520 ιε.
639 4464 742 4553 κόσμῳ]
756 4467 807 4539 βίῳ
819 4467 853 4521 Α.
1022 4461 1063 4519 16.
1082 4461 1159 4589 δόξορ
1177 4467 1302 4527 ψοοτῶν
1314 4462 1348 4517 Α.

156 4547 198 4607 ¹7·
216 4537 318 4592 ειειίτοις
330 4552 383 4590 om.
396 4533 431 4588 Α.
605 4554 646 4608 19.
663 4538 768 4610 οῦκονν]
786 4542 814 4601 4
829 4535 899 4592 οῦτοι
911 4536 945 4590 Α.
1123 4551 1138 4589 2
1159 4575 1166 4591 .
1183 4535 1235 4606 γὰρ
1247 4550 1301 4589 om.
1314 4532 1348 4588 A.

153 4623 199 4678 3ο.
217 4606 283 4676 φαίη
296 4605 330 4660 Α.
341 4606 422 4676 φαίην
437 4604 468 4660 Β.
482 4603 533 4661 Ed.
