3278 5130
134 333 201 419 i‚9.
376 333 429 398 IN
456 330 718 400 EPISTOLAM
747 331 811 398 AD
838 331 1091 412 HEBRAEOS.
1150 345 1151 350 ’
1265 335 1352 500 877[
1424 427 1487 494 Μ]

1367 441 1412 478 ιιο
1456 465 1462 478 .

135 494 252 593 μένον·
281 497 445 582 ύθλοςδέ
468 503 520 606 τῷ
538 499 631 578 οὕτω
651 503 843 601 φρονοῦντι
870 500 919 581 ὡς
947 495 1005 576 διὰ
1032 501 1184 576 πολλῶν
1202 497 1330 576 ἀποδέ-

135 623 269 699 δεικται
297 613 427 722 λόγων
465 620 508 700 ού
534 620 607 724 γὰρ
635 619 822 722 ἅνθρωπος
848 620 932 719 ἡμῖν
959 618 1130 720 ἐγεννήθη
1162 616 1329 718 κοινὸςῆ

134 745 201 840 τής
223 741 315 845 πρὸς
332 741 429 823 Θεδν
446 741 608 844 ἑνότητος
632 742 855 849 ἐφιλωμένος
872 743 930 822 ἵνα
948 775 1001 824 τις
1019 742 1119 843 λέγοι
1147 739 1239 821 κατὰ
1266 739 1331 838 τόν

134 866 277 945 ἐκείνων
296 864 408 970 λόγον
425 867 685 970 προεγνωκέναι
708 868 789 968 περὶ
814 866 922 945 αὐτοῦ
939 861 1003 944 τόν
1021 873 1094 943 τῶν
1119 863 1217 943 όλων
1235 862 1331 944 Θεδν

101 1015 120 1075 5
135 989 185 1071 ὡς
201 987 369 1090 ἠγάπησε
392 987 620 1090 δικαιοσύνην
638 991 695 1069 καὶ
714 989 888 1088 ἐμίσησεν
905 988 1056 1085 ἀνομίαν
1074 991 1122 1070 ὡς
1141 985 1213 1068 ἀπὸ
1231 987 1329 1089 γνοί-

133 1143 206 1208 μης
234 1112 323 1195 ἰδίας
349 1144 388 1192 τε
415 1115 474 1192 καὶ
495 1109 619 1212 μόνης·
659 1112 770 1191 καίτοι
789 1111 857 1210 τήν
876 1118 940 1190 τοῦ
965 1111 1178 1216 ψάλλοντος
1208 1109 1333 1215 φωνήν

134 1230 401 1336 ἐφαρμόσωμεν
428 1231 473 1314 ἀν
492 1232 633 1319 εἰκότως
657 1236 695 1315 ἐν
713 1235 916 1340 ἀνθρωπεία
933 1238 1057 1340 μορφή
1083 1232 1258 1339 πεφηνότι
1280 1239 1331 1341 τῷ

137 1355 348 1458 Μονογένει,
367 1358 425 1437 καὶ
445 1365 522 1442 ταῖς
540 1356 700 1438 Ἡσαΐου
725 1359 806 1460 περὶ
831 1359 940 1438 αὐτοῦ
955 1357 1188 1460 προφητείαις
1204 1355 1332 1460 ἶσχνὸν

135 1477 282 1563 ἐνιέντες
298 1479 362 1561 τὸν
380 1489 476 1561 νοῦν·
507 1482 577 1590 ἐφη
595 1481 667 1586 γὰρ
685 1477 753 1561 ὧδε
771 1491 792 1528 “
805 1479 899 1562 Ἰδοὺ
912 1482 935 1581 ή
948 1479 1124 1584 παρθένος
1142 1481 1180 1558 ἐν
1198 1482 1330 1583 γαστρὶ
1344 1506 1385 1557 ια
1397 1506 1440 1556 vii.
1455 1521 1500 1567 14-

80 1634 124 1676 10
138 1601 199 1680 “e'
236 1637 248 1682 ι
274 1606 332 1684 καὶ
359 1605 497 1711 τέξεται
525 1605 600 1686 υἱὸν
617 1608 675 1685 καὶ
699 1605 897 1686 καλέσουσι
923 1603 965 1684 τὸ
984 1603 1097 1702 ὄνομα
1115 1605 1223 1683 αὐτόῦ
1241 1604 1331 1700 Ἐμ-
1347 1571 1385 1622 ¹⁶'

138 1733 160 1773 ‘⁴
177 1725 351 1826 μαυουήλ·
384 1727 559 1830 βούτυρον
577 1731 635 1808 καὶ
653 1726 738 1826 μέλι
758 1729 911 1834 φάγεται
928 1732 1013 1830 πρὶν
1030 1725 1054 1827 ἢ
1072 1732 1206 1828 γνῶναι
1224 1723 1333 1806 αὐτόν

137 1846 201 1948 “ἢ
226 1851 444 1950 προελέσθαι
464 1849 604 1953 πονηρά
634 1849 814 1956 ἐκλέξεται
843 1848 885 1932 τό
910 1849 1058 1953 ἀγαθόν.
1099 1848 1188 1929 διότι
1206 1845 1332 1952 πρὶνή

138 1983 160 2020 “
177 1979 310 2075 γνῶναι
328 1971 371 2053 τὸ
387 1975 529 2054 παιδίον
542 1972 680 2074 ἀγαθὸν
698 1971 721 2074 ή
740 1971 860 2070 κακὸν,
874 1976 1015 2054 ἀπειθεῖ
1027 1971 1180 2078 πονηρίᾳ
1197 1980 1260 2051 τοῦ
1277 1973 1333 2051 ἐκ.

137 2105 161 2142 “
179 2095 358 2201 λέξασθαι
376 2096 419 2177 τὸ
435 2095 606 2199 ἀγαθόυ.”
636 2095 810 2196 ήγάπησέ
827 2130 865 2177 τε
885 2096 1113 2195 δικαιοσύνην
1132 2098 1191 2174 καὶ
1209 2096 1334 2195 ἐμίσηι,

81 2243 123 2302 ¹5
137 2252 206 2298 σεν
219 2218 357 2298 ἀδικίαν
375 2221 422 2303 ὡς
441 2218 650 2324 αὐτόχρημα
667 2218 837 2323 ὑπάρχων
855 2223 914 2298 καὶ
933 2219 1139 2317 δικαιοσύνη
1153 2218 1211 2296 καὶ
1225 2216 1331 2306 Θεός·

137 2343 238 2423 οὕτω
265 2340 337 2444 γὰρ
355 2341 437 2447 ἕχον
456 2345 504 2427 ὡς
522 2339 594 2422 ἀπό
611 2376 652 2444 γε
679 2350 743 2423 τοῦ
770 2349 893 2442 καιροῦ
920 2340 963 2420 τὸ
981 2341 1123 2422 παιδίον
1140 2337 1182 2420 τό
1210 2341 1334 2421 εἶδέναι

138 2462 205 2562 μέν
221 2463 263 2544 τὸ
281 2465 558 2571 κατεφεγμένυν,
577 2468 729 2546 ἐπαινεῖν
747 2463 784 2544 δέ
811 2462 852 2544 τὸ
876 2461 927 2563 μὴ
946 2465 1058 2547 οὕτως
1084 2462 1177 2567 ἕχον,
1195 2469 1272 2545 πῶς
1290 2461 1335 2541 ἀν

138 2587 313 2687 ήπείθησε
340 2588 492 2695 πονηρίᾳ
518 2596 583 2667 τοῦ
610 2588 828 2694 ἐκλέξασθαι
855 2584 898 2668 τό
926 2585 1086 2687 ἀγαθόν;
1118 2587 1202 2664 ἀλλ’
1222 2581 1267 2683 ἦν
1287 2588 1335 2668 ὦς

139 2709 234 2815 ἐφην
263 2711 355 2797 Θεὸς
382 2715 419 2792 ἐν
446 2715 556 2814 σαρκὶ
585 2717 657 2790 τῶν
689 2708 840 2790 ἐνόντων
867 2711 963 2817 αὐτῷ
996 2715 1162 2813 φυσικῶν
1189 2711 1336 2808 ἀγαθῶν

81 2859 126 2898 ²0
140 2833 212 2940 ἔξω
231 2835 404 2939 φέρεσθαι
423 2833 473 2933 μὴ
492 2832 693 2932 δυνάμενος.
727 2835 784 2911 καὶ
803 2834 866 2912 οὐκ
886 2835 1017 2914 ἐπαινῶ
1035 2831 1100 2931 μὲν
1118 2831 1138 2912 ό
1156 2831 1336 2930 βούλομαι

140 2955 270 3057 λέγειν,
293 2957 401 3062 ἐχέτω
423 2955 461 3036 δέ
489 2963 519 3037 εί
546 2961 644 3036 δοκεῖ
669 2954 760 3037 κατὰ
787 2953 851 3035 τὸν
878 2962 950 3036 τῶν
978 2953 1193 3055 ἐμπλήκτων
1221 2952 1336 3055 λόγον

140 3086 201 3160 καὶ
231 3081 323 3160 ἰδίαν
349 3079 477 3185 ἀρετήν
503 3081 523 3159 ὁ
552 3077 753 3178 καταμόνας
782 3081 827 3183 τῇ
860 3077 951 3158 κατὰ
982 3077 1182 3182 πρόσωπον
1211 3077 1337 3156 ἐνῶσει

139 3203 378 3304 τετιμημένος.
431 3202 532 3304 πλὴν
563 3206 671 3283 ἐκεῖνο
710 3199 891 3303 λεγόντων
923 3200 1097 3304 ἐρήσομαι
1126 3203 1194 3281 Ἐκ
1223 3202 1337 3281 ποίων

141 3326 215 3424 ἀρα
242 3327 528 3429 κατορθωμάτων
553 3335 725 3409 τοσοῦτος
751 3325 853 3405 ἕσται
881 3359 935 3409 τις
963 3325 1077 3404 καίτοι
1104 3322 1196 3404 κατὰ
1224 3324 1337 3431 φύσιν

84 3467 127 3530 ²5
143 3448 331 3553 ἅνθρωπος
350 3448 401 3529 ὧν
420 3453 466 3534 ὡς
485 3452 544 3530 καὶ
564 3449 681 3528 αύτῶν
699 3454 771 3528 τῶν
790 3448 892 3527 θείων
910 3448 1104 3554 ἀξιωθῆναι
1123 3446 1260 3550 θρόνων
1278 3451 1337 3528 καὶ

143 3575 377 3674 συνεδρεῦσαι
405 3572 471 3670 μέν
500 3577 551 3680 τῷ
582 3577 665 3678 Θεῷ
702 3574 762 3650 καὶ
796 3575 926 3672 Πατρὶ,
959 3571 1179 3672 χρηματίσαι
1212 3570 1250 3650 δέ
1279 3574 1336 3650 καὶ

146 3694 278 3798 Κύριος
296 3697 333 3774 ἐν
351 3693 421 3803 ’ίσιρ
435 3697 486 3803 τῷ
505 3693 597 3775 κατά
613 3693 738 3799 φύσιν,
752 3696 810 3773 καὶ
828 3693 1008 3794 ἀγγέλους
1026 3692 1091 3789 μὲν
1109 3693 1202 3798 ἐχειν
1219 3726 1337 3795 προσ-

144 3815 307 3917 κυνητάς,
324 3818 570 3918 λατρεύουσαν
589 3814 627 3894 δέ
649 3813 716 3914 τήν
732 3815 946 3915 σύμπασαν,
962 3816 1075 3895 καίτοι
1102 3821 1165 3913 τής
1192 3818 1338 3918 γραφῆς

144 3941 325 4042 λεγούσης
356 3952 378 3988 “
393 3938 527 4041 Κύριον
554 3938 619 4019 τὸν
644 3937 739 4018 Θεόν
769 3971 839 4017 σου
866 3937 1131 4040 προσκυνήσεις
1158 3942 1216 4017 καὶ
1242 3938 1337 4043 αὐτῷ
1350 3966 1469 4044 matth.

88 4093 130 4150 30
145 4073 167 4111 “
179 4060 278 4170 μόνιρ
300 4063 539 4166 λατρεύσεις,”
564 4064 621 4143 καὶ
645 4057 862 4166 πρόσφατον
880 4063 917 4140 ἐν
934 4061 1018 4160 ἡμῖν
1036 4061 1099 4140 οὐκ
1116 4059 1231 4160 ἐώσης
1249 4055 1336 4137 εἶναι
1349 4046 1426 4147 ἀλλ’,
1437 4049 1472 4147 ἶ,

143 4184 237 4268 θεόν.
278 4187 363 4265 ἀλλ’
383 4187 437 4266 ἐπ’
456 4185 565 4266 ἐκεῖνό
587 4218 657 4265 που
678 4183 773 4288 τάχα
792 4188 1006 4286 δραμοῦνται
1025 4182 1066 4262 τὸ
1084 4180 1238 4280 σύνηθες
1256 4184 1333 4262 ἐπι·
1351 4176 1390 4224 ¹³⁹

178 4433 225 4492 ¹15·
243 4418 291 4492 ὣς]
304 4421 383 4477 verba
397 4420 612 4478 ἆπειθιῑ-ἀδιιί-
630 4418 674 4474 hic
691 4419 789 4475 iterum
807 4419 914 4476 exhibet
926 4437 950 4474 c.
988 4415 1083 4472 Statim
1096 4416 1246 4486 αὐτόχρημα
1259 4433 1283 4470 c.
1295 4418 1338 4469 τό·

143 4513 233 4564 Χρημῦ
245 4493 307 4561 (Ιῑῦ)
321 4492 367 4547 Cr·
546 4507 588 4558 24.
609 4493 721 4546 τοσοῦτο
736 4490 782 4544 Cr.

189 4591 260 4637 τοι.
277 4591 329 4636 ιιι.
724 4592 742 4655 3
761 4591 778 4634 0
