<?xml version="1.0" encoding="UTF-8"?>
<!DOCTYPE html PUBLIC "-//W3C//DTD XHTML 1.0 Transitional//EN"
    "http://www.w3.org/TR/xhtml1/DTD/xhtml1-transitional.dtd">
<html xmlns="http://www.w3.org/1999/xhtml" xml:lang="en" lang="en">
 <head>
  <title>
</title>
<meta http-equiv="Content-Type" content="text/html;charset=utf-8" />
  <meta name='ocr-system' content='tesseract 3.04.00' />
  <meta name='ocr-capabilities' content='ocr_page ocr_carea ocr_par ocr_line ocrx_word'/>
</head>
<body>
  <div class='ocr_page' id='page_1' title='image "./sanctipatrisnos01pusegoog_0258.png"; bbox 0 0 3268 5130; ppageno 0'>
   <div class='ocr_carea' id='block_1_1' title="bbox 124 317 1482 488">
    <p class='ocr_par' dir='ltr' id='par_1_1' title="bbox 124 317 1482 488">
     <span class='ocr_line' id='line_1_1' title="bbox 124 317 1482 486; baseline 0 -105"><span class='ocrx_word' id='word_1_1' title='bbox 124 317 190 382; x_wconf 66' lang='lat' dir='ltr'><strong>xiv.</strong></span> <span class='ocrx_word' id='word_1_2' title='bbox 207 337 256 398; x_wconf 87' lang='lat'>14.</span> <span class='ocrx_word' id='word_1_3' title='bbox 378 318 431 382; x_wconf 83' lang='lat' dir='ltr'>IN</span> <span class='ocrx_word' id='word_1_4' title='bbox 457 317 716 383; x_wconf 73' lang='grc' dir='ltr'>οςιοσοοιοι</span> <span class='ocrx_word' id='word_1_5' title='bbox 742 317 806 384; x_wconf 81' lang='lat' dir='ltr'>An</span> <span class='ocrx_word' id='word_1_6' title='bbox 834 319 1068 385; x_wconf 77' lang='grc' dir='ltr'>οοΜΑπος.</span> <span class='ocrx_word' id='word_1_7' title='bbox 1260 319 1322 381; x_wconf 80' lang='lat'>245</span> <span class='ocrx_word' id='word_1_8' title='bbox 1469 419 1482 486; x_wconf 53' lang='lat' dir='ltr'>J</span> 
     </span>
     <span class='ocr_line' id='line_1_2' title="bbox 1351 421 1456 488; baseline -0.038 0"><span class='ocrx_word' id='word_1_9' title='bbox 1351 421 1456 488; x_wconf 75' lang='grc' dir='ltr'>ιον.</span> 
     </span>
    </p>
   </div>
   <div class='ocr_carea' id='block_1_2' title="bbox 72 530 1485 4260">
    <p class='ocr_par' dir='ltr' id='par_1_2' title="bbox 72 530 1485 4260">
     <span class='ocr_line' id='line_1_3' title="bbox 315 530 1480 625; baseline 0.005 -23"><span class='ocrx_word' id='word_1_10' title='bbox 315 530 398 602; x_wconf 86' lang='grc' dir='ltr'>Οἶδα</span> <span class='ocrx_word' id='word_1_11' title='bbox 426 537 480 603; x_wconf 83' lang='grc' dir='ltr'>καὶ</span> <span class='ocrx_word' id='word_1_12' title='bbox 506 537 681 614; x_wconf 70' lang='grc' dir='ltr'>πέπεισμαι</span> <span class='ocrx_word' id='word_1_13' title='bbox 706 537 742 602; x_wconf 78' lang='grc' dir='ltr'>ἐν</span> <span class='ocrx_word' id='word_1_14' title='bbox 771 536 877 625; x_wconf 82' lang='grc' dir='ltr'>Κυρίῳ</span> <span class='ocrx_word' id='word_1_15' title='bbox 898 538 1007 604; x_wconf 80' lang='grc' dir='ltr'>Ἰιιοοῦ</span> <span class='ocrx_word' id='word_1_16' title='bbox 1030 542 1138 607; x_wconf 83' lang='grc' dir='ltr'>κ.τ.λ.</span> <span class='ocrx_word' id='word_1_17' title='bbox 1340 537 1418 614; x_wconf 73' lang='grc' dir='ltr'>Κεφ·</span> <span class='ocrx_word' id='word_1_18' title='bbox 1434 531 1480 596; x_wconf 59' lang='grc' dir='ltr'>ιδ’·</span> 
     </span>
     <span class='ocr_line' id='line_1_4' title="bbox 1342 639 1377 692; baseline 0 0"><span class='ocrx_word' id='word_1_19' title='bbox 1342 639 1377 692; x_wconf 83' lang='lat'>14</span> 
     </span>
     <span class='ocr_line' id='line_1_5' title="bbox 185 703 1325 818; baseline -0.002 -28"><span class='ocrx_word' id='word_1_20' title='bbox 185 703 282 790; x_wconf 78' lang='grc' dir='ltr'>Οἶδα</span> <span class='ocrx_word' id='word_1_21' title='bbox 307 715 367 790; x_wconf 83' lang='grc' dir='ltr'>καί</span> <span class='ocrx_word' id='word_1_22' title='bbox 390 707 589 814; x_wconf 79' lang='grc' dir='ltr'>πέπεισμοιί</span> <span class='ocrx_word' id='word_1_23' title='bbox 611 714 728 816; x_wconf 87' lang='grc' dir='ltr'>φησιν</span> <span class='ocrx_word' id='word_1_24' title='bbox 750 710 780 790; x_wconf 74' lang='grc' dir='ltr'>ἓν</span> <span class='ocrx_word' id='word_1_25' title='bbox 802 709 904 818; x_wconf 79' lang='grc' dir='ltr'>Κυρίῳ</span> <span class='ocrx_word' id='word_1_26' title='bbox 921 712 1026 804; x_wconf 71' lang='grc' dir='ltr'>Ἰησοῦ</span> <span class='ocrx_word' id='word_1_27' title='bbox 1050 708 1098 792; x_wconf 86' lang='grc' dir='ltr'>’ότι</span> <span class='ocrx_word' id='word_1_28' title='bbox 1123 706 1208 791; x_wconf 72' lang='grc' dir='ltr'>οὐδέν</span> <span class='ocrx_word' id='word_1_29' title='bbox 1228 707 1325 790; x_wconf 84' lang='grc' dir='ltr'>κιινίν</span> 
     </span>
     <span class='ocr_line' id='line_1_6' title="bbox 128 827 1325 938; baseline -0.001 -26"><span class='ocrx_word' id='word_1_30' title='bbox 128 827 172 912; x_wconf 80' lang='grc' dir='ltr'>δι’</span> <span class='ocrx_word' id='word_1_31' title='bbox 204 831 331 922; x_wconf 71' lang='grc' dir='ltr'>ἑαυτοῦ,</span> <span class='ocrx_word' id='word_1_32' title='bbox 360 834 419 911; x_wconf 88' lang='grc' dir='ltr'>καί</span> <span class='ocrx_word' id='word_1_33' title='bbox 447 830 493 911; x_wconf 84' lang='grc' dir='ltr'>τά</span> <span class='ocrx_word' id='word_1_34' title='bbox 525 831 621 938; x_wconf 78' lang='grc' dir='ltr'>ἑξῆς.</span> <span class='ocrx_word' id='word_1_35' title='bbox 667 830 863 938; x_wconf 74' lang='grc' dir='ltr'>ἀξιόχρεως</span> <span class='ocrx_word' id='word_1_36' title='bbox 892 835 913 912; x_wconf 87' lang='grc' dir='ltr'>ό</span> <span class='ocrx_word' id='word_1_37' title='bbox 946 831 1081 937; x_wconf 83' lang='grc' dir='ltr'>μάρτυς</span> <span class='ocrx_word' id='word_1_38' title='bbox 1114 831 1238 914; x_wconf 82' lang='grc' dir='ltr'>εἰδέναι</span> <span class='ocrx_word' id='word_1_39' title='bbox 1265 833 1325 912; x_wconf 81' lang='grc' dir='ltr'>καὶ</span> 
     </span>
     <span class='ocr_line' id='line_1_7' title="bbox 126 954 1326 1066; baseline -0.001 -30"><span class='ocrx_word' id='word_1_40' title='bbox 126 958 319 1036; x_wconf 86' lang='grc' dir='ltr'>πεπεῖσθαι</span> <span class='ocrx_word' id='word_1_41' title='bbox 336 954 645 1059; x_wconf 83' lang='grc' dir='ltr'>δυσχνριζόμενος·</span> <span class='ocrx_word' id='word_1_42' title='bbox 673 955 897 1058; x_wconf 81' lang='grc' dir='ltr'>προσεπάγει</span> <span class='ocrx_word' id='word_1_43' title='bbox 916 954 955 1036; x_wconf 76' lang='grc' dir='ltr'>δὲ</span> <span class='ocrx_word' id='word_1_44' title='bbox 968 954 1011 1036; x_wconf 91' lang='grc' dir='ltr'>τό</span> <span class='ocrx_word' id='word_1_45' title='bbox 1024 961 1079 1038; x_wconf 86' lang='grc' dir='ltr'>Ἐν</span> <span class='ocrx_word' id='word_1_46' title='bbox 1099 958 1203 1066; x_wconf 78' lang='grc' dir='ltr'>Κυρίῳ</span> <span class='ocrx_word' id='word_1_47' title='bbox 1221 958 1326 1049; x_wconf 73' lang='grc' dir='ltr'>Ἰησοῦ</span> 
     </span>
     <span class='ocr_line' id='line_1_8' title="bbox 96 1074 1329 1182; baseline 0.001 -25"><span class='ocrx_word' id='word_1_48' title='bbox 96 1075 221 1179; x_wconf 82' lang='grc' dir='ltr'>5πρῦς</span> <span class='ocrx_word' id='word_1_49' title='bbox 247 1076 289 1156; x_wconf 85' lang='grc' dir='ltr'>τό</span> <span class='ocrx_word' id='word_1_50' title='bbox 317 1081 375 1156; x_wconf 87' lang='grc' dir='ltr'>καί</span> <span class='ocrx_word' id='word_1_51' title='bbox 400 1076 451 1157; x_wconf 80' lang='grc' dir='ltr'>ἔτι</span> <span class='ocrx_word' id='word_1_52' title='bbox 475 1074 640 1182; x_wconf 74' lang='grc' dir='ltr'>μειζόνως</span> <span class='ocrx_word' id='word_1_53' title='bbox 667 1081 909 1178; x_wconf 86' lang='grc' dir='ltr'>ε’μπεδοῦσθαι</span> <span class='ocrx_word' id='word_1_54' title='bbox 934 1075 977 1158; x_wconf 82' lang='grc' dir='ltr'>τό</span> <span class='ocrx_word' id='word_1_55' title='bbox 1004 1076 1147 1178; x_wconf 74' lang='grc' dir='ltr'>ἀληθὲς,</span> <span class='ocrx_word' id='word_1_56' title='bbox 1175 1079 1329 1159; x_wconf 82' lang='grc' dir='ltr'>έπεσθαί</span> 
     </span>
     <span class='ocr_line' id='line_1_9' title="bbox 127 1200 1323 1305; baseline 0.002 -27"><span class='ocrx_word' id='word_1_57' title='bbox 127 1234 168 1278; x_wconf 95' lang='grc' dir='ltr'>τε</span> <span class='ocrx_word' id='word_1_58' title='bbox 185 1207 261 1284; x_wconf 85' lang='grc' dir='ltr'>τοῖς</span> <span class='ocrx_word' id='word_1_59' title='bbox 278 1200 512 1304; x_wconf 77' lang='grc' dir='ltr'>ἀκροωμένοις</span> <span class='ocrx_word' id='word_1_60' title='bbox 534 1200 599 1302; x_wconf 84' lang='grc' dir='ltr'>τὴν</span> <span class='ocrx_word' id='word_1_61' title='bbox 616 1202 741 1283; x_wconf 91' lang='grc' dir='ltr'>πίστιν</span> <span class='ocrx_word' id='word_1_62' title='bbox 759 1202 972 1301; x_wconf 88' lang='grc' dir='ltr'>ε’νδοιασμοῦ</span> <span class='ocrx_word' id='word_1_63' title='bbox 996 1234 1092 1284; x_wconf 90' lang='grc' dir='ltr'>τινος</span> <span class='ocrx_word' id='word_1_64' title='bbox 1110 1200 1202 1305; x_wconf 89' lang='grc' dir='ltr'>δίχα·</span> <span class='ocrx_word' id='word_1_65' title='bbox 1243 1204 1323 1280; x_wconf 86' lang='grc' dir='ltr'>δια·</span> 
     </span>
     <span class='ocr_line' id='line_1_10' title="bbox 127 1321 1467 1428; baseline 0.001 -25"><span class='ocrx_word' id='word_1_66' title='bbox 127 1323 303 1425; x_wconf 77' lang='grc' dir='ltr'>μέμνηται</span> <span class='ocrx_word' id='word_1_67' title='bbox 330 1321 368 1403; x_wconf 78' lang='grc' dir='ltr'>δέ</span> <span class='ocrx_word' id='word_1_68' title='bbox 400 1321 543 1408; x_wconf 80' lang='grc' dir='ltr'>πόντιος</span> <span class='ocrx_word' id='word_1_69' title='bbox 572 1359 644 1406; x_wconf 88' lang='grc' dir='ltr'>που</span> <span class='ocrx_word' id='word_1_70' title='bbox 671 1323 848 1428; x_wconf 83' lang='grc' dir='ltr'>εἰρηκότος</span> <span class='ocrx_word' id='word_1_71' title='bbox 876 1333 940 1405; x_wconf 90' lang='grc' dir='ltr'>τοῦ</span> <span class='ocrx_word' id='word_1_72' title='bbox 967 1329 1132 1427; x_wconf 84' lang='grc' dir='ltr'>Χριστοῦ</span> <span class='ocrx_word' id='word_1_73' title='bbox 1159 1335 1181 1371; x_wconf 93' lang='lat'><strong>“</strong></span> <span class='ocrx_word' id='word_1_74' title='bbox 1196 1325 1255 1404; x_wconf 86' lang='grc' dir='ltr'>Οῦ</span> <span class='ocrx_word' id='word_1_75' title='bbox 1282 1323 1467 1404; x_wconf 57' lang='grc' dir='ltr'>τὸδΜιυυ.</span> 
     </span>
     <span class='ocr_line' id='line_1_11' title="bbox 127 1424 1429 1550; baseline 0.001 -24"><span class='ocrx_word' id='word_1_76' title='bbox 127 1457 151 1495; x_wconf 89' lang='grc'><strong>“</strong></span> <span class='ocrx_word' id='word_1_77' title='bbox 170 1445 464 1550; x_wconf 76' lang='grc' dir='ltr'>εἰσπορευόμενον</span> <span class='ocrx_word' id='word_1_78' title='bbox 491 1453 540 1532; x_wconf 91' lang='grc' dir='ltr'>εἰς</span> <span class='ocrx_word' id='word_1_79' title='bbox 567 1446 609 1528; x_wconf 84' lang='grc' dir='ltr'>τό</span> <span class='ocrx_word' id='word_1_80' title='bbox 636 1446 759 1545; x_wconf 85' lang='grc' dir='ltr'>στόμα</span> <span class='ocrx_word' id='word_1_81' title='bbox 786 1453 899 1528; x_wconf 83' lang='grc' dir='ltr'>κοινοῖ</span> <span class='ocrx_word' id='word_1_82' title='bbox 922 1445 987 1527; x_wconf 83' lang='grc' dir='ltr'>τὸν</span> <span class='ocrx_word' id='word_1_83' title='bbox 1008 1445 1230 1549; x_wconf 80' lang='grc' dir='ltr'>ἅνθρωπον·”</span> <span class='ocrx_word' id='word_1_84' title='bbox 1267 1449 1325 1527; x_wconf 80' lang='grc' dir='ltr'>καὶ</span> <span class='ocrx_word' id='word_1_85' title='bbox 1338 1424 1429 1462; x_wconf 71' lang='lat' dir='ltr'>mn.</span> 
     </span>
     <span class='ocr_line' id='line_1_12' title="bbox 128 1567 1429 1675; baseline 0.005 -25"><span class='ocrx_word' id='word_1_86' title='bbox 128 1569 185 1650; x_wconf 82' lang='grc' dir='ltr'>ὅτι</span> <span class='ocrx_word' id='word_1_87' title='bbox 201 1576 276 1650; x_wconf 80' lang='grc' dir='ltr'>πᾶν</span> <span class='ocrx_word' id='word_1_88' title='bbox 293 1569 429 1669; x_wconf 80' lang='grc' dir='ltr'>ἔδεσμα</span> <span class='ocrx_word' id='word_1_89' title='bbox 445 1576 557 1675; x_wconf 85' lang='grc' dir='ltr'>χωρεῖ</span> <span class='ocrx_word' id='word_1_90' title='bbox 570 1568 636 1670; x_wconf 82' lang='grc' dir='ltr'>μὲν</span> <span class='ocrx_word' id='word_1_91' title='bbox 652 1576 700 1655; x_wconf 90' lang='grc' dir='ltr'>εἰς</span> <span class='ocrx_word' id='word_1_92' title='bbox 717 1567 783 1670; x_wconf 80' lang='grc' dir='ltr'>τὴν</span> <span class='ocrx_word' id='word_1_93' title='bbox 801 1570 950 1670; x_wconf 85' lang='grc' dir='ltr'>κοιλίαν,</span> <span class='ocrx_word' id='word_1_94' title='bbox 969 1569 1182 1669; x_wconf 75' lang='grc' dir='ltr'>ἐκπέμπεται</span> <span class='ocrx_word' id='word_1_95' title='bbox 1206 1567 1244 1650; x_wconf 76' lang='grc' dir='ltr'>δέ</span> <span class='ocrx_word' id='word_1_96' title='bbox 1267 1572 1325 1651; x_wconf 89' lang='grc' dir='ltr'>καί</span> <span class='ocrx_word' id='word_1_97' title='bbox 1338 1603 1380 1655; x_wconf 85' lang='lat' dir='ltr'>lb.</span> <span class='ocrx_word' id='word_1_98' title='bbox 1390 1613 1429 1670; x_wconf 69' lang='grc' dir='ltr'>ιγ.</span> 
     </span>
     <span class='ocr_line' id='line_1_13' title="bbox 76 1692 1327 1801; baseline -0.002 -25"><span class='ocrx_word' id='word_1_99' title='bbox 76 1735 116 1776; x_wconf 86' lang='lat'>10</span> <span class='ocrx_word' id='word_1_100' title='bbox 128 1700 179 1778; x_wconf 90' lang='grc' dir='ltr'>εἰς</span> <span class='ocrx_word' id='word_1_101' title='bbox 196 1696 396 1798; x_wconf 80' lang='grc' dir='ltr'>ἀφεδρῶνα·</span> <span class='ocrx_word' id='word_1_102' title='bbox 425 1697 484 1773; x_wconf 87' lang='grc' dir='ltr'>καί</span> <span class='ocrx_word' id='word_1_103' title='bbox 502 1701 607 1774; x_wconf 83' lang='grc' dir='ltr'>τοῦτο</span> <span class='ocrx_word' id='word_1_104' title='bbox 625 1693 737 1801; x_wconf 85' lang='grc' dir='ltr'>φόσις</span> <span class='ocrx_word' id='word_1_105' title='bbox 753 1694 850 1800; x_wconf 72' lang='grc' dir='ltr'>αὐτῷ</span> <span class='ocrx_word' id='word_1_106' title='bbox 867 1697 926 1773; x_wconf 90' lang='grc' dir='ltr'>καί</span> <span class='ocrx_word' id='word_1_107' title='bbox 944 1692 1056 1798; x_wconf 81' lang='grc' dir='ltr'>χρεία.</span> <span class='ocrx_word' id='word_1_108' title='bbox 1090 1694 1217 1774; x_wconf 81' lang='grc' dir='ltr'>οὐκοῦν</span> <span class='ocrx_word' id='word_1_109' title='bbox 1236 1692 1327 1774; x_wconf 80' lang='grc' dir='ltr'>ὅσον</span> 
     </span>
     <span class='ocr_line' id='line_1_14' title="bbox 127 1811 1325 1924; baseline 0.003 -29"><span class='ocrx_word' id='word_1_110' title='bbox 127 1813 195 1916; x_wconf 76' lang='grc' dir='ltr'>μέν</span> <span class='ocrx_word' id='word_1_111' title='bbox 213 1815 297 1916; x_wconf 83' lang='grc' dir='ltr'>ἧκεν</span> <span class='ocrx_word' id='word_1_112' title='bbox 314 1821 363 1901; x_wconf 91' lang='grc' dir='ltr'>εἰς</span> <span class='ocrx_word' id='word_1_113' title='bbox 388 1817 479 1896; x_wconf 82' lang='grc' dir='ltr'>ἰδίαν</span> <span class='ocrx_word' id='word_1_114' title='bbox 498 1814 621 1924; x_wconf 79' lang='grc' dir='ltr'>φύσιν,</span> <span class='ocrx_word' id='word_1_115' title='bbox 642 1815 739 1898; x_wconf 81' lang='grc' dir='ltr'>κοινίν</span> <span class='ocrx_word' id='word_1_116' title='bbox 757 1811 780 1916; x_wconf 82' lang='grc' dir='ltr'>ἦ</span> <span class='ocrx_word' id='word_1_117' title='bbox 799 1818 961 1917; x_wconf 82' lang='grc' dir='ltr'>βέβηλον</span> <span class='ocrx_word' id='word_1_118' title='bbox 981 1813 1066 1899; x_wconf 82' lang='grc' dir='ltr'>οῦδίν</span> <span class='ocrx_word' id='word_1_119' title='bbox 1087 1824 1160 1898; x_wconf 88' lang='grc' dir='ltr'>τῶν</span> <span class='ocrx_word' id='word_1_120' title='bbox 1178 1817 1325 1898; x_wconf 88' lang='grc' dir='ltr'>τελοιίν·</span> 
     </span>
     <span class='ocr_line' id='line_1_15' title="bbox 126 1937 1469 2046; baseline 0.001 -28"><span class='ocrx_word' id='word_1_121' title='bbox 126 1972 204 2018; x_wconf 89' lang='grc' dir='ltr'>των</span> <span class='ocrx_word' id='word_1_122' title='bbox 221 1943 268 2022; x_wconf 91' lang='grc' dir='ltr'>εἰς</span> <span class='ocrx_word' id='word_1_123' title='bbox 293 1937 441 2046; x_wconf 85' lang='grc' dir='ltr'>τροφάς,</span> <span class='ocrx_word' id='word_1_124' title='bbox 461 1950 482 1986; x_wconf 93' lang='lat'><strong><em>“</em></strong></span> <span class='ocrx_word' id='word_1_125' title='bbox 497 1938 677 2044; x_wconf 79' lang='grc' dir='ltr'>ἁγιάζεται</span> <span class='ocrx_word' id='word_1_126' title='bbox 700 1938 772 2042; x_wconf 82' lang='grc' dir='ltr'>γὰρ</span> <span class='ocrx_word' id='word_1_127' title='bbox 790 1937 849 2019; x_wconf 80' lang='grc' dir='ltr'>διὰ</span> <span class='ocrx_word' id='word_1_128' title='bbox 872 1937 986 2042; x_wconf 86' lang='grc' dir='ltr'>λόγου</span> <span class='ocrx_word' id='word_1_129' title='bbox 1003 1946 1099 2021; x_wconf 91' lang='grc' dir='ltr'>Θεοῦ</span> <span class='ocrx_word' id='word_1_130' title='bbox 1126 1943 1185 2022; x_wconf 83' lang='grc' dir='ltr'>καὶ</span> <span class='ocrx_word' id='word_1_131' title='bbox 1212 1941 1326 2021; x_wconf 84' lang='grc' dir='ltr'>ε’ντεό-</span> <span class='ocrx_word' id='word_1_132' title='bbox 1342 1955 1469 2006; x_wconf 63' lang='lat' dir='ltr'><strong>smum.</strong></span> 
     </span>
     <span class='ocr_line' id='line_1_16' title="bbox 128 2033 1364 2168; baseline -0.002 -22"><span class='ocrx_word' id='word_1_133' title='bbox 128 2071 151 2109; x_wconf 90' lang='lat'>“</span> <span class='ocrx_word' id='word_1_134' title='bbox 171 2059 295 2168; x_wconf 77' lang='grc' dir='ltr'>ξεως·”</span> <span class='ocrx_word' id='word_1_135' title='bbox 329 2061 534 2162; x_wconf 84' lang='grc' dir='ltr'>μεμνήμεθα</span> <span class='ocrx_word' id='word_1_136' title='bbox 557 2060 595 2143; x_wconf 77' lang='grc' dir='ltr'>δέ</span> <span class='ocrx_word' id='word_1_137' title='bbox 613 2060 668 2142; x_wconf 87' lang='grc' dir='ltr'>ὅτι</span> <span class='ocrx_word' id='word_1_138' title='bbox 686 2064 745 2142; x_wconf 88' lang='grc' dir='ltr'>καί</span> <span class='ocrx_word' id='word_1_139' title='bbox 762 2062 853 2165; x_wconf 82' lang='grc' dir='ltr'>πρὸς</span> <span class='ocrx_word' id='word_1_140' title='bbox 870 2061 913 2142; x_wconf 86' lang='grc' dir='ltr'>τῦ</span> <span class='ocrx_word' id='word_1_141' title='bbox 931 2059 1019 2144; x_wconf 88' lang='grc' dir='ltr'>εἰναι</span> <span class='ocrx_word' id='word_1_142' title='bbox 1037 2061 1264 2166; x_wconf 79' lang='grc' dir='ltr'>παρενεγκίιν</span> <span class='ocrx_word' id='word_1_143' title='bbox 1280 2061 1327 2144; x_wconf 85' lang='grc' dir='ltr'>τῦ</span> <span class='ocrx_word' id='word_1_144' title='bbox 1339 2033 1364 2084; x_wconf 68' lang='lat'>⁵&#39;</span> 
     </span>
     <span class='ocr_line' id='line_1_17' title="bbox 126 2182 1484 2293; baseline -0.001 -28"><span class='ocrx_word' id='word_1_145' title='bbox 126 2186 250 2265; x_wconf 65' lang='grc' dir='ltr'>πάντα</span> <span class='ocrx_word' id='word_1_146' title='bbox 268 2184 370 2284; x_wconf 83' lang='grc' dir='ltr'>Θεὸς,</span> <span class='ocrx_word' id='word_1_147' title='bbox 395 2182 484 2264; x_wconf 90' lang='grc' dir='ltr'>εἰδεν</span> <span class='ocrx_word' id='word_1_148' title='bbox 506 2188 622 2293; x_wconf 85' lang='grc' dir='ltr'>φησίν</span> <span class='ocrx_word' id='word_1_149' title='bbox 650 2184 705 2265; x_wconf 81' lang='grc' dir='ltr'>ὅτι</span> <span class='ocrx_word' id='word_1_150' title='bbox 733 2195 755 2232; x_wconf 89' lang='grc'><strong>“</strong></span> <span class='ocrx_word' id='word_1_151' title='bbox 770 2183 867 2264; x_wconf 86' lang='grc' dir='ltr'>καλά</span> <span class='ocrx_word' id='word_1_152' title='bbox 893 2185 1008 2284; x_wconf 85' lang='grc' dir='ltr'>λίαν,”</span> <span class='ocrx_word' id='word_1_153' title='bbox 1040 2189 1098 2266; x_wconf 87' lang='grc' dir='ltr'>καί</span> <span class='ocrx_word' id='word_1_154' title='bbox 1126 2183 1327 2289; x_wconf 82' lang='grc' dir='ltr'>εὐλόγησεν</span> <span class='ocrx_word' id='word_1_155' title='bbox 1341 2211 1484 2276; x_wconf 54' lang='lat' dir='ltr'>Genu.</span> 
     </span>
     <span class='ocr_line' id='line_1_18' title="bbox 76 2305 1431 2410; baseline 0.002 -25"><span class='ocrx_word' id='word_1_156' title='bbox 76 2339 115 2400; x_wconf 84' lang='lat'>¹5</span> <span class='ocrx_word' id='word_1_157' title='bbox 128 2308 233 2389; x_wconf 81' lang='grc' dir='ltr'>αὐτό.</span> <span class='ocrx_word' id='word_1_158' title='bbox 271 2310 498 2392; x_wconf 73' lang='grc' dir='ltr'>ἐπαινοῦντος</span> <span class='ocrx_word' id='word_1_159' title='bbox 521 2306 635 2410; x_wconf 79' lang='grc' dir='ltr'>γεμὴν</span> <span class='ocrx_word' id='word_1_160' title='bbox 654 2312 751 2387; x_wconf 84' lang='grc' dir='ltr'>Θεοῦ</span> <span class='ocrx_word' id='word_1_161' title='bbox 775 2310 834 2388; x_wconf 84' lang='grc' dir='ltr'>καί</span> <span class='ocrx_word' id='word_1_162' title='bbox 858 2305 931 2408; x_wconf 84' lang='grc' dir='ltr'>μὴν</span> <span class='ocrx_word' id='word_1_163' title='bbox 950 2311 1009 2388; x_wconf 84' lang='grc' dir='ltr'>καὶ</span> <span class='ocrx_word' id='word_1_164' title='bbox 1033 2309 1431 2409; x_wconf 74' lang='grc' dir='ltr'>ἀπηυλογιρκότοςῐυ.τ8.</span> 
     </span>
     <span class='ocr_line' id='line_1_19' title="bbox 126 2429 1329 2538; baseline 0.001 -29"><span class='ocrx_word' id='word_1_165' title='bbox 126 2429 177 2510; x_wconf 79' lang='grc' dir='ltr'>τὰ</span> <span class='ocrx_word' id='word_1_166' title='bbox 200 2429 272 2510; x_wconf 82' lang='grc' dir='ltr'>’ίδια</span> <span class='ocrx_word' id='word_1_167' title='bbox 290 2431 480 2530; x_wconf 83' lang='grc' dir='ltr'>κτίσματα,</span> <span class='ocrx_word' id='word_1_168' title='bbox 497 2431 551 2515; x_wconf 88' lang='grc' dir='ltr'>τίς</span> <span class='ocrx_word' id='word_1_169' title='bbox 569 2433 590 2510; x_wconf 88' lang='grc' dir='ltr'>ό</span> <span class='ocrx_word' id='word_1_170' title='bbox 609 2429 720 2538; x_wconf 81' lang='grc' dir='ltr'>φάναι</span> <span class='ocrx_word' id='word_1_171' title='bbox 747 2436 894 2528; x_wconf 84' lang='grc' dir='ltr'>τολμῶν</span> <span class='ocrx_word' id='word_1_172' title='bbox 911 2438 1105 2530; x_wconf 85' lang='grc' dir='ltr'>μολυσμοῦ</span> <span class='ocrx_word' id='word_1_173' title='bbox 1129 2435 1187 2510; x_wconf 86' lang='grc' dir='ltr'>καί</span> <span class='ocrx_word' id='word_1_174' title='bbox 1214 2437 1329 2531; x_wconf 76' lang='grc' dir='ltr'>βεβη·</span> 
     </span>
     <span class='ocr_line' id='line_1_20' title="bbox 127 2551 1325 2661; baseline 0 -27"><span class='ocrx_word' id='word_1_175' title='bbox 127 2553 280 2640; x_wconf 85' lang='grc' dir='ltr'>λοίσεως</span> <span class='ocrx_word' id='word_1_176' title='bbox 296 2551 384 2634; x_wconf 87' lang='grc' dir='ltr'>εἰναι</span> <span class='ocrx_word' id='word_1_177' title='bbox 405 2552 573 2661; x_wconf 81' lang='grc' dir='ltr'>πρόξενα,</span> <span class='ocrx_word' id='word_1_178' title='bbox 591 2556 650 2634; x_wconf 84' lang='grc' dir='ltr'>καί</span> <span class='ocrx_word' id='word_1_179' title='bbox 671 2555 735 2634; x_wconf 86' lang='grc' dir='ltr'>οῦκ</span> <span class='ocrx_word' id='word_1_180' title='bbox 756 2555 864 2634; x_wconf 83' lang='grc' dir='ltr'>αὐτοῦ</span> <span class='ocrx_word' id='word_1_181' title='bbox 890 2552 1079 2653; x_wconf 86' lang='grc' dir='ltr'>ποιήσεται</span> <span class='ocrx_word' id='word_1_182' title='bbox 1107 2553 1173 2653; x_wconf 81' lang='grc' dir='ltr'>τὴν</span> <span class='ocrx_word' id='word_1_183' title='bbox 1191 2554 1325 2660; x_wconf 81' lang='grc' dir='ltr'>κατόῤ·</span> 
     </span>
     <span class='ocr_line' id='line_1_21' title="bbox 127 2675 1326 2783; baseline 0.002 -27"><span class='ocrx_word' id='word_1_184' title='bbox 127 2681 239 2783; x_wconf 84' lang='grc' dir='ltr'>ρησιν</span> <span class='ocrx_word' id='word_1_185' title='bbox 269 2685 333 2758; x_wconf 91' lang='grc' dir='ltr'>τοῦ</span> <span class='ocrx_word' id='word_1_186' title='bbox 367 2675 649 2780; x_wconf 88' lang='grc' dir='ltr'>παρενεγκόντος</span> <span class='ocrx_word' id='word_1_187' title='bbox 675 2681 724 2762; x_wconf 93' lang='grc' dir='ltr'>εἰς</span> <span class='ocrx_word' id='word_1_188' title='bbox 754 2676 932 2783; x_wconf 75' lang='grc' dir='ltr'>ῦπαρξινς</span> <span class='ocrx_word' id='word_1_189' title='bbox 973 2679 1100 2758; x_wconf 85' lang='grc' dir='ltr'>οὐκοῦν</span> <span class='ocrx_word' id='word_1_190' title='bbox 1132 2676 1229 2759; x_wconf 81' lang='grc' dir='ltr'>κιινίν</span> <span class='ocrx_word' id='word_1_191' title='bbox 1259 2675 1326 2777; x_wconf 76' lang='grc' dir='ltr'>μέν</span> 
     </span>
     <span class='ocr_line' id='line_1_22' title="bbox 128 2797 1327 2906; baseline 0.002 -25"><span class='ocrx_word' id='word_1_192' title='bbox 128 2802 176 2906; x_wconf 80' lang='grc' dir='ltr'>τῇ</span> <span class='ocrx_word' id='word_1_193' title='bbox 203 2799 314 2904; x_wconf 79' lang='grc' dir='ltr'>φύσει</span> <span class='ocrx_word' id='word_1_194' title='bbox 345 2806 418 2880; x_wconf 81' lang='grc' dir='ltr'>τῶν</span> <span class='ocrx_word' id='word_1_195' title='bbox 444 2799 690 2901; x_wconf 70' lang='grc' dir='ltr'>πεποιημένων</span> <span class='ocrx_word' id='word_1_196' title='bbox 717 2807 906 2884; x_wconf 81' lang='grc' dir='ltr'>παντελῶς</span> <span class='ocrx_word' id='word_1_197' title='bbox 939 2797 1035 2881; x_wconf 74' lang='grc' dir='ltr'>οὐδέν·</span> <span class='ocrx_word' id='word_1_198' title='bbox 1075 2806 1104 2880; x_wconf 94' lang='grc' dir='ltr'>εἰ</span> <span class='ocrx_word' id='word_1_199' title='bbox 1132 2800 1170 2881; x_wconf 75' lang='grc' dir='ltr'>δὲ</span> <span class='ocrx_word' id='word_1_200' title='bbox 1198 2797 1242 2899; x_wconf 86' lang='grc' dir='ltr'>δή</span> <span class='ocrx_word' id='word_1_201' title='bbox 1272 2833 1327 2884; x_wconf 90' lang='grc' dir='ltr'>τις</span> 
     </span>
     <span class='ocr_line' id='line_1_23' title="bbox 75 2919 1328 3023; baseline -0.001 -20"><span class='ocrx_word' id='word_1_202' title='bbox 75 2955 116 2995; x_wconf 83' lang='lat'>²0</span> <span class='ocrx_word' id='word_1_203' title='bbox 128 2923 239 3003; x_wconf 80' lang='grc' dir='ltr'>οἴοιτο</span> <span class='ocrx_word' id='word_1_204' title='bbox 273 2923 372 3005; x_wconf 82' lang='grc' dir='ltr'>κοινίι</span> <span class='ocrx_word' id='word_1_205' title='bbox 401 2919 492 3003; x_wconf 86' lang='grc' dir='ltr'>εἰναί</span> <span class='ocrx_word' id='word_1_206' title='bbox 521 2959 564 3021; x_wconf 88' lang='grc' dir='ltr'>τι,</span> <span class='ocrx_word' id='word_1_207' title='bbox 592 2924 796 3004; x_wconf 90' lang='grc' dir='ltr'>κεκοίνωται</span> <span class='ocrx_word' id='word_1_208' title='bbox 826 2921 885 3002; x_wconf 77' lang='grc' dir='ltr'>διὰ</span> <span class='ocrx_word' id='word_1_209' title='bbox 914 2932 1021 3003; x_wconf 91' lang='grc' dir='ltr'>τοῦτο</span> <span class='ocrx_word' id='word_1_210' title='bbox 1050 2927 1109 3004; x_wconf 84' lang='grc' dir='ltr'>καί</span> <span class='ocrx_word' id='word_1_211' title='bbox 1137 2921 1328 3023; x_wconf 88' lang='grc' dir='ltr'>νενόσηκεν</span> 
     </span>
     <span class='ocr_line' id='line_1_24' title="bbox 129 3043 1327 3152; baseline 0 -26"><span class='ocrx_word' id='word_1_212' title='bbox 129 3043 237 3129; x_wconf 84' lang='grc' dir='ltr'>αῦτῦς</span> <span class='ocrx_word' id='word_1_213' title='bbox 267 3049 315 3131; x_wconf 80' lang='grc' dir='ltr'>ὡς</span> <span class='ocrx_word' id='word_1_214' title='bbox 343 3047 382 3126; x_wconf 83' lang='grc' dir='ltr'>έν</span> <span class='ocrx_word' id='word_1_215' title='bbox 411 3047 482 3152; x_wconf 76' lang='grc' dir='ltr'>ἰδίᾳ</span> <span class='ocrx_word' id='word_1_216' title='bbox 504 3047 630 3152; x_wconf 81' lang='grc' dir='ltr'>γνοίμῃ</span> <span class='ocrx_word' id='word_1_217' title='bbox 659 3044 724 3147; x_wconf 81' lang='grc' dir='ltr'>τὴν</span> <span class='ocrx_word' id='word_1_218' title='bbox 751 3044 975 3146; x_wconf 81' lang='grc' dir='ltr'>βεβήλωσιν·</span> <span class='ocrx_word' id='word_1_219' title='bbox 1016 3047 1134 3128; x_wconf 71' lang='grc' dir='ltr'>πάντα</span> <span class='ocrx_word' id='word_1_220' title='bbox 1160 3047 1226 3145; x_wconf 71' lang='grc' dir='ltr'>μέν</span> <span class='ocrx_word' id='word_1_221' title='bbox 1256 3044 1327 3150; x_wconf 83' lang='grc' dir='ltr'>γάρ</span> 
     </span>
     <span class='ocr_line' id='line_1_25' title="bbox 128 3167 1327 3272; baseline 0.002 -24"><span class='ocrx_word' id='word_1_222' title='bbox 128 3167 279 3270; x_wconf 79' lang='grc' dir='ltr'>καθαρὰ,</span> <span class='ocrx_word' id='word_1_223' title='bbox 298 3175 411 3250; x_wconf 87' lang='grc' dir='ltr'>κοινοῖ</span> <span class='ocrx_word' id='word_1_224' title='bbox 432 3167 470 3249; x_wconf 78' lang='grc' dir='ltr'>δὲ</span> <span class='ocrx_word' id='word_1_225' title='bbox 496 3167 560 3249; x_wconf 84' lang='grc' dir='ltr'>τὸν</span> <span class='ocrx_word' id='word_1_226' title='bbox 578 3167 736 3249; x_wconf 75' lang='grc' dir='ltr'>ἄπιστον</span> <span class='ocrx_word' id='word_1_227' title='bbox 757 3170 780 3269; x_wconf 84' lang='grc' dir='ltr'><em>ἡ</em></span> <span class='ocrx_word' id='word_1_228' title='bbox 805 3171 867 3249; x_wconf 89' lang='grc' dir='ltr'>ε’πί</span> <span class='ocrx_word' id='word_1_229' title='bbox 888 3204 985 3250; x_wconf 88' lang='grc' dir='ltr'>τισιν</span> <span class='ocrx_word' id='word_1_230' title='bbox 1004 3171 1249 3272; x_wconf 84' lang='grc' dir='ltr'>όλιγοπιστία,</span> <span class='ocrx_word' id='word_1_231' title='bbox 1268 3174 1327 3250; x_wconf 86' lang='grc' dir='ltr'>καί</span> 
     </span>
     <span class='ocr_line' id='line_1_26' title="bbox 128 3288 1327 3396; baseline 0.004 -26"><span class='ocrx_word' id='word_1_232' title='bbox 128 3292 196 3371; x_wconf 85' lang='grc' dir='ltr'>οῦκ</span> <span class='ocrx_word' id='word_1_233' title='bbox 222 3292 318 3371; x_wconf 83' lang='grc' dir='ltr'>αῦτά</span> <span class='ocrx_word' id='word_1_234' title='bbox 340 3326 412 3373; x_wconf 87' lang='grc' dir='ltr'>που</span> <span class='ocrx_word' id='word_1_235' title='bbox 428 3289 574 3376; x_wconf 80' lang='grc' dir='ltr'>πόντος</span> <span class='ocrx_word' id='word_1_236' title='bbox 596 3289 620 3371; x_wconf 82' lang='grc' dir='ltr'>ἃ</span> <span class='ocrx_word' id='word_1_237' title='bbox 645 3291 823 3391; x_wconf 87' lang='grc' dir='ltr'>νενόμικεν</span> <span class='ocrx_word' id='word_1_238' title='bbox 840 3288 928 3373; x_wconf 90' lang='grc' dir='ltr'>εἰναι</span> <span class='ocrx_word' id='word_1_239' title='bbox 955 3291 1068 3373; x_wconf 88' lang='grc' dir='ltr'>κοινά.</span> <span class='ocrx_word' id='word_1_240' title='bbox 1102 3291 1227 3396; x_wconf 77' lang='grc' dir='ltr'>ὥσπερ</span> <span class='ocrx_word' id='word_1_241' title='bbox 1254 3293 1327 3396; x_wconf 75' lang='grc' dir='ltr'>γὰρ</span> 
     </span>
     <span class='ocr_line' id='line_1_27' title="bbox 127 3412 1327 3524; baseline 0.004 -32"><span class='ocrx_word' id='word_1_242' title='bbox 127 3419 203 3496; x_wconf 86' lang='grc' dir='ltr'>τοῖς</span> <span class='ocrx_word' id='word_1_243' title='bbox 226 3413 373 3498; x_wconf 88' lang='grc' dir='ltr'>τελείοις</span> <span class='ocrx_word' id='word_1_244' title='bbox 394 3412 458 3495; x_wconf 85' lang='grc' dir='ltr'>τόν</span> <span class='ocrx_word' id='word_1_245' title='bbox 476 3423 560 3496; x_wconf 93' lang='grc' dir='ltr'>νοῦν</span> <span class='ocrx_word' id='word_1_246' title='bbox 578 3414 666 3500; x_wconf 81' lang='grc' dir='ltr'>εἶςῦ</span> <span class='ocrx_word' id='word_1_247' title='bbox 690 3414 801 3519; x_wconf 81' lang='grc' dir='ltr'>φύσει</span> <span class='ocrx_word' id='word_1_248' title='bbox 820 3415 913 3499; x_wconf 85' lang='grc' dir='ltr'>Θεὸς</span> <span class='ocrx_word' id='word_1_249' title='bbox 938 3417 997 3495; x_wconf 83' lang='grc' dir='ltr'>καὶ</span> <span class='ocrx_word' id='word_1_250' title='bbox 1023 3417 1137 3501; x_wconf 81' lang='grc' dir='ltr'>οὐδεὶς</span> <span class='ocrx_word' id='word_1_251' title='bbox 1155 3418 1210 3497; x_wconf 77' lang='grc' dir='ltr'>ἐπ’</span> <span class='ocrx_word' id='word_1_252' title='bbox 1230 3418 1327 3524; x_wconf 73' lang='grc' dir='ltr'>αὐτῷ</span> 
     </span>
     <span class='ocr_line' id='line_1_28' title="bbox 74 3535 1485 3647; baseline 0.006 -35"><span class='ocrx_word' id='word_1_253' title='bbox 74 3551 115 3612; x_wconf 80' lang='lat'>²5</span> <span class='ocrx_word' id='word_1_254' title='bbox 128 3535 257 3639; x_wconf 82' lang='grc' dir='ltr'>ἔτερος,</span> <span class='ocrx_word' id='word_1_255' title='bbox 275 3537 361 3617; x_wconf 90' lang='grc' dir='ltr'>ἀλλ’</span> <span class='ocrx_word' id='word_1_256' title='bbox 380 3539 460 3617; x_wconf 77' lang='grc' dir='ltr'>οὔτε</span> <span class='ocrx_word' id='word_1_257' title='bbox 487 3535 635 3618; x_wconf 78' lang='grc' dir='ltr'>εἴδωλόν</span> <span class='ocrx_word' id='word_1_258' title='bbox 657 3571 691 3617; x_wconf 96' lang='grc' dir='ltr'>τι</span> <span class='ocrx_word' id='word_1_259' title='bbox 716 3539 816 3617; x_wconf 86' lang='grc' dir='ltr'>έστίν</span> <span class='ocrx_word' id='word_1_260' title='bbox 840 3540 877 3618; x_wconf 88' lang='grc' dir='ltr'>έν</span> <span class='ocrx_word' id='word_1_261' title='bbox 896 3537 1034 3647; x_wconf 80' lang='grc' dir='ltr'>κόσμῳ,</span> <span class='ocrx_word' id='word_1_262' title='bbox 1053 3538 1268 3642; x_wconf 89' lang='grc' dir='ltr'>λελόγισται</span> <span class='ocrx_word' id='word_1_263' title='bbox 1290 3539 1485 3620; x_wconf 65' lang='lat' dir='ltr'>32:00an</span> 
     </span>
     <span class='ocr_line' id='line_1_29' title="bbox 127 3629 1446 3763; baseline 0.005 -23"><span class='ocrx_word' id='word_1_264' title='bbox 127 3660 215 3762; x_wconf 87' lang='grc' dir='ltr'>παρ’</span> <span class='ocrx_word' id='word_1_265' title='bbox 235 3659 335 3740; x_wconf 75' lang='grc' dir='ltr'>οῦδὲν</span> <span class='ocrx_word' id='word_1_266' title='bbox 360 3663 419 3740; x_wconf 84' lang='grc' dir='ltr'>καί</span> <span class='ocrx_word' id='word_1_267' title='bbox 446 3661 488 3741; x_wconf 86' lang='grc' dir='ltr'>τὸ</span> <span class='ocrx_word' id='word_1_268' title='bbox 514 3658 760 3740; x_wconf 84' lang='grc' dir='ltr'>εἰδωλόθυτον·</span> <span class='ocrx_word' id='word_1_269' title='bbox 797 3661 817 3739; x_wconf 83' lang='grc' dir='ltr'><strong>ὁ</strong></span> <span class='ocrx_word' id='word_1_270' title='bbox 843 3659 915 3763; x_wconf 81' lang='grc' dir='ltr'>γὰρ</span> <span class='ocrx_word' id='word_1_271' title='bbox 942 3661 1091 3744; x_wconf 81' lang='grc' dir='ltr'>εἴδωλον</span> <span class='ocrx_word' id='word_1_272' title='bbox 1118 3663 1183 3742; x_wconf 87' lang='grc' dir='ltr'>οῦκ</span> <span class='ocrx_word' id='word_1_273' title='bbox 1210 3660 1323 3760; x_wconf 77' lang='grc' dir='ltr'>εἰδὼς,</span> <span class='ocrx_word' id='word_1_274' title='bbox 1339 3629 1384 3740; x_wconf 61' lang='grc' dir='ltr'>ίο</span> <span class='ocrx_word' id='word_1_275' title='bbox 1397 3683 1446 3746; x_wconf 69' lang='grc' dir='ltr'>Η.</span> 
     </span>
     <span class='ocr_line' id='line_1_30' title="bbox 128 3779 1328 3884; baseline 0.007 -21"><span class='ocrx_word' id='word_1_276' title='bbox 128 3788 210 3866; x_wconf 86' lang='grc' dir='ltr'>πῶς</span> <span class='ocrx_word' id='word_1_277' title='bbox 225 3779 272 3862; x_wconf 86' lang='grc' dir='ltr'>ἀν</span> <span class='ocrx_word' id='word_1_278' title='bbox 289 3785 394 3884; x_wconf 88' lang='grc' dir='ltr'>εἰδείη</span> <span class='ocrx_word' id='word_1_279' title='bbox 411 3780 454 3864; x_wconf 85' lang='grc' dir='ltr'>τῦ</span> <span class='ocrx_word' id='word_1_280' title='bbox 471 3781 707 3863; x_wconf 87' lang='grc' dir='ltr'>εἰδωλόθυτον</span> <span class='ocrx_word' id='word_1_281' title='bbox 721 3815 731 3878; x_wconf 90' lang='lat'>;</span> <span class='ocrx_word' id='word_1_282' title='bbox 756 3790 830 3866; x_wconf 84' lang='grc' dir='ltr'>τοῖς</span> <span class='ocrx_word' id='word_1_283' title='bbox 847 3782 961 3884; x_wconf 82' lang='grc' dir='ltr'>γεμὴν</span> <span class='ocrx_word' id='word_1_284' title='bbox 978 3784 1147 3883; x_wconf 76' lang='grc' dir='ltr'>οἰομένοις</span> <span class='ocrx_word' id='word_1_285' title='bbox 1165 3783 1328 3872; x_wconf 89' lang='grc' dir='ltr'>πολλοῦς</span> 
     </span>
     <span class='ocr_line' id='line_1_31' title="bbox 128 3899 1328 4004; baseline 0.003 -18"><span class='ocrx_word' id='word_1_286' title='bbox 128 3899 219 3986; x_wconf 85' lang='grc' dir='ltr'>εἰναι</span> <span class='ocrx_word' id='word_1_287' title='bbox 248 3904 358 4004; x_wconf 88' lang='grc' dir='ltr'>θεοῦς,</span> <span class='ocrx_word' id='word_1_288' title='bbox 388 3906 490 3986; x_wconf 80' lang='grc' dir='ltr'>ἔσται</span> <span class='ocrx_word' id='word_1_289' title='bbox 517 3941 552 3987; x_wconf 87' lang='grc' dir='ltr'>τι</span> <span class='ocrx_word' id='word_1_290' title='bbox 579 3905 722 3990; x_wconf 78' lang='grc' dir='ltr'>πάντως</span> <span class='ocrx_word' id='word_1_291' title='bbox 750 3909 808 3985; x_wconf 87' lang='grc' dir='ltr'>καί</span> <span class='ocrx_word' id='word_1_292' title='bbox 841 3905 1087 3988; x_wconf 79' lang='grc' dir='ltr'>εἰδωλόθιπον·</span> <span class='ocrx_word' id='word_1_293' title='bbox 1129 3911 1223 3988; x_wconf 75' lang='grc' dir='ltr'>οὗτοι</span> <span class='ocrx_word' id='word_1_294' title='bbox 1254 3915 1328 3992; x_wconf 87' lang='grc' dir='ltr'>τοῖς</span> 
     </span>
     <span class='ocr_line' id='line_1_32' title="bbox 128 4025 1328 4135; baseline -0.001 -25"><span class='ocrx_word' id='word_1_295' title='bbox 128 4027 412 4110; x_wconf 87' lang='grc' dir='ltr'>πεπιστευκόσιν</span> <span class='ocrx_word' id='word_1_296' title='bbox 430 4027 596 4129; x_wconf 80' lang='grc' dir='ltr'>ἀβέβηλά</span> <span class='ocrx_word' id='word_1_297' title='bbox 620 4063 657 4108; x_wconf 90' lang='grc' dir='ltr'>τε</span> <span class='ocrx_word' id='word_1_298' title='bbox 676 4025 763 4109; x_wconf 88' lang='grc' dir='ltr'>εἰναι</span> <span class='ocrx_word' id='word_1_299' title='bbox 781 4033 839 4108; x_wconf 85' lang='grc' dir='ltr'>καί</span> <span class='ocrx_word' id='word_1_300' title='bbox 864 4028 1004 4132; x_wconf 84' lang='grc' dir='ltr'>καθαρά</span> <span class='ocrx_word' id='word_1_301' title='bbox 1031 4028 1077 4110; x_wconf 85' lang='grc' dir='ltr'>τά</span> <span class='ocrx_word' id='word_1_302' title='bbox 1102 4029 1202 4135; x_wconf 76' lang='grc' dir='ltr'>παρὰ</span> <span class='ocrx_word' id='word_1_303' title='bbox 1222 4036 1328 4126; x_wconf 88' lang='grc' dir='ltr'>Θεοῦ,</span> 
     </span>
     <span class='ocr_line' id='line_1_33' title="bbox 72 4149 1328 4260; baseline -0.004 -22"><span class='ocrx_word' id='word_1_304' title='bbox 72 4180 117 4238; x_wconf 84' lang='lat'>30</span> <span class='ocrx_word' id='word_1_305' title='bbox 132 4150 252 4232; x_wconf 82' lang='grc' dir='ltr'>κοινὸν</span> <span class='ocrx_word' id='word_1_306' title='bbox 268 4149 335 4250; x_wconf 77' lang='grc' dir='ltr'>μὲν</span> <span class='ocrx_word' id='word_1_307' title='bbox 350 4155 395 4256; x_wconf 80' lang='grc' dir='ltr'>τῇ</span> <span class='ocrx_word' id='word_1_308' title='bbox 413 4151 523 4260; x_wconf 85' lang='grc' dir='ltr'>φύσει</span> <span class='ocrx_word' id='word_1_309' title='bbox 540 4159 728 4235; x_wconf 75' lang='grc' dir='ltr'>παντελοῦς</span> <span class='ocrx_word' id='word_1_310' title='bbox 744 4152 855 4232; x_wconf 80' lang='grc' dir='ltr'>οὐδέν·</span> <span class='ocrx_word' id='word_1_311' title='bbox 884 4155 1015 4232; x_wconf 85' lang='grc' dir='ltr'>ἀνεῖται</span> <span class='ocrx_word' id='word_1_312' title='bbox 1040 4151 1078 4232; x_wconf 79' lang='grc' dir='ltr'>δέ</span> <span class='ocrx_word' id='word_1_313' title='bbox 1104 4151 1250 4238; x_wconf 82' lang='grc' dir='ltr'>πόντιος</span> <span class='ocrx_word' id='word_1_314' title='bbox 1273 4153 1328 4234; x_wconf 79' lang='grc' dir='ltr'>ἐπ’</span> 
     </span>
    </p>
   </div>
   <div class='ocr_carea' id='block_1_3' title="bbox 132 4392 1330 4608">
    <p class='ocr_par' dir='ltr' id='par_1_3' title="bbox 132 4392 1330 4608">
     <span class='ocr_line' id='line_1_34' title="bbox 170 4392 1330 4468; baseline 0.002 -18"><span class='ocrx_word' id='word_1_315' title='bbox 170 4409 197 4464; x_wconf 79' lang='lat'>3.</span> <span class='ocrx_word' id='word_1_316' title='bbox 217 4392 632 4466; x_wconf 73' lang='grc' dir='ltr'>Ῑασ.’ΔξιόχρεοςμίνοῦνόΑ.</span> <span class='ocrx_word' id='word_1_317' title='bbox 737 4409 762 4464; x_wconf 82' lang='lat'>7.</span> <span class='ocrx_word' id='word_1_318' title='bbox 779 4400 892 4450; x_wconf 81' lang='grc' dir='ltr'>τοῦοῐο.</span> <span class='ocrx_word' id='word_1_319' title='bbox 904 4397 938 4450; x_wconf 79' lang='grc' dir='ltr'>Α.</span> <span class='ocrx_word' id='word_1_320' title='bbox 1057 4395 1330 4468; x_wconf 70' lang='grc' dir='ltr'>ι5.μι)νι1ε.]δὴΑ.</span> 
     </span>
     <span class='ocr_line' id='line_1_35' title="bbox 132 4463 1329 4541; baseline 0.005 -25"><span class='ocrx_word' id='word_1_321' title='bbox 132 4463 183 4531; x_wconf 79' lang='grc' dir='ltr'>ηῦλ</span> <span class='ocrx_word' id='word_1_322' title='bbox 236 4466 353 4523; x_wconf 60' lang='lat' dir='ltr'>mm.</span> <span class='ocrx_word' id='word_1_323' title='bbox 367 4464 706 4539; x_wconf 72' lang='grc' dir='ltr'>ε’πηυλογηκόεοεοιοουάαι</span> <span class='ocrx_word' id='word_1_324' title='bbox 719 4465 799 4536; x_wconf 72' lang='lat' dir='ltr'>(forte</span> <span class='ocrx_word' id='word_1_325' title='bbox 810 4465 975 4537; x_wconf 67' lang='lat' dir='ltr'><strong>haudmale)</strong></span> <span class='ocrx_word' id='word_1_326' title='bbox 990 4465 1093 4538; x_wconf 73' lang='lat' dir='ltr'><strong>Migne.</strong></span> <span class='ocrx_word' id='word_1_327' title='bbox 1206 4483 1247 4541; x_wconf 79' lang='lat'>17.</span> <span class='ocrx_word' id='word_1_328' title='bbox 1265 4471 1329 4539; x_wconf 81' lang='grc' dir='ltr'>πρό·</span> 
     </span>
     <span class='ocr_line' id='line_1_36' title="bbox 134 4485 882 4608; baseline 0.004 -20"><span class='ocrx_word' id='word_1_329' title='bbox 134 4485 250 4606; x_wconf 58' lang='lat' dir='ltr'>&amp;rma</span> <span class='ocrx_word' id='word_1_330' title='bbox 261 4537 387 4606; x_wconf 73' lang='grc' dir='ltr'>πρόξενον</span> <span class='ocrx_word' id='word_1_331' title='bbox 399 4537 432 4592; x_wconf 83' lang='grc' dir='ltr'>Α.</span> <span class='ocrx_word' id='word_1_332' title='bbox 577 4537 618 4592; x_wconf 84' lang='lat'>18.</span> <span class='ocrx_word' id='word_1_333' title='bbox 637 4539 836 4608; x_wconf 82' lang='grc' dir='ltr'>προενεγκόντος</span> <span class='ocrx_word' id='word_1_334' title='bbox 848 4537 882 4591; x_wconf 84' lang='grc' dir='ltr'>Α.</span> 
     </span>
    </p>
   </div>
   <div class='ocr_carea' id='block_1_4' title="bbox 0 0 1646 5130">
    <p class='ocr_par' dir='ltr' id='par_1_4' title="bbox 0 0 1646 5130">
     <span class='ocr_line' id='line_1_37' title="bbox 0 0 1646 5130; baseline 0 0"><span class='ocrx_word' id='word_1_335' title='bbox 0 0 1646 5130; x_wconf 95' lang='lat' dir='ltr'> </span> 
     </span>
    </p>
   </div>
  </div>
 </body>
</html>
