3268 5130
132 339 264 426 ffisssss·
385 343 439 408 IN
464 343 725 410 υνιςςουΑΜ
749 345 813 410 AD
840 344 1074 410 ROMANOS.
1265 339 1327 406 1⁷7

130 499 300 605 spiam?
336 513 510 588 καταθλεῖ
528 507 601 612 γὰρ
619 509 701 590 ἔσθ’
720 509 779 591 ὅτε
796 515 860 607 Τῆς
883 508 1074 612 ἀνθρώπου
1099 509 1252 591 διανοίας
1278 509 1326 590 ὡς
1360 445 1473 516 [m]

131 628 287 732 ἁμαρτία
305 628 347 711 τὸ
365 637 509 738 ψεῦδος,
527 637 585 714 καὶ
608 633 749 738 δέχεταί
768 668 845 718 πως
863 634 885 733 ἡ
904 633 1015 738 φύσις
1033 635 1091 713 καί
1109 640 1174 713 τοῦ
1191 635 1327 712 τοιοῦδε

131 748 198 851 τὴν
215 752 337 834 νόσον·
371 756 428 835 ἐπί
447 755 491 835 δέ
504 790 548 858 γε
566 764 630 836 τοῦ
647 753 794 837 πάντων
810 765 1024 861 κρατοῦντος
1042 762 1149 855 θεοῦ,
1166 753 1327 835 τοιοῦτόν

132 909 167 954 τι
195 883 286 957 νοεῖν
308 875 331 979 ἢ
353 877 472 980 λε’γειν
490 880 532 959 ού
556 880 665 979 θέμις.
703 881 832 962 οὐκοῦν
858 880 901 962 τό
928 914 971 982 γε
998 880 1174 961 δύνασθαι
1201 884 1328 961 παθεῖν

96 1029 116 1090 5
132 997 174 1079 τὸ
193 1003 327 1106 ψεῦδος
349 999 417 1101 τὴν
439 1003 629 1107 άνθριύπου
654 1004 779 1110 φύσιν,
796 1002 909 1106 ἤγουν
927 1003 993 1103 τὴν
1011 1002 1178 1101 διάνοιαν,
1195 999 1327 1104 άληθές

131 1121 235 1203 ἔσται
252 1121 294 1204 τὸ
312 1123 556 1228 κατηγόρημα·
584 1129 677 1207 οὕτω
694 1161 765 1208 που
783 1130 878 1236 φησὶ
896 1130 954 1208 καί
971 1129 991 1207 ὁ
1009 1127 1180 1230 μακάριος
1194 1126 1328 1207 Δαυείδ

131 1257 154 1294 “
172 1244 273 1349 Ἐγὼ
294 1244 377 1329 εἶπα
398 1253 436 1328 ἐν
453 1284 499 1356 τη
522 1248 693 1330 ἐκστάσει
719 1285 788 1348 μου
808 1255 888 1334 Πᾶς
913 1250 1101 1354 ἅνθρωπος
1127 1247 1480 1355 ⁸{tet5‹r·r219·'’l'wtm·

131 1368 276 1455 ὁαύτός
298 1371 328 1451 δ
350 1370 394 1452 διν
410 1373 550 1475 γίνοιτο
573 1371 683 1478 λόγος
709 1374 795 1477 περί
815 1408 854 1454 τε
874 1381 971 1454 θεοῦ
995 1377 1053 1454 καί
1071 1373 1172 1473 ἡμῶν
1190 1376 1249 1454 καὶ
1268 1374 1326 1452 ἐπὶ

131 1499 204 1572 τῶν
232 1493 359 1575 ἄλλων
384 1496 564 1579 ἁπάντων·
604 1496 679 1577 οἶον
705 1500 762 1578 ἐπὶ
791 1502 855 1598 τῆς
877 1498 1114 1617 δικαιοσύνηςρ
1136 1497 1227 1604 φαίη
1254 1493 1326 1598 γὰρ

75 1652 117 1694 ιο
131 1616 177 1696 άν
203 1651 257 1702 τις
284 1622 342 1699 καὶ
370 1620 433 1702 οῦκ
461 1621 531 1729 ἔξω
559 1620 672 1723 λόγου
701 1618 839 1704 Γιιέσθω
867 1621 998 1705 δίκαιος
1023 1630 1038 1703 ὁ
1062 1623 1158 1718 Θείς,
1186 1621 1261 1705 πῖις
1290 1612 1326 1699 δέ

130 1738 295 1850 άνθρνυτος
315 1743 444 1829 άδικος.

256 1981 291 2050 Εί
319 1984 355 2051 δὲ
382 1987 401 2051 ιί
429 1986 538 2053 ἀδικία
565 1988 658 2065 ιἰμῶν
686 1990 770 2056 Θεοῦ
798 1989 1004 2057 δικαιοσύνην
1031 1988 1205 2056 συνίστησι.
1338 1985 1420 2064 5-8

186 2158 237 2236 Ἡ
256 2161 319 2255 τῆς
344 2159 508 2260 τοιαύτης
535 2165 708 2261 διαβολῆς
735 2159 922 2268 πρόφασις
948 2163 1108 2241 ἐντεῦθεν
1125 2186 1324 2263 γεγενηται·
1415 2153 1425 2168 ’

130 2279 222 2378 μετὰ
245 2279 311 2381 τὴν
333 2279 405 2363 ἀπὸ
427 2287 648 2380 Βαβυλῶνος
675 2283 848 2366 ἐπάνοδον
876 2291 910 2363 οί
939 2287 1005 2364 υἱοὶ
1022 2281 1177 2387 Ἰσραὴλ
1205 2293 1327 2363 κελευ-

76 2429 116 2489 15
131 2401 276 2488 σθέντες
305 2405 375 2488 ὑπὸ
409 2407 530 2510 Κύρου
562 2411 821 2508 ἀναδείμασθαι
853 2406 917 2488 τόν
951 2406 1038 2487 νεὼν
1072 2408 1130 2486 καί
1162 2415 1328 2509 πληροῦν

129 2525 236 2632 εύχὰς
259 2532 318 2609 καί
342 2529 541 2634 προσάγειν
559 2533 699 2629 θυσίας,
719 2530 893 2633 γεγόνασι
916 2529 1078 2638 ρᾀυμοι,
1097 2529 1323 2638 προφασιζό-

128 2684 228 2748 μενοι
256 2655 436 2759 πτωχείαν
466 2659 525 2736 καὶ
558 2653 624 2755 τὴν
654 2655 727 2736 άπὸ
753 2658 817 2755 τῆς
851 2654 1102 2759 αἰχμαλωσίας
1136 2662 1323 2733 ταλαιπω-

129 2774 222 2877 ρίαν·
261 2775 374 2883 ταύτη
401 2778 618 2883 συμμέτροις
645 2777 927 2885 ἐσωφρονίζοντο
952 2777 1133 2874 παιδείαις,
1162 2777 1327 2885 ἀφορίαις

130 2905 277 3001 καρπῶν
295 2903 353 2981 καὶ
373 2903 482 2984 ῦετιῦν
500 2905 654 2986 ἐνδείαις·
694 2899 945 3007 άσχάλλοντες
963 2899 1000 2980 δέ
1018 2898 1109 3003 πρὸς
1127 2897 1191 2985 τὰς
1208 2899 1328 2980 τοιαύ-

74 3061 116 3102 20
129 3055 194 3105 τας
221 3021 382 3126 πληγὰς,
408 3023 617 3130 ἐμακάριζον
645 3023 711 3124 μέν
738 3023 819 3109 τοῦς
847 3026 1054 3126 ἀλλογενεῖς
1082 3027 1140 3104 καὶ
1167 3022 1249 3109 τοὺς
1276 3019 1327 3124 μὴ

130 3145 365 3232 δουλεύοντας
386 3154 437 3258 τῷ
456 3155 540 3259 θεῷ
567 3153 615 3233 ὡς
640 3152 678 3229 ἐν
695 3149 843 3256 εῦθνμίηι
868 3146 1065 3249 διάγοντας,
1085 3151 1143 3229 καὶ
1164 3147 1328 3254 ἔφασκον

129 3271 292 3368 ἀμείνους
319 3271 452 3354 ἐαυτῶν
475 3273 645 3379 ὑπάρχειν
668 3273 828 3356 ἐκείνους·
869 3275 928 3354 καί
955 3279 1045 3373 γοῦν
1072 3271 1210 3378 ἔφασκε
1237 3268 1328 3375 πρός

129 3391 258 3478 αύτούς
287 3399 486 3502 Μαλαχίας
513 3400 534 3477 ὁ
560 3395 750 3502 προφήτης
781 3407 802 3444 “
819 3395 1042 3498 Ἐβαρύνατε
1074 3397 1127 3475 ἐπ’
1157 3393 1218 3494 ἐμέ
1244 3392 1495 3496 τοῦςΜιιμιζιη-

130 3525 152 3564 “
168 3516 301 3620 λόγους
326 3522 434 3619 ὑμῶν,
459 3520 558 3623 λέγει
588 3521 729 3624 Κύριος,
755 3523 813 3601 καί
841 3516 961 3600 εἴπατε
986 3520 1053 3599 Ἐν
1076 3518 1145 3598 τίνι
1169 3528 1323 3598 κατελα·
1340 3491 1379 3544 ¹⁶⁶

73 3671 114 3732 25
129 3650 151 3688 ‘⁴
172 3639 338 3742 λήσαμεν
366 3643 457 3725 κατὰ
483 3651 579 3740 σοῦ;
622 3643 752 3741 εἴπατε,
781 3644 880 3750 φησί
906 3641 1120 3726 Μάταιοςό
1148 3641 1328 3722 δουλεύων

131 3775 152 3813 “
174 3771 268 3875 θεῷ,
291 3771 348 3847 καὶ
371 3768 409 3848 τί
433 3768 547 3848 πλέον
571 3765 626 3848 ὅτι
649 3765 880 3875 ἐφυλάξαμεν
903 3764 948 3846 τὰ
966 3766 1191 3874 φυλάγματα
1209 3767 1327 3862 αὐτοῦ,

129 3899 152 3936 “
172 3892 231 3972 καὶ
253 3889 340 3971 διότι
366 3889 605 3995 ἐπορεύθημεν
631 3892 740 3971 ἱκέται
763 3891 835 3995 πρὸ
860 3890 1061 3994 προσώπου
1081 3889 1215 3992 Κυρίου
1236 3923 1328 3969 παν-

130 4021 152 4060 “
170 4010 407 4118 τοκράτορος;
447 4019 506 4096 καί
535 4024 598 4096 νῦν
626 4015 723 4114 ἡμεῖς
752 4013 989 4116 μακαρίζομεν
1017 4015 1241 4116 ἀλλοτρίους,
1269 4013 1328 4091 καὶ

129 4146 151 4182 “
171 4137 480 4236 άνοικοδομοῦνται
512 4146 696 4222 ποιοῦντες
726 4135 851 4236 ὄνομα·
893 4136 1121 4236 άντέστησαν
1154 4140 1239 4241 θεῷ
1269 4135 1328 4215 καὶ

71 4289 115 4348 30
130 4268 152 4306 “
170 4259 374 4360 ἐσώθησαν.
403 4270 516 4343 ταῦτα
535 4260 793 4362 κατελάλησαν
810 4265 843 4340 οί
862 4257 1080 4366 φοβούμενοι
1098 4255 1163 4338 τὸν
1178 4257 1327 4360 Κύριον,

164 4501 192 4559 8.
210 4501 267 4576 ἐπί]
279 4505 340 4576 περὶ
352 4504 385 4560 Β.
512 4524 554 4564 11.
573 4505 673 4580 ἄδικος]
687 4505 807 4579 ψευστίμ
820 4505 852 4561 Β.
995 4520 1040 4575 29.
1056 4503 1200 4575 ἀπίθησαν
1211 4499 1280 4576 (sic)
1293 4501 1329 4561 B·

129 4589 173 4644 30.
192 4575 239 4630 τὸν
250 4585 419 4647 assumptum
431 4593 464 4632 ex
478 4575 511 4633 B.

173 4673 245 4722 vol„
262 4677 314 4722 111.
705 4679 726 4723 Δ
741 4680 760 4722 8
