3294 5150
155 394 208 438 xv.
222 389 264 458 35
280 395 346 458 sqq.
392 373 445 437 ιΝ
471 373 537 438 ΕΡ.
558 372 586 437 1.
613 372 676 436 AD
703 371 995 437 σοιιιιςιιιιοο.
1033 371 1121 436 mn.
1138 369 1218 436 vn.
1285 371 1350 435 οοο
1376 469 1388 536 [
1416 467 1507 532 sm]

1402 480 1414 532 ⁷
1476 504 1482 518 .

156 535 347 641 ἀφθαρσίᾳ
374 535 557 637 γέγονενὸ
579 536 777 637 ἅνθρωπος,
794 534 895 614 ἀλλά
922 539 980 616 καὶ
1008 531 1073 615 τόν
1100 540 1164 636 τῆς
1191 533 1350 614 ἀναστά-

157 685 263 739 σεως·
300 658 342 737 οὐ
370 657 442 761 γάρ
472 661 530 738 ἐπὶ
560 657 712 765 τιμωρίᾳ
741 659 761 737 ὁ
792 655 885 743 θεὸς
913 666 1009 740 ποιεῖ
1035 656 1101 758 τὴν
1135 656 1350 755 ἀνάστασιν,
1364 665 1520 782 ffiffldm

157 777 258 858 ἀλλά
285 779 344 859 διά
371 779 437 880 τὴν
463 783 589 861 ἑαυτοῦ
617 782 902 885 εὐσπλαγχνίαν.

213 903 321 982 Ἀλλ’
350 903 440 987 ’ίσως
466 907 576 984 έκεῖνο
604 906 691 1006 ε’ρεῖς
719 906 794 982 Ναὶ
822 905 939 1005 λέγεις
966 907 1095 1006 ὀρθῶς·
1133 901 1288 1006 παρίημί
1313 937 1351 982 τε

125 1023 289 1108 5λοιπδν
311 1023 353 1105 τό
381 1031 508 1131 χρῆναι
536 1026 651 1130 ζητεῖν
671 1025 750 1112 Ποῖς
779 1026 955 1134 ἐγείρονται
985 1035 1013 1107 οἱ
1043 1030 1154 1137 νεκροί·
1192 1025 1353 1106 διειδέναι

158 1147 274 1249 γεμὴν
299 1151 492 1250 ἀναγκαῖον
510 1154 596 1260 ποίᾳ
620 1149 757 1254 σάματι
784 1149 945 1257 ἔρχονται·
984 1146 1054 1251 ἀρα
1079 1148 1150 1252 γάρ
1169 1147 1211 1228 τὸ
1229 1152 1267 1229 ἐκ
1285 1153 1353 1249 γῆς

158 1268 203 1371 δὴ
222 1279 327 1350 τοῦτο
345 1276 403 1350 καὶ
421 1279 466 1376 τῇ
485 1279 605 1380 φθορᾷ
624 1272 779 1377 κάτοχον
797 1272 1037 1364 ἀναβιιόσεται
1056 1279 1174 1371 σῶμα,
1192 1269 1215 1371 ἢ
1234 1271 1354 1372 ἕτερόν

157 1428 194 1473 τι
211 1395 295 1496 παρ’
316 1393 401 1476 αὐτὸ
420 1395 519 1495 πλὴν
537 1397 581 1503 ἐξ
603 1398 735 1494 αὐτοῦ,
768 1397 878 1501 φαίην
897 1397 926 1475 δ’
948 1393 992 1476 ἀν
1010 1396 1122 1497 ἔγωγε
1140 1394 1230 1497 πρὸς
1247 1403 1354 1474 τοῦτο

159 1515 271 1614 εὐθὺς,
290 1521 338 1602 ὡς
357 1520 378 1597 ὁ
397 1517 463 1615 μὲν
481 1517 586 1623 ὀρθὸς
605 1524 667 1618 τῆς
695 1520 852 1602 πίστεως
880 1518 990 1622 λόγος
1016 1520 1244 1621 περιίστησιν
1262 1518 1354 1616 ἡμᾶς

103 1683 144 1724 ιο
159 1646 209 1724 είς
226 1639 331 1740 τήνδε
348 1639 414 1741 τὴν
432 1642 553 1746 σάρκα
570 1641 635 1742 τὴν
654 1643 870 1723 ἀνάστασιν·
908 1643 1038 1737 ἀνεβίω
1056 1641 1128 1746 γάρ
1146 1643 1240 1721 οὕτω
1258 1645 1350 1744 Χρι-

158 1761 250 1846 στὸς
269 1764 288 1842 ὁ
306 1763 532 1865 πρωτότοκος
556 1768 595 1844 ἐκ
622 1773 765 1868 νεκρῶν,
784 1766 807 1864 ἡ
826 1765 972 1870 ἀπαρχὴ
991 1771 1063 1846 τῶν
1081 1765 1351 1864 κεκοιμημένων·

159 1885 339 1986 ἐπειδὴδὲ
364 1890 405 1966 οὐ
429 1885 578 1994 σφόδρα
605 1892 702 1969 τισίν
724 1887 866 1992 ἀρέσκει
895 1888 936 1970 τὸ
965 1886 1097 1990 δόγμα,
1121 1888 1208 1994 φέρε
1234 1921 1353 1990 παρα-

159 2008 279 2093 θέντες
307 2007 348 2088 δν
368 2011 407 2089 εὖ
424 2011 516 2115 ἔχειν
534 2009 666 2092 οἴονται
694 2011 882 2115 λόγον,τά
910 2011 1027 2092 είκότα
1055 2010 1227 2112 λέγωμεν·
1264 2007 1356 2108 (εἶτα

159 2137 330 2234 παραθεὶς
357 2140 430 2213 τῶν
447 2134 693 2240 προϋπάρχειν
711 2132 893 2238 λεγόντων
910 2133 975 2218 τάς
1003 2131 1125 2240 ψυχάς
1152 2132 1217 2218 τάς
1243 2138 1354 2231 μυθο-

104 2289 144 2350 15
160 2257 288 2356 λογίας
316 2257 449 2366 φησίν)
478 2254 568 2338 Εἶτα
595 2266 673 2343 πῶς
704 2259 987 2358 ἀποσεμνύνεται
1015 2257 1108 2340 Θεὸς
1137 2258 1193 2337 ἐπὶ
1220 2261 1266 2360 τῇ
1292 2263 1356 2335 τοῦ
1369 2263 1498 2380 gib&

160 2378 352 2479 ἀνθρώπου
384 2387 609 2486 κατασκευῇ,
654 2386 747 2487 φησὶ
776 2381 847 2484 γάρ
875 2416 947 2462 που
974 2381 1064 2482 πρὸς
1092 2379 1155 2461 τόν
1183 2377 1357 2483 μακάριον

159 2500 249 2594 Ἰιόβ
273 2512 294 2549 “
308 2507 354 2582 Ei
373 2502 423 2583 σά
440 2503 567 2598 λαβὼν
584 2509 652 2606 γῆς
676 2503 796 2604 πηλὸν
814 2503 979 2591 ἔπλασας
997 2503 1098 2612 ζῷον,
1117 2507 1175 2584 καὶ
1194 2499 1357 2602 λαλητδν
1370 2539 1465 2620 ffi0b...

161 2635 183 2672 “
202 2622 288 2705 αιἰτδ
317 2627 400 2706 ἔθου
427 2629 485 2706 ε’πὶ
509 2632 574 2726 τῆς
601 2627 713 2729 γῆς;”
744 2627 835 2729 πέρα
863 2629 935 2729 γὰρ
962 2626 1059 2727 οἶμαι
1086 2625 1222 2710 παντὸς
1244 2623 1290 2706 ἀν
1312 2621 1473 2707 't‘otmm'
1489 2621 1525 2670 '⁴'

160 2749 342 2845 θαύματος
360 2747 403 2829 τὸ
422 2747 571 2851 λογικὸν
588 2752 626 2830 ἐκ
645 2753 712 2851 γῆς
730 2747 947 2830 ἀποτελέσαι
966 2749 1065 2857 ζῷον·
1101 2757 1179 2834 πῶς
1197 2749 1234 2830 δὲ
1254 2785 1358 2852 γεγο-

104 2905 147 2946 20
160 2869 248 2950 νότοι
265 2871 329 2951 τὸν
347 2873 538 2975 ἄνθρωπον
551 2871 652 2957 εὐθὺς
671 2877 728 2953 καὶ
747 2873 1007 2972 πεπλασμένον
1020 2875 1059 2952 ἔκ
1072 2877 1140 2974 γῆς
1160 2873 1359 2977 εὐλόγησεν

162 2995 182 3072 ὀ
202 2997 431 3097 Δημιουργὸς
453 3007 475 3044 “
489 2994 699 3103 Αάξάνεσθε
723 2999 781 3077 καὶ
799 2997 1028 3096 πληθύνεσθε
1046 2996 1164 3099 λέγων
1183 3000 1241 3076 καὶ
1258 3010 1356 3097 πλη·
1371 3028 1435 3077 σοι.
1444 3028 1460 3078 i.
1470 3031 1508 3078 ιο.

160 3127 184 3165 “
201 3119 343 3220 ρώσατε
371 3118 438 3218 τὴν
464 3124 534 3222 γῆν
549 3118 583 3216 ;”
617 3121 692 3224 (καὶ
714 3119 840 3202 πολλά
857 3119 958 3223 ἕτερα
975 3119 1067 3222 πρὸς
1086 3118 1214 3205 αὐτοὺς
1232 3119 1355 3218 εἰπὼν,

160 3240 332 3349 ἐπιφέρει)
351 3243 489 3350 ἀρίστῳ
511 3247 638 3348 χρῆται
663 3243 923 3345 παραδείγματι
942 3243 962 3322 ὁ
981 3243 1175 3328 θεσπέσιος
1195 3249 1356 3340 Παῦλος,

161 3365 303 3444 πίπτειν
330 3365 396 3464 μέν
417 3371 465 3450 είς
492 3371 562 3469 γῆν
588 3365 630 3444 τὸ
658 3373 767 3465 σῶμα
794 3365 911 3468 λέγων
939 3365 1001 3446 οἷά
1024 3400 1104 3446 τινα
1135 3369 1265 3466 κόκκον,
1292 3369 1422 3472 οάχνοι.
1434 3417 1473 3467 37·

105 3513 147 3575 ²5
162 3489 274 3573 οὕτως
298 3489 594 3588 ἀναστησόμενον
620 3489 713 3570 καθὰ
738 3493 796 3571 καὶ
818 3489 961 3593 ἐσπάρη
985 3491 1119 3595 γομνλν,
1145 3493 1228 3570 ἀλλ’
1250 3495 1297 3576 ὡς
1321 3494 1359 3571 έν

162 3610 339 3718 ἀμφιάσει
367 3616 425 3693 καὶ
455 3619 655 3718 περιστολῇ
689 3621 761 3694 τῶν
789 3613 834 3719 ἐξ
856 3614 957 3698 ἔθους
986 3612 1220 3720 ε’μφνομένων
1251 3616 1356 3723 αὐτῷ,
1371 3643 1412 3697 77
1428 3639 1475 3696 M.

162 3733 327 3833 καλάμης
355 3733 399 3834 δὴ
428 3735 523 3837 λέγω
549 3739 607 3816 καὶ
626 3738 827 3844 φυλλάδος·
867 3733 986 3818 δίδωτι
1010 3737 1082 3840 γάρ
1101 3747 1217 3844 φησιν
1237 3747 1251 3819 ἀ
1271 3741 1357 3824 oeae
1370 3779 1421 3813 ver.
1433 3763 1473 3826 38.

163 3857 300 3967 ἑκάστῳ
318 3857 381 3939 τάν
399 3857 599 3966 σπερμάτων
616 3854 693 3940 ἴδιον
711 3860 829 3966 τάμοι.
869 3860 987 3961 ἐπειδὴ
1013 3861 1083 3965 γάρ
1109 3863 1176 3965 οὐχ
1199 3860 1359 3945 ἅπαντας

162 3982 245 4066 τοὺς
277 3983 548 4083 κεκοιμημένους
584 3983 859 4077 ἀναβιώσεσθαί
890 3991 1006 4089 φησιν
1034 3988 1073 4064 έν
1103 3983 1202 4091 δόξᾳ,
1233 3981 1300 4064 κάν
1329 3990 1359 4064 εἰ

105 4141 151 4202 30
162 4105 292 4191 πάντες
308 4109 346 4186 ἐν
364 4106 563 4214 ἀφθαρσίᾳ·
599 4107 641 4186 οίι
667 4105 738 4210 γάρ
760 4141 832 4187 που
859 4114 932 4191 τοῖς
960 4109 1171 4190 ἀνεπιεικέσι
1199 4109 1257 4189 καὶ
1284 4115 1358 4192 τοῖς

200 4329 244 4385 23.
264 4312 321 4369 Ine.
334 4313 426 4384 Σαφῶς
438 4310 483 4367 οὖν
494 4313 586 4383 χρᾶται
599 4313 614 4366 θ
626 4313 781 4382 σοφώτατος
791 4314 890 4369 παῦλαν
903 4312 941 4368 Η.
1210 4329 1253 4379 24.
1271 4314 1358 4368 πίπτει

163 4384 226 4454 (εἰς)
242 4385 279 4439 Η.
386 4399 427 4452 25.
447 4382 511 4436 καθὸ
524 4383 565 4436 καί
577 4383 677 4452 ε’σπάρη
689 4385 785 4472 γυμνόν
796 4401 851 4438 om.
866 4385 902 4438 H.
949 4383 1090 4454 γυμνδςΑ.
1144 4384 1179 4440 ὥς
1190 4392 1359 4454 assumptum

164 4473 198 4509 ex
213 4453 249 4507 H.
396 4451 438 4506 26.
457 4451 585 4523 ἀμφιάσει
597 4453 671 4506 ΑΒ.
684 4455 809 4524 αμφιέσει
822 4453 873 4508 Ed.
928 4455 1012 4522 στολῇ
1028 4453 1064 4508 Η.
1118 4454 1307 4524 συμφυομένων
1322 4454 1357 4508 Η.

164 4521 793 4664 ᾳίλιηηῑέεφθτηᾳίξὶίᾳᾳαφφφιξιχφιτϊέἰτῐᾳΐθξᾳσιᾳτάσει
810 4523 1009 4593 περιστέλλεται
1026 4525 1056 4578 τὸ
1073 4529 1148 4594 σῶμα
1163 4525 1224 4595 δόξᾳ
1239 4528 1306 4579 Θεοῦ
1318 4525 1359 4578 καί
