3294 5130
193 458 209 510 ⁶
273 359 361 523 ]418
405 361 446 424 Β.
467 358 654 424 CYRILLI
680 357 946 424 ALEXANDR.
972 355 1255 423 FRAGMENTA
1298 357 1365 421 xiii.
1381 377 1498 443 11-13.

140 460 190 525 [¹²
220 459 259 509 M.
340 523 349 548 ,

299 528 421 630 φορως
444 525 482 602 ἐν
499 522 571 631 ’ίσιρ
595 521 740 630 δόναξιν
759 525 794 607 ἐς
815 522 858 602 τό
878 525 932 601 ἀεὶ
956 525 1174 625 προσωθοῦν
1201 518 1356 604 εὐκόλως
1383 555 1496 618 μετα-

299 646 528 744 κλινομένων,
547 651 605 726 καὶ
622 647 733 746 μηδὲν
750 645 899 742 βείθαιον
916 642 1087 750 ἐχόντων·
1123 644 1236 724 καίτοι
1255 643 1409 724 Παύλου
1431 642 1500 741 μέν

135 800 266 849 :com
301 768 573 871 διακεκραγότος
601 781 623 818 “
640 773 801 874 Ἑδραΐοι
829 771 986 870 γίνεσθε,
1014 768 1290 863 ἀμετακίιοητοι·”
1324 768 1432 847 αὐτοῦ
1460 765 1500 846 δὲ

132 865 173 928 ὅθ’
301 900 364 971 τοῦ
386 890 581 973 Δεσπότου
610 890 652 973 τό
682 893 767 972 λίαν
795 891 1032 994 εὐπόροιστον
1063 892 1121 970 καὶ
1151 888 1403 989 εύδιαπτόητον
1433 898 1500 969 τοῦ

300 1012 436 1116 τρόπου
453 1014 519 1115 τὴν
534 1014 704 1096 ἀνωτάτω
717 1023 791 1100 τοῖς
810 1016 935 1120 ἔχουσι
953 1013 1108 1096 τιθέντος
1126 1010 1312 1112 διαβολὴν,
1327 1015 1385 1092 καὶ
1399 1014 1500 1114 δίκην
1514 1039 1534 1100 5

301 1137 477 1240 ὁρίζοντος
493 1145 538 1244 τῇ
553 1138 652 1246 νόσῳ
670 1137 736 1237 τὴν
750 1134 1003 1242 ἀποστροφήν·
1034 1136 1105 1242 ἔφη
1118 1136 1190 1239 γὰρ
1208 1133 1276 1216 ὧδε
1294 1138 1378 1237 περί
1393 1170 1501 1216 τινων
1542 1155 1545 1158 ’

133 1289 206 1339 Hier.
214 1287 266 1338 xiv.
302 1271 324 1307 “
340 1259 567 1362 Ἠγιίπησαν
588 1267 695 1341 κινεῖν
711 1261 826 1345 πόδας
851 1263 969 1341 αύτῶν
997 1263 1056 1340 καὶ
1083 1261 1147 1340 ούκ
1172 1261 1375 1365 ἐφείσαντο,
1395 1263 1454 1338 καὶ
1478 1261 1500 1338 ό

136 1367 173 1404 ¹⁰⁶
301 1393 324 1430 “
342 1380 435 1468 Θεὸς
454 1385 518 1464 ούκ
537 1382 729 1485 εὐδόκησεν
748 1387 785 1464 ἐν
804 1385 953 1468 αύτοῖς·”
987 1381 1030 1463 τό
1048 1380 1120 1484 γάρ
1138 1415 1193 1462 τοι
1211 1382 1366 1478 βεβαίως
1384 1417 1423 1462 τε
1441 1387 1501 1462 καὶ

300 1507 454 1591 ἀκλινῶς
473 1507 658 1609 ἱδρυμένον
671 1505 763 1611 πρός
780 1514 853 1588 πᾶν
872 1507 991 1587 ὁτιοῦν
1005 1513 1077 1586 τῶν
1089 1503 1292 1586 τελούντων
1307 1511 1355 1590 είς
1373 1504 1502 1606 ὄνησιν

300 1630 469 1737 ἀσφαλές
487 1665 526 1710 τε
544 1633 602 1711 καὶ
621 1633 775 1710 ἄσυλον.
1518 1663 1561 1704 ¹0

254 1936 286 1977 u
499 1885 567 1955 Ὧν
595 1889 656 1978 τὰρ
683 1885 874 1979 εἰσφέρεται
901 1892 991 1980 ζῴων
1018 1890 1057 1958 τὸ
1083 1885 1163 1969 αἷμα
1189 1896 1296 1962 κ.τ.λ.

359 2079 445 2155 Εἰσὶ
474 2075 512 2155 δὲ
543 2079 600 2155 καὶ
629 2075 740 2179 ἕτεροι
768 2083 938 2157 πλεῖστοι
970 2076 1075 2180 λόγοι
1107 2081 1189 2181 περὶ
1223 2079 1369 2175 τούτων,
1401 2075 1503 2157 ἀλλὰ

300 2200 560 2302 παρείσθωσαν
578 2207 642 2279 νῦν
664 2199 723 2279 διὰ
743 2199 786 2279 τὸ
803 2205 957 2299 πλῆθος·
998 2200 1150 2281 ἀπεθανε
1175 2204 1295 2299 μέντοι
1321 2201 1411 2282 κατὰ
1436 2200 1504 2300 τὴν

302 2322 422 2426 σιίρκα
440 2323 613 2425 Χριστὸς,
630 2323 688 2403 ἵνα
706 2323 800 2424 ἡμᾶς
818 2323 998 2430 καθαρίσῃ
1017 2329 1069 2431 τῷ
1087 2325 1163 2431 ἰδίῳ
1180 2325 1315 2425 αἵματι.

190 2619 237 2676 ια,
254 2621 290 2679 ¹3
542 2581 659 2650 Τοίνυν
686 2581 897 2672 ἐξερχώμεθα
924 2583 1007 2674 πρὸς
1034 2585 1134 2651 αὐτὸν
1160 2589 1267 2656 κ.τ.λ.
1518 2607 1560 2668 15

360 2775 529 2878 Φέρωμεν
556 2773 674 2854 τοίνυν
706 2773 758 2854 τόν
786 2768 962 2878 ὄνειδισμλν
991 2778 1103 2867 αὐτού,
1132 2774 1298 2855 τουτέστι
1323 2770 1387 2852 τόν
1416 2770 1504 2876 ὑπὲρ

137 2905 267 2960 ΕΜ·
316 2898 381 2922 ’”
550 2895 595 2942 ’·
656 2899 674 2929 ”
793 2899 804 2927 “
865 2895 912 2922 ’”
966 2898 985 2926 ’
1057 2895 1146 2978 “Ὂ
1214 2894 1505 2994 ’λαμβάνειτόν

138 2976 210 3036 Μὸ.
304 2932 405 2998 ημων
422 2931 582 3000 σταυρον
631 2929 724 2978 ουτω
747 2930 806 2977 και
832 2931 938 2981 ουτος
960 2904 1031 3002 εφη
1148 2931 1225 2980 ςου
1564 2983 1567 2990 ,

306 3031 327 3070 “
345 3017 505 3124 σταυρόν
533 3022 642 3100 αι’ποῦ
669 3024 727 3099 καὶ
757 3022 950 3100 ἀκολουθεῖ
977 3021 1097 3101 ὀπίσω
1134 3055 1204 3119 μου
1232 3022 1295 3100 οὐκ
1321 3020 1400 3099 ἔστι
1434 3054 1505 3119 μου

304 3153 327 3191 “
345 3143 475 3250 ἄξιος·”
514 3139 556 3222 τὸ
578 3141 616 3222 δὲ
639 3142 709 3247 ἔξω
728 3146 791 3242 τῆς
808 3141 937 3242 πύλης,
957 3141 1028 3249 ἔξω
1046 3151 1110 3224 τοῦ
1129 3141 1268 3241 κόσμου
1287 3148 1379 3223 νοεῖν
1398 3141 1501 3222 ἔοικε·

305 3265 394 3368 ζωῆς
420 3263 491 3369 γὰρ
518 3265 610 3364 ἡμᾶς
639 3264 807 3371 ἐξίστησι
840 3269 1015 3366 κωμικῆς
1046 3265 1089 3346 τό
1122 3267 1239 3347 θέλειν
1272 3266 1423 3346 ἔπεσθαι
1452 3272 1504 3372 τῷ
1519 3305 1561 3346 20

305 3389 471 3494 Χριστῷ.

344 3605 514 3689 ια.·ιῖουλον]
531 3613 560 3672 -Ι-
579 3607 659 3660 καλὸν
678 3607 791 3678 γδρ-οί
811 3607 1031 3689 περιπατήσαντες
1051 3608 1069 3663 i.
1077 3627 1100 3663 e.
1123 3607 1173 3664 SS.
1188 3607 1340 3690 Scriptaque
1359 3607 1441 3662 verba
1459 3625 1504 3690 ρε-

306 3675 536 3814 ίίίδῆδιόιῆῗόόαε
549 3763 610 3817 pars
622 3747 694 3829 ρτίος
706 3677 1019 3819 όδῢῆόῆθῃηῆηίδῆῆόὲ
1026 3677 1427 3830 δῖτόεῆίίῆοῆ]ρλοτῆοόίίόία880
1440 3679 1505 3820 hrl)lvo

307 3825 456 3872 nostomum
470 3765 503 3870 αδ
511 3818 567 3900 Ἰοο.
580 3825 707 3871 contmet.
903 3834 944 3888 19.
966 3817 1039 3873 Haec
1051 3819 1147 3889 partim
1161 3818 1267 3873 exhtbet
1279 3825 1305 3872 et
1318 3835 1341 3873 c.
1353 3817 1400 3873 fol.
1412 3835 1465 3906 μορ
1478 3835 1505 3887 ν,

308 3887 398 3959 Mosq.
417 3888 452 3958 98
471 3887 546 3954 (ohm
565 3904 582 3956 9
602 3889 611 3952 )
630 3887 676 3940 fol.
697 3903 758 3957 239,
768 3885 873 3942 Ἔοικεν
893 3890 908 3942 δ
930 3887 1071 3946 θεσπέσιος
1089 3891 1196 3945 Παῦλος
1215 3891 1246 3942 τό
1263 3885 1337 3956 Ἐξω
1357 3891 1402 3957 τῆς
1421 3891 1506 3956 πνλης

309 3955 488 4046 [παρεμβολῆς
501 3955 569 4012 Cod.
583 3905 687 4028 λίθος]
701 3959 751 4025 ἔξω
769 3961 816 4012 τοῦ
832 3961 931 4027 κόσμου
941 3959 1037 4030 λέγειν·
1061 3957 1146 4028 πύλης
1160 3959 1236 4030 [ζωῆς
1249 3956 1318 4013 Cod.
1332 3955 1434 4029 Mosq.]
1452 3960 1505 4029 γὰρ

307 4030 373 4096 ημᾶς
401 4028 442 4098 ε’ξί
493 4048 522 4080 σι
553 4028 684 4094 κοσμικῆς,
709 4027 789 4081 verba
812 4031 828 4082 δ
855 4030 979 4100 μακάριος
1007 4031 1129 4099 κύριλλός
1155 4031 1239 4100 φησιν
1268 4029 1452 4099 praemittente
1481 4047 1506 4085 ο.

309 4113 352 4151 21.
371 4100 476 4170 Χριστῷ
507 4097 593 4167 pergit
604 4095 636 4151 δι’
649 4097 679 4151 οὗ
690 4099 741 4168 γάρ
753 4100 823 4168 φησι
835 4101 933 4168 κόσμος
945 4099 1000 4166 ι’μοὶ
1013 4100 1172 4169 ἐσταύρωται
1184 4097 1254 4170 κόγδ
1266 4101 1302 4170 τῷ
1316 4101 1414 4190 κόσμη.
1431 4119 1506 4168 περι·

307 4171 448 4224 πατοῦντες
465 4169 493 4222 δε
512 4167 555 4222 ε’πὶ
570 4169 617 4236 γῆς
632 4169 657 4220 ot
676 4169 744 4239 ὅγιοι
763 4168 897 4233 διαβιῶναι
917 4170 1109 4236 σπουδάζουσιν
1126 4171 1171 4225 οὐκ
1189 4169 1227 4223 ἔτι
1246 4169 1371 4240 ε’πιγςίως,
1389 4191 1401 4220 ι
1421 4189 1459 4221 ειν
1476 4169 1508 4224 δὲ

308 4240 410 4306 μᾶλλον
421 4239 449 4292 ἐν
460 4239 569 4308 οὐρανοῦ
582 4237 644 4308 (εἰς)
657 4239 687 4292 τὸ
697 4238 842 4306 πολίτευμα
853 4237 922 4292 sorte
938 4237 1048 4293 adhaec
1099 4241 1199 4294 minens
1213 4239 1281 4294 eod.
1319 4190 1507 4310 Βοηαοδεοῑατ

309 4307 336 4360 in
351 4307 401 4362 Ed.
414 4310 438 4362 οἶ
450 4309 486 4366 είς
497 4308 773 4378 ὡραιότητα-πέφηνε
787 4310 851 4376 ζωῆς
863 4325 878 4364 ο
891 4307 988 4379 Glaph.
1003 4323 1054 4378 259
1099 4309 1248 4380 desumpta.
