3268 5130
141 430 172 472 ι,
188 426 224 471 11
243 407 377 492 sqq.,xi.
392 427 419 471 1.
464 405 518 471 IN
541 405 802 474 συιεςοιιιι
827 408 892 474 AD
918 408 1153 476 ROMANOS.
1272 413 1339 478 ιιι

1433 513 1471 565 ιι.

141 582 164 620 “
182 573 275 672 ῦμΐν,
293 574 400 680 φησὶ,
421 573 477 652 καὶ
496 573 537 651 οῦ
555 571 754 670 πιστεύετε,
774 579 852 658 πιῦς
875 572 936 654 ε’ἀν
954 573 1041 655 εἴπω
1060 577 1142 673 ύμῖν
1160 573 1207 655 τά
1229 577 1335 656 ἐπου·
1363 514 1422 580 [⁴0
1483 513 1495 580 3

141 705 165 744 “
182 693 286 798 ράνια
313 694 526 778 πιστεύσετε
539 696 570 790 ;”
598 697 801 798 προσετίθει
829 695 867 776 δέ
892 696 1028 781 τούτοις
1056 709 1078 744 “
1096 697 1215 797 Ἀμὴν
1243 697 1506 800 ἀμὴνᾶὖοςνῦίἱ

139 829 166 866 “
183 819 282 921 λε’γω
310 822 392 918 ὑμῖν
420 817 440 897 ῦ
463 818 606 917 οἴδαμεν
633 826 818 917 λαλοῦμεν
845 823 904 900 καὶ
931 817 952 900 ῦ
978 820 1183 924 ἑωράκαμεν
1203 857 1339 925 μαρτυ-
1355 793 1392 831 η’

140 952 166 990 “
183 951 314 1045 ροῦμεν
331 946 390 1023 καὶ
411 941 477 1042 τὴν
493 943 690 1044 μαρτυρίαν
707 943 808 1042 ἡμῶν
827 943 938 1027 οὐδεὶς
964 941 1173 1040 λαμβάνει.”
1212 947 1339 1027 οὐκοῦν
1352 955 1390 1006 Of·
1401 955 1434 1006 ib·
1446 967 1486 1018 ιι·

107 1067 377 1162 ὅάθασύνιστα
404 1064 450 1146 τῦ
476 1065 563 1170 ῦπέρ
591 1066 696 1165 ἡμᾶς·
734 1071 765 1145 εἰ
792 1065 865 1171 γάρ
893 1069 995 1146 ἐστιν
1023 1066 1154 1167 ἀληθὲς
1187 1067 1242 1149 ὅτι
1270 1102 1340 1172 περ

141 1197 166 1236 “
183 1189 230 1271 τά
247 1191 285 1270 ἐν
303 1193 427 1295 χερσὶν
446 1191 656 1292 εὑρίσκομεν
675 1187 764 1287 μετὰ
779 1189 892 1286 βίας,”
910 1186 1061 1269 κατὰτὸ
1079 1192 1337 1293 γεγραμμένον,
1352 1207 1409 1272 Sap.
1420 1207 1453 1256 ix.
1468 1207 1505 1258 ιι.

141 1319 220 1398 πῶς
247 1315 311 1394 οῦκ
339 1317 532 1416 ἀναγκαῖον
561 1315 701 1409 ἐννοεῖν,
720 1315 768 1395 ὡς
787 1311 825 1392 ἐν
843 1347 885 1414 γε
904 1319 977 1396 τοῖς
1002 1312 1090 1416 ῦπέρ
1109 1311 1232 1414 λόγον,
1250 1349 1339 1419 χρη-

142 1436 332 1536 σιμωτάτη
368 1437 451 1516 λίαν
488 1436 510 1534 ἡ
543 1434 676 1532 πίστις,
709 1436 774 1515 οῦκ
811 1436 1082 1536 ἀκολουθούσης
1115 1437 1266 1540 ἐρεύνης,
1298 1439 1340 1516 ού

142 1559 323 1664 ζητήσεως
340 1560 471 1644 εἰκαίας
486 1559 784 1662 ἐπενηνεγμένης;
814 1559 959 1641 συνέσει
977 1557 1050 1661 γὰρ
1069 1559 1114 1640 τὰ
1132 1558 1249 1641 τοιάδε
1267 1566 1340 1640 τῶν

90 1721 129 1762 ιο
142 1682 367 1788 πραγμάτων
382 1689 525 1782 τιμᾶται
544 1688 730 1786 λαμπρῶς.

230 1921 301 1987 Πᾶς
326 1921 345 1987 ὁ
372 1921 533 1986 πιστεύων
559 1919 607 1986 ἐπ’
638 1918 788 2006 αὐτῷού
817 1923 1126 2010 καταισχυνθήσεται
1151 1929 1258 1993 ιι.τ.λ.
1355 1948 1464 2009 nsqq.

202 2079 268 2180 Μὴ
295 2080 467 2162 ποιείσθω
496 2078 583 2158 ἴδιον
601 2078 739 2182 ἀγαθὸν
759 2079 826 2179 τὴν
845 2079 903 2160 διῦι
929 2082 1086 2167 πίστεως
1113 2081 1339 2184 σωτηρίανῦ

142 2202 310 2308 Ἰσραήλ·
348 2207 425 2290 πῖις
448 2203 518 2309 γῦιρ
543 2203 579 2288 ῦς
604 2199 644 2282 ἀι
662 2201 916 2298 ἒπιιιιιλέσηταί
933 2213 1027 2310 φησι
1045 2207 1082 2286 τὶ
1104 2206 1207 2312 ίνομα
1228 2209 1453 2311 Kupfovver·1s·

143 2325 338 2426 σωθήσεται,
356 2325 422 2407 κᾶν
440 2325 591 2410 ίουδαίος
618 2322 641 2432 ᾖ
665 2323 732 2405 κᾶν
760 2323 883 2424 ἐλλην,
903 2325 969 2407 κᾶν
992 2333 1120 2413 δοῦλος
1147 2327 1214 2408 κάν
1231 2329 1336 2408 ἐλεύ-

91 2474 129 2535 15
144 2458 257 2556 θερος·
300 2448 503 2557 ἀδιαφόρως
540 2447 646 2550 σώζει
683 2450 703 2527 ὁ
738 2447 832 2532 Θεὸς
867 2456 940 2530 τῶν
975 2449 1082 2549 ὅλων,
1121 2453 1230 2532 αὐτοῦ
1267 2452 1390 2554 γάρ41
1404 2474 1453 2533 Μ.

143 2575 296 2656 ἅπαντα·
346 2576 439 2654 ούτω
466 2568 586 2680 φαμέν
614 2575 971 2680 ἀνακεφαλαιοῦσθαι
1003 2573 1049 2654 τά
1076 2574 1195 2656 ποίντα
1222 2576 1261 2654 ἐν
1289 2575 1444 2681 τῷΕυΜ
1458 2605 1496 2644 ¹0·

144 2704 310 2806 Χριστῷ.

255 2913 311 2980 Ma
340 2913 498 2980 ἀπώσατο
524 2913 543 2982 ὸ
570 2911 653 2980 Θεὸς
679 2911 736 2978 τὸν
763 2911 844 2978 λαὸν
872 2912 988 2995 σύτοῦ;
1024 2910 1068 2990 μίι
1096 2911 1231 2988 πένοιτο.
1356 2905 1434 2986 Κεφ.
1452 2901 1501 2969 ια’·

200 3084 451 3192 Ἐμφρύνωςῦ
471 3089 621 3167 Παῦλος
646 3084 759 3164 καίτοι
780 3081 944 3164 παθόντα
967 3084 1031 3163 τὸν
1054 3081 1257 3182 σκοτισμῦν
1277 3083 1342 3163 οῦκ
1423 3157 1426 3164 .

92 3242 132 3283 20
146 3213 187 3316 ἐᾷ
215 3207 381 3313 μειζὸνως
407 3206 768 3311 κατασκληρύνεσθαι
791 3205 856 3288 τῦν
880 3207 1035 3312 Ἰσραὴλ
1063 3215 1139 3292 ταῖς
1167 3213 1216 3291 εἰς
1245 3206 1343 3289 ἀπαν

145 3333 391 3434 ἀπογνώσεσι,
408 3334 544 3431 μέτεισι
567 3331 605 3410 δέ
629 3327 753 3434 ὥσπερ
771 3332 939 3437 ἐντέχνως
963 3338 1040 3416 ταῖς
1058 3331 1341 3436 χρηστοεπείαις.

145 3453 226 3558 ἅρτι
252 3454 318 3556 μέν
347 3455 418 3558 γὰρ
447 3458 495 3540 ὡς
521 3457 650 3553 ἀπειθῆ
679 3462 870 3560 κατῃτιᾶτο
896 3455 960 3536 τὸν
989 3454 1157 3560 Ἰσραήλ·
1196 3455 1342 3542 ἐλπίδος

145 3569 259 3681 γεμὴν
276 3583 340 3678 τῆς
367 3579 503 3660 ἀνωθεν
526 3581 590 3659 οῦκ
614 3581 824 3681 ἀπογυμνοῦ,
844 3581 922 3659 οὔτε
950 3579 1023 3679 μὴν
1041 3577 1251 3680 ὁλοτρῦπως
1278 3583 1340 3678 τῆς

144 3702 237 3806 πρὸς
248 3700 342 3781 Θεῦν
361 3701 570 3803 οἰκειότητος
584 3699 790 3806 ἐξωσθῆναί
806 3710 911 3807 φησι.
943 3707 1001 3783 καὶ
1018 3707 1124 3806 σαφῆ
1142 3709 1206 3783 τοῦ
1223 3699 1341 3806 πράγ-

92 3857 132 3919 ²5
145 3859 258 3925 ματος
275 3831 425 3906 ποιεῖται
443 3824 509 3926 τὴν
526 3825 717 3932 ἀπόδειξιν,
735 3821 860 3905 ἐαυτῦν
877 3831 1048 3929 παραθεὶς
1065 3827 1152 3907 ὅντα
1170 3828 1338 3935 Ἰσραηλί-

145 3984 207 4044 τιιν
225 3951 284 4029 καὶ
302 3950 341 4030 ἐκ
361 3946 554 4058 σπέρματος
570 3947 750 4055 Ἀβραῦιμ,
765 3947 993 4052 εῦφυέστατά
1009 3983 1047 4030 τε
1067 3952 1124 4030 καὶ
1144 3954 1238 4029 Θεοῦ
1257 3948 1341 4029 λαῦι

145 4075 341 4154 ἀποκαλῶν
368 4072 430 4171 ἐτι,
458 4075 516 4152 καὶ
544 4075 749 4176 προστιθείς
774 4068 816 4151 τό
843 4071 901 4165 Mb
924 4070 1046 4175 γίνοιτο
1073 4075 1249 4174 τοῖςπερὶ
1278 4081 1341 4152 τοῦ

144 4199 333 4277 ἀπειῦσθαι
363 4194 497 4298 λύγοις.
539 4204 652 4277 ταῦτα
683 4195 722 4274 δὲ
751 4193 796 4296 ἦν
827 4198 932 4276 οἱονεὶ
961 4197 1230 4298 περισαίνοντος
1258 4194 1342 4280 τοῦς

184 4441 225 4481 ¹2.
245 4424 302 4480 lno.
316 4425 360 4494 Mu)
372 4426 456 4480 τοίνυν
467 4427 570 4482 ποιείτω
582 4423 648 4480 ἴδιον
660 4426 693 4479 Α.
843 4440 884 4494 13.
902 4426 970 4495 φησι
983 4442 1036 4480 om.
1049 4424 1083 4480 A.

143 4497 240 4551 δοῦλος
253 4493 299 4550 ab
310 4495 446 4566 ἐλεύθερος
457 4513 511 4551 om.
524 4497 558 4549 A.
704 4494 745 4549 16.
764 4499 799 4567 τῷ
812 4513 866 4549 om.
880 4497 913 4549 A.

143 4565 232 4622 τοίνυν
246 4572 274 4630 -1-
289 4565 325 4620 Α.
439 4582 480 4621 21.
500 4565 624 4635 εῦτίχνως
636 4566 670 4620 Α.
791 4581 833 4633 24.
853 4568 946 4638 σαφῶς
959 4565 992 4620 Α.

144 4637 189 4693 26.
209 4658 237 4692 τε
250 4653 304 4692 om.
319 4637 351 4693 Α.
484 4637 527 4692 28.
545 4635 666 4691 ἀπῦσθαι
678 4637 712 4690 A.
