3244 5146
301 291 367 356 548
634 291 671 356 B.
693 292 880 358 CYRILLI
902 293 1163 360 ALEXANDR.

367 453 578 535 σπουδάσμασι
600 452 660 518 κατ’
677 454 820 534 θλλήλωυ
840 455 1068 538 προσφέρωνται,
1092 458 1173 520 άλλδ
1188 456 1306 520 θειόθευ
1324 455 1417 536 μέρος
1440 455 1521 520 ἑκά-

364 582 452 638 τερον
466 557 601 640 νυγέντες
619 556 691 638 πρδς
705 557 773 624 τοῦς
786 559 819 622 ἐν
833 559 1012 646 παλαιστίνη
1028 560 1131 640 άγίους
1144 558 1243 638 ἤκοσι,
1260 559 1308 622 καὶ
1322 558 1442 626 τούτοις
1457 562 1520 625 τᾶς

365 659 539 740 ζητουμένας
560 660 680 726 πεύσεις
701 659 905 742 προσήγαγον.
934 661 1019 741 ἡμεῖς
1041 663 1075 725 δέ
1095 660 1150 740 τὴν
1173 662 1285 726 ἑαυτῶν
1302 659 1521 742 μετρήσαντες

364 762 487 842 δύναμιν
509 763 665 843 ἐκρίναμεν
686 761 727 841 μὴ
753 765 815 826 δεῖν
836 762 912 842 ἡμᾶς
938 763 1044 831 αῦτοδς
1068 763 1135 844 περὶ
1157 763 1268 827 τούτου
1289 764 1410 843 ὁρίζειν,
1433 761 1518 842 μήτε

362 863 420 942 μὴν
435 866 538 931 ἱκανῶς
557 864 640 952 ἔχειν
654 863 706 929 τὸν
719 864 786 945 περὶ
803 871 863 928 τῦυ
878 866 1020 929 τοιούτων
1035 864 1200 945 ἐξετάσεων
1214 866 1376 929 άποδοῦναι
1394 866 1516 946 λόγον.
1532 877 1549 936 5

363 968 510 1046 μαθόντες
530 967 631 1031 τοίνυν
645 969 675 1030 οί
689 965 889 1048 προειρημένα
907 968 1074 1048 ποῤῥησίαν
1088 967 1161 1048 πρδς
1182 967 1238 1046 τὴν
1252 967 1311 1045 σὴν
1323 967 1403 1046 ἡμᾶς
1427 966 1521 1049 ἔχειν

365 1070 517 1149 ὁσιότητα,
541 1069 758 1151 ἐξελιπάρησαν
782 1073 829 1134 διδ
853 1074 905 1150 τῆς
930 1071 1012 1150 ἣμῦυ
1035 1070 1223 1154 βραχύ-ητος
1245 1067 1337 1150 τέρας
1363 1068 1516 1148 δέξασθαι

365 1175 417 1251 τῆς
444 1171 516 1254 πρὸς
545 1171 697 1251 ἀλλήλους
718 1170 816 1254 μάχης
841 1172 895 1238 τὸν
923 1176 975 1252 τῆς
1002 1172 1145 1255 ὑμετέρας
1176 1173 1367 1238 διδασκαλίας
1396 1173 1516 1253 λόγου.

365 1274 605 1340 συναινεσάντων
626 1275 679 1338 οῦν
699 1279 758 1338 τιῦυ
780 1273 846 1338 καθ’
869 1276 945 1354 ἡμᾶς
966 1277 1060 1358 ἁγίου
1086 1274 1232 1357 πατέρων,
1256 1273 1426 1354 αὐθαίρετοι
1452 1275 1516 1351 τὴν

365 1375 555 1458 παράκλησιν
568 1375 737 1457 ἐδεξάμεθα,
755 1378 869 1443 ἑαυτοῖς
885 1375 1034 1457 μᾶλλουῆ
1050 1378 1172 1444 ἐκείνοις
1187 1377 1377 1460 χαριζόμενοι
1390 1377 1435 1461 τᾷ
1450 1378 1507 1439 καὶ
1533 1397 1573 1437 ιο

366 1479 462 1543 οὒτκῦν
475 1484 534 1544 τῶν
548 1479 651 1562 όφεωυ
665 1483 835 1544 άπολοῦσοι
856 1481 905 1544 καὶ
921 1481 1045 1562 παρόντι
1066 1483 1325 1562 συνευφρανθῆυαι
1347 1477 1396 1543 καί
1419 1481 1511 1563 λόγῳ

368 1583 457 1659 ζθντιΙ
467 1584 515 1646 καὶ
528 1583 563 1647 οῦ
577 1582 725 1665 γράμματι
740 1581 778 1646 δι’
794 1581 900 1664 ἐτέρων
914 1581 1088 1667 πεμπομένῳ
1104 1581 1152 1646 καὶ
1165 1581 1261 1645 πλέον
1275 1581 1329 1660 τὴν
1344 1581 1514 1660 ἐπιθυμίαν

367 1681 531 1762 ἐξάπτουτι.
560 1683 735 1766 ἡρπάσαμεν
749 1686 849 1749 τοίνυν
863 1684 917 1764 τὴν
931 1684 1033 1767 άφιξιυ
1053 1684 1088 1749 ού
1106 1683 1229 1765 μετρίως
1248 1685 1401 1767 χαίροντες
1421 1685 1510 1751 ὅπως

367 1785 416 1848 καὶ
438 1783 474 1850 δι’
498 1787 579 1866 ἡμῶν
603 1793 661 1850 τῶν
685 1788 865 1871 ἐλαχίστων,
889 1785 927 1865 ἣν
949 1789 1005 1867 μέν
1029 1786 1104 1868 πρὸς
1126 1784 1278 1864 άλλήλους
1303 1791 1510 1867 συγκροτοῦσι

367 1891 550 1952 καταθῦυτοι
572 1889 681 1972 μάχην,
709 1892 758 1954 διδ
779 1892 812 1954 δέ
834 1893 885 1969 τῆς
906 1889 1093 1971 ῦγιαινούοης
1114 1913 1170 1952 σου
1192 1889 1385 1955 διδασκαλίας
1409 1889 1431 1967 ἡ
1453 1893 1512 1953 τοῦ
1530 1914 1569 1973 15

365 1993 499 2068 Χριστοῦ
524 1989 624 2072 είρήνη
651 1991 749 2058 ούτοΐς
777 2015 810 2056 τε
839 1992 886 2056 καί
908 1991 979 2072 ἡμῖν
1005 1992 1043 2059 ὣς
1068 1990 1194 2075 τάχιστα
1218 1991 1417 2072 βραβευθείη·
1451 1991 1509 2055 εἴτ’

367 2092 514 2157 άπιόντων
534 2094 615 2173 ἡμῶν
636 2096 685 2157 διδ
705 2095 800 2176 φίλην
820 2095 959 2178 ἡσυχίου,
984 2097 1044 2159 είτε
1064 2096 1217 2175 μενόντων
1239 2096 1288 2159 διδ
1308 2093 1362 2172 τὴν
1384 2093 1513 2175 άγότηυ

369 2195 417 2259 καὶ
439 2195 637 2277 συγκρότησιν
655 2197 704 2260 καὶ
725 2196 780 2275 την
802 2199 834 2260 ἐκ
854 2197 965 2260 τούτων
986 2197 1137 2279 προκοτιῆν
1159 2195 1208 2260 καί
1229 2199 1268 2260 τδ
1288 2197 1512 2278 γροφησόμενα

368 2298 546 2378 πεμπόντων
581 2298 795 2379 εὐκαιρότερον.
837 2296 905 2362 ἀλλ’
932 2299 1031 2380 αὐτὸς,
1059 2298 1151 2380 πάτερ
1187 2299 1343 2381 δγιάτοτε,
1374 2299 1512 2379 γνησίως

368 2403 443 2482 ἡμᾶς
466 2403 539 2483 όρῦν
561 2400 602 2480 μὴ
625 2405 779 2481 παραιτοῦ,
794 2400 906 2483 πατρὸς
926 2400 1090 2485 σπλάγχνα
1114 2402 1161 2465 καί
1184 2403 1227 2468 είς
1245 2401 1320 2480 ἡμᾶς
1339 2401 1508 2478 διοσόζων.
1526 2429 1566 2469 κο

368 2505 435 2568 ούτε
455 2507 513 2586 γδρ
537 2504 575 2569 ὥς
597 2501 679 2581 οἶμαι
702 2505 751 2568 καὶ
775 2504 939 2586 άπολογίος
961 2502 1117 2584 δεήσομεν,
1139 2504 1304 2585 παρρησίας
1324 2502 1511 2586 μετέχοντες

367 2608 441 2686 μετδ
455 2609 554 2672 αίδαῦς
566 2608 613 2669 διδ
628 2611 710 2672 Θεοῦ
727 2605 815 2690 χάριν
831 2607 879 2670 καί
898 2606 952 2686 τὴν
966 2607 1024 2686 σηυ
1038 2607 1234 2690 χρηστότητα,
1250 2605 1288 2685 ἢν
1303 2605 1351 2669 καὶ
1370 2613 1512 2669 πλατυν-

368 2713 453 2788 θῆυαι
472 2710 543 2789 ἡμίν
557 2709 656 2775 αὐτοῖς
678 2711 839 2790 ίσοῤῥόπως
861 2712 912 2788 τῆς
932 2708 1074 2791 ἡμετέρας
1095 2710 1287 2791 γνησιότητος
1309 2709 1511 2788 ἀπαιτοῦμεν,

367 2810 415 2874 καὶ
438 2814 524 2874 τοῦτο
543 2813 617 2890 μετὰ
639 2811 848 2892 σωφροσύνης.
883 2813 959 2875 ούτω
979 2813 1038 2892 γδρ
1060 2815 1089 2893 γ’
1105 2810 1142 2874 δν
1158 2810 1275 2892 γένοιτο
1293 2810 1340 2874 καί
1354 2809 1430 2889 ἡμᾶς
1444 2815 1511 2876 τῶν

368 2915 535 2993 άμοιβαίων
550 2912 623 2980 τέως
644 2921 804 2996 τυγχάνειν
820 2915 868 2978 καὶ
888 2914 942 2994 τὴν
957 2914 1016 2993 σὴν
1030 2915 1169 2995 ὁσιότητα
1184 2915 1232 2979 καί
1253 2916 1295 2981 είς
1315 2914 1392 2993 ἡμᾶς
1405 2917 1445 2977 τδ
1460 2918 1509 2980 εί·
1524 2941 1564 3001 25

368 3017 439 3081 κότα
461 3014 648 3099 πράττουσαν
663 3016 870 3098 είτγνωμουεῖν,
885 3016 923 3096 ἣν
940 3017 1033 3081 πλέον
1055 3019 1072 3080 ό
1094 3023 1153 3082 τῶν
1173 3017 1254 3080 ὅλων
1268 3015 1371 3097 Σωτὴρ
1393 3017 1507 3082 άποδέ-

369 3126 452 3199 ξητοι
475 3119 523 3183 καὶ
545 3120 587 3184 είς
605 3119 682 3199 ἡμᾶς
703 3119 770 3186 τοῦς
789 3120 967 3204 ἐλαχίστους
987 3123 1062 3183 κατδ
1082 3120 1137 3199 τὴν
1159 3119 1248 3184 αῦτοῦ
1268 3121 1393 3200 μίμησιν
1414 3145 1508 3184 κατα-

369 3221 500 3302 γομένην
523 3222 558 3284 οῦ
582 3220 653 3298 βίος
676 3221 797 3310 ἀνάγκη,
817 3224 886 3286 ἀλλ’
901 3221 1016 3303 άγάτιης
1035 3223 1207 3303 γνησιότηπι
1227 3222 1274 3286 καί
1297 3226 1384 3285 τοῦτο
1406 3226 1507 3302 δῶρον

370 3323 446 3408 αὐτῷ
461 3321 702 3404 προσφέρουσαν.
732 3323 797 3389 ἐστι
811 3327 842 3388 δέ
856 3328 892 3388 τὰ
907 3324 1069 3404 ζητούμενα
1082 3327 1121 3388 τδ
1134 3323 1366 3406 ὑποτεταγμένα.

374 3527 434 3618 [Ta
458 3527 514 3605 μὶν
538 3525 688 3607 κεφάλαια
712 3527 854 3592 ἐνέκειντο
884 3529 920 3616 τῇ
945 3528 1080 3612 άξιύσει,
1102 3531 1173 3594 ἀλλ’
1196 3531 1245 3596 ίνο
1270 3529 1310 3609 μὴ
1339 3528 1383 3597 δίς
1409 3532 1503 3596 ταῦτα
1517 3549 1561 3607 3ο

413 3628 622 3713 ἐγγράψωμεν,
639 3631 852 3710 συνεξεύξομεν
868 3632 996 3696 έκοστου
1010 3632 1178 3715 κεφάλαιον
1192 3635 1224 3698 ἐν
1238 3657 1273 3713 τη
1291 3633 1455 3718 ἑρμηνεία]

744 3838 786 3893 16.
803 3838 960 3909 βροβευθιῖν
971 3838 1059 3896 Band.
