3278 5130
309 343 375 406 408
484 343 523 407 Β.
545 340 732 406 CYRILLI
759 339 1022 405 ALEXANDR.
1050 339 1334 405 FRAGMENTA
1420 339 1462 404 ix.
1475 355 1507 423 5.

141 437 227 572 Em?
239 439 297 572 {L}
310 510 332 547 “
349 499 576 599 ε’πηρμένου·”
609 501 668 578 καὶ
697 498 743 578 τό
773 500 936 604 σεραφῖμ
962 496 1118 596 εἱστήκει
1146 497 1268 606 κύκλῳ
1294 498 1417 594 αὐτοῦ,
1448 501 1508 578 καὶ

308 619 372 701 τόν
390 624 448 702 ἐπὶ
471 621 600 724 θρόνου
621 621 754 724 Κύριον
772 621 1025 727 ἐδοξολόγουν,
1047 620 1111 705 τάς
1128 623 1308 723 πτέρυγας
1330 621 1504 701 τείνοντα·

309 748 402 825 οὕτω
420 743 593 850 τετάχατο
612 747 671 824 καὶ
688 749 725 824 ἐν
744 751 789 849 τῇ
807 747 894 850 ἁγίᾳ
911 752 1029 850 σκηνή
1053 745 1297 848 συσκιάζοντα
1319 752 1397 828 ταῖς
1422 745 1507 824 πτέ-

306 870 411 974 ρυξιν
429 871 485 949 ἐπὶ
502 868 544 948 τὸ
563 867 787 972 ἱλαστήριον·
819 873 847 947 εἱ
867 866 905 947 δέ
929 867 973 969 ἦν
992 904 1046 952 τις
1071 876 1145 953 τοῖς
1168 873 1343 974 χερουβὶμ
1368 875 1442 952 τοῖς
1467 870 1507 947 ἐκ

307 994 461 1095 χρυσίου
486 992 732 1092 πεποιημένοις
759 992 830 1092 βοή
859 1027 897 1071 τε
926 996 984 1072 καὶ
1011 991 1135 1095 λόγος,
1159 991 1434 1098 έδοξολόγησαν
1461 990 1541 1086 οῖν5

309 1118 358 1199 ὡς
379 1116 499 1218 κύριον
517 1115 682 1213 σαβαῶθ,
702 1116 766 1196 τὸν
782 1119 820 1196 ε’ν
838 1123 882 1220 τῇ
908 1115 1041 1196 δούλου
1063 1121 1189 1222 μορφῇ
1213 1117 1399 1220 πεφηνότα
1416 1113 1507 1194 Υῖόν

311 1243 502 1340 Μονογενῆ
522 1239 585 1319 τὸν
603 1243 642 1319 ἐκ
660 1246 756 1320 Θεοῦ
775 1241 920 1342 Πατρός
941 1238 1032 1319 κατά
1050 1238 1176 1346 φύσιν.

347 1493 371 1548 7.
389 1478 555 1550 Sequebatur
566 1498 620 1536 ver.
633 1497 665 1535 ιο
678 1483 766 1536 Μόνον
778 1480 820 1535 ε’πὶ
836 1482 959 1549 βρώμασι
971 1481 1012 1534 καί
1023 1482 1124 1548 πόμασι
1136 1498 1198 1534 cum
1211 1479 1321 1548 scholio,
1334 1480 1406 1553 quod
1420 1500 1505 1554 quum

311 1549 340 1604 S.
354 1548 485 1620 cyrillum
503 1561 638 1606 auctorem
656 1570 712 1607 non
729 1550 835 1614 habeat,
848 1568 897 1605 nec
915 1551 977 1605 alibi
994 1552 1131 1622 reperiam,
1144 1561 1208 1605 nota
1219 1551 1348 1606 exhibeo:
1367 1551 1506 1608 Ἐκόλευσε

309 1619 338 1674 δέ
350 1622 365 1674 ό
377 1620 436 1677 θεός
446 1621 481 1689 μὴ
494 1621 590 1677 έσθίειν
601 1624 646 1676 τόν
657 1644 701 1692 χοι
750 1620 866 1692 μύλλων,
878 1621 925 1688 τήν
938 1620 989 1692 [ita
1001 1622 1060 1676 cod.
1079 1623 1124 1675 τόν
1137 1619 1202 1691 Ed.]
1222 1622 1345 1690 κάμηλον,
1364 1624 1409 1677 τόν
1426 1627 1506 1676 καλα-

308 1692 404 1758 βότην,
417 1692 458 1744 καὶ
475 1693 507 1745 τό
525 1691 608 1759 όμοια·
631 1695 711 1746 ταῦτα
746 1692 801 1746 έοίι
813 1694 844 1745 τὰ
863 1693 914 1762 ζῷα
932 1692 1040 1757 κακίζων
1056 1691 1138 1762 λέγει,
1156 1691 1226 1745 ἀλλὰ
1246 1694 1320 1754 βίους
1338 1693 1381 1746 καὶ
1400 1694 1506 1762 πράξεις

312 1760 424 1816 ἀτόπους
436 1761 602 1830 ἀπαγορεύων
612 1762 781 1831 πράττεσθαι.
802 1761 880 1832 ήγάρ
892 1761 951 1833 οόχλ
968 1763 1010 1815 καὶ
1027 1761 1099 1830 ήμεῖς
1115 1765 1210 1832 ταῦρον
1226 1763 1338 1834 λέγομεν
1354 1765 1508 1832 κερατιστήν

309 1833 355 1884 τόν
366 1833 492 1900 πονηρόν;
511 1831 612 1899 λέοντα,
621 1835 665 1886 τόν
673 1832 791 1902 θνμῶδη;
811 1835 909 1904 χοῖρον,
921 1833 966 1886 τόν
977 1832 1148 1902 βορβορώδης
1167 1831 1264 1886 κελεύει
1276 1833 1304 1886 δέ
1316 1831 1393 1902 κτήνη
1406 1834 1506 1888 έσθίειν

309 1902 341 1954 τό
359 1901 515 1972 διχηλοῦντο
532 1902 574 1956 καλ
590 1905 751 1972 μηρυκισμόν
761 1903 896 1972 ἀνάγοντο.
915 1902 986 1969 διττή
997 1903 1049 1972 γὰρ
1060 1905 1133 1956 πᾶσα
1144 1899 1230 1971 ἀρετή·
1251 1901 1329 1974 ήγάρ
1345 1903 1381 1960 είς
1398 1904 1505 1960 έουταῦς

309 1970 409 2040 δρῶμεν
420 1973 450 2024 τό
462 1971 567 2043 ἀγαθόν,
579 1970 634 2026 οἶον
647 1973 737 2039 ἡδονάς
749 1972 917 2042 ε’κτέμνοντες,
930 1973 1036 2042 καρδίαν
1047 1972 1217 2040 καθαίροντες,
1229 1973 1298 2041 πάθη
1314 1971 1506 2041 καταπραύνον-

309 2057 360 2096 τες·
385 2039 399 2108 ή
417 2042 454 2098 εἷς
471 2042 531 2098 τοῦς
548 2042 688 2112 ἀδελφοὺς,
706 2043 854 2114 ἀγαπῶντες
869 2046 1018 2110 μισοῦντας,
1035 2046 1251 2110 μνησικακοῦντας
1263 2041 1434 2112 ίλαρύνοντες,
1447 2045 1506 2098 ε’λε·

309 2114 405 2174 οῦντες,
427 2113 628 2181 συμπαθοῦντες·
651 2115 745 2184 διφυὴς
764 2113 809 2168 οόν
830 2113 879 2182 ἀρα
899 2113 971 2168 εἀτῖν
989 2115 1004 2167 ό
1019 2115 1065 2180 τῆς
1083 2112 1244 2180 δικαιοσύνης
1261 2115 1366 2182 τρόπος,
1385 2115 1422 2171 είς
1439 2113 1507 2184 ἡμεῖς

309 2181 409 2244 αὖτοὺς,
422 2183 463 2236 καὶ
480 2182 516 2240 είς
532 2184 634 2253 ἑτέρους
650 2183 858 2253 κατορθούμενος·
883 2185 928 2251 τῆς
944 2183 991 2250 μέν
1002 2182 1046 2237 οῦν
1058 2183 1087 2237 όν
1097 2183 1182 2254 ἔργοις
1197 2183 1302 2253 πορείας
1313 2182 1393 2240 τύπος
1404 2187 1420 2238 ό
1431 2185 1506 2248 τοὺς,

310 2253 375 2305 κατά
385 2255 416 2306 τό
427 2251 459 2306 ‘O
471 2252 535 2310 πούς
546 2276 596 2320 μου
608 2255 671 2323 ἔστη
684 2255 713 2308 έν
723 2253 849 2321 εόθότητι,
862 2254 903 2306 καί
914 2252 944 2306 '0
956 2253 1021 2308 πούς
1032 2275 1083 2308 σου
1090 2255 1121 2306 οό
1130 2253 1164 2322 μή
1174 2255 1326 2323 προσκόψη·
1345 2255 1386 2308 καί
1395 2257 1508 2327 Τροχιάς

310 2321 389 2390 όρθός
403 2323 515 2392 ποίησον
526 2327 584 2381 σοῖς
597 2326 670 2379 ποσί.
693 2326 808 2395 διχηλεῖν
820 2324 849 2377 δέ
862 2324 918 2378 έστι
930 2325 960 2377 τό
973 2323 1055 2392 ὀρθῶς
1067 2322 1165 2377 ἐθέλειν
1176 2324 1275 2384 βαίνειν
1286 2323 1359 2392 ἡμᾶς,
1372 2323 1408 2380 εῖς
1419 2347 1446 2378 τε
1459 2327 1507 2393 τήν

310 2390 369 2446 καθ’
382 2391 447 2459 ἡμεῖς
464 2394 556 2450 αι’κτοὺς
571 2394 704 2464 έργασῖον,
716 2396 757 2448 καὶ
773 2394 809 2450 είς
821 2395 866 2463 τὴν
878 2393 972 2464 ἑτέρων
983 2391 1105 2447 εὐποιίαν.
1127 2396 1142 2446 ό
1154 2391 1199 2447 οόν
1210 2395 1256 2448 τόν
1266 2395 1326 2456 βίον
1337 2396 1405 2464 ἔχων
1416 2395 1505 2464 όρθόν,

310 2463 351 2516 καὶ
363 2464 395 2516 τά
407 2463 454 2532 ἤθη
468 2465 633 2534 κατορθώσας
648 2467 681 2519 τό
693 2467 793 2530 ἑαυτοῦ,
805 2465 846 2518 καὶ
858 2466 903 2519 τός
914 2465 980 2533 πρὸς
991 2463 1050 2520 τοὺς
1061 2464 1164 2531 ἑτέρους
1175 2463 1276 2531 ἀρετὰς,
1287 2466 1353 2534 πρός
1365 2466 1392 2519 δέ
1404 2464 1506 2522 τούτοις

311 2532 338 2586 έν
350 2536 381 2602 τῇ
395 2535 486 2588 ἑαυτοῦ
497 2537 577 2588 πάλιν
589 2536 679 2604 καρδίᾳ
692 2535 815 2605 στρέφων
826 2536 859 2588 τὰ
875 2534 931 2588 θεῖα
947 2535 1070 2605 δόγματα,
1083 2533 1195 2590 καὶτοὺς
1207 2534 1291 2590 θείους
1301 2537 1396 2606 λόγους
1407 2537 1505 2604 ἀνομη-

309 2606 453 2672 ρυκῶμενος
465 2607 505 2658 καί
517 2608 650 2699 γινώσκων
661 2608 702 2659 καῖ
715 2607 897 2676 ε’πιγινόσκων,
909 2605 1014 2674 τρέφων
1028 2626 1056 2658 τε
1069 2605 1159 2658 ἔαυτόν
1172 2604 1202 2673 έξ
1213 2605 1305 2668 αὐτῶν,
1318 2607 1359 2659 καὶ
1375 2606 1506 2662 διδάσκων

310 2675 352 2727 καί
368 2675 479 2742 ἐτέρους·
503 2697 577 2730 ουτος
593 2677 636 2730 καλ
653 2676 754 2746 διχηλεῖ
771 2677 862 2742 όπλήν,
875 2677 916 2727 καί
931 2677 1091 2744 μηρυκισμὸν
1102 2675 1199 2746 ἀνάγει,
1212 2676 1253 2728 καί
1269 2677 1326 2729 ἔστι
1343 2677 1452 2745 καθαρός
1469 2677 1505 2732 ῶς

309 2744 383 2816 λόγῳ
394 2746 435 2797 καὶ
451 2745 520 2816 ἔργῳ
531 2745 638 2813 τέλειος,
650 2747 692 2799 καὶ
706 2748 875 2800 λεπτοκοπῶν
888 2747 934 2800 τὰς
944 2746 1048 2815 γραφὰς
1059 2745 1101 2797 καί
1118 2745 1230 2812 ἀκριβῶς
1245 2745 1360 2815 ε’ρευνῶν·
1379 2748 1424 2800 τόν
1435 2747 1464 2800 δέ
1475 2745 1505 2800 ίν

309 2815 388 2882 μόνον
405 2816 497 2885 ἔχοντα
515 2815 620 2879 τούτων,
638 2815 720 2870 ἀκάθα
753 2838 782 2870 ον
798 2816 932 2870 ἀποκαλεῖ·
953 2818 968 2867 ό
985 2815 1036 2886 γλρ
1053 2815 1114 2877 βίον
1130 2816 1176 2880 μέν
1192 2816 1261 2902 ίγων
1276 2815 1362 2886 όρθόν,
1375 2816 1459 2886 δόγμα
1473 2817 1503 2870 δὲ

310 2883 521 2955 διεστραμμένον,
539 2886 687 2956 ἀκάθαρτος·
713 2839 805 2954 όμῖοίως
823 2887 864 2940 καὶ
881 2887 897 2937 ό
912 2883 993 2956 λόγον
1010 2885 1070 2940 ἄνευ
1085 2885 1155 2949 βίον·
1175 2907 1272 2939 τουτων
1290 2885 1334 2940 οὖν
1351 2888 1410 2943 τοῦς
1427 2889 1457 2940 τό
1475 2886 1505 2940 όν

309 2954 416 3046 ἔχοντος
434 2955 608 3046 φάγεινὶἡμεῖς
625 2955 757 3024 προσήκει·
780 2961 831 3010 τῶν
848 2960 928 3024 κρεῶν
940 2957 1000 3026 γάρ,
1012 2955 1108 3043 φησίν,ι
1116 2956 1199 3009 αὐτῶν
1211 2955 1381 3046 οόαφάγερθε,
1394 2955 1435 3010 καί
1451 2963 1504 3011 τῶν

310 3027 872 3166 ίίῖίῖιίῖιίῖίῖὶόόῖό.,ίγῖίῖήῖῖ
883 3026 1058 3166 ίὲδλῖξῗίζῖῖ
1069 3027 1504 3168 ἷιῖῖεῖίῖζόῖίιίσῖξιόῗλῖίῖ

310 3165 339 3218 δέ
351 3169 429 3235 ἤγουν
442 3165 578 3222 δασύποδα
588 3168 633 3221 τόν
644 3169 756 3236 πτωχόν·
776 3168 846 3237 φησὶ
859 3169 932 3235 γοῦν,
947 3165 987 3219 ότι
998 3169 1057 3220 οότι
1074 3164 1179 3237 πτωχός
1196 3169 1254 3220 οὔτε
1271 3165 1399 3222 πλούσιος
1416 3167 1503 3235 σωθή-

180 3238 236 3293 119
250 3237 297 3293 Μ.
310 3255 384 3289 σεται
395 3237 455 3290 όνευ
466 3241 517 3289 τῶν
529 3236 575 3290 δύο
587 3236 691 3291 τούτων.
713 3235 765 3292 ὅσα
781 3237 818 3300 δέ,
831 3237 923 3306 φησὶν,
935 3235 963 3290 έν
974 3239 1028 3292 τοῖς
1045 3234 1137 3290 ὕδασιν
1154 3238 1208 3308 ἔχει
1226 3236 1354 3308 πτέρυγας
1371 3238 1412 3291 καί
1429 3239 1504 3292 λεπί-

310 3304 364 3371 δος,
376 3309 455 3359 ταῦτα
472 3307 601 3376 φόγεσθε.
625 3307 749 3362 θάλασσα
761 3308 881 3376 δηλονότι
893 3309 908 3360 ὁ
919 3307 978 3368 βίος
992 3306 1073 3360 ε’στίν·
1095 3305 1182 3377 ἰχθύες
1197 3308 1226 3361 δέ
1241 3308 1266 3359 οῖ
1278 3308 1306 3361 έν
1317 3307 1384 3379 τηῖδε
1398 3311 1434 3379 τηῖ
1451 3309 1504 3379 βίῳ

309 3376 342 3428 τὰ
353 3375 427 3446 γὴῖνα
438 3377 602 3445 φρονοῦντες,
615 3379 656 3431 καὶ
668 3378 729 3446 τῇδε
740 3378 842 3431 κάκεῖσε
854 3380 908 3432 τοῖς
920 3379 1114 3446 περισπασμοῖς
1125 3379 1308 3447 στρεφόμενοι,
1319 3379 1384 3446 πρός
1395 3379 1505 3448 οὐρανόν

310 3445 454 3514 διαβλέψαι
469 3447 504 3515 μή
517 3447 657 3515 δυνάμενοι.
683 3449 707 3500 οί
723 3446 767 3502 οῦν
778 3448 881 3518 ἔχοντες
898 3447 1004 3502 λεπίδος
1017 3448 1057 3499 καὶ
1068 3445 1197 3516 πτέρυγας
1209 3447 1296 3518 ίχθύες
1308 3449 1428 3518 εόδρομοί
1440 3449 1502 3510 εἶσι,

309 3517 446 3572 κόπτοντες
463 3523 587 3585 κραταιῶς
604 3518 650 3585 τὴν
667 3518 815 3580 θάλασσαν,
828 3518 868 3570 καὶ
887 3517 1071 3585 ἀναπηδῶντες,
1087 3519 1128 3570 καὶ
1145 3520 1190 3571 τόν
1207 3518 1281 3586 ήλιον
1297 3519 1447 3582 βλέποντες,
1460 3519 1503 3573 καῖ

308 3587 339 3638 τό
357 3587 404 3653 μέν
419 3587 501 3652 βάθος
517 3586 722 3655 παραιτούμενοι,
734 3587 786 3642 όνο)
798 3587 827 3641 δέ
842 3586 1028 3651 πλέοντες,καί
1046 3587 1105 3656 οὐχ,
1116 3589 1206 3656 ῶσπερ
1225 3589 1257 3642 τό
1274 3590 1355 3642 λοιπά
1374 3589 1502 3659 ὀστρακό-

309 3655 399 3722 δερμα,
412 3656 489 3727 έγγός
503 3659 548 3726 τῆς
563 3660 610 3729 γῆς
628 3659 675 3726 τήν
691 3656 756 3726 ὕλην
772 3657 812 3712 dd
831 3660 875 3726 τῆς
893 3657 1029 3724 θαλάσσης
1046 3657 1185 3713 ε’σθίοντες·
1206 3657 1366 3715 λεπιδωτοῦς
1384 3660 1411 3713 δέ
1430 3659 1502 3729 λέγει

395 3795 632 3855 ππ,
648 3724 1184 3868 ····ς·,,··
1196 3727 1503 3797 Μ·

307 3866 335 3920 δέ
348 3799 558 3937 άξιόθρόσκοντας
571 3870 611 3922 καῖ
623 3821 755 3938 τόίεήλιον
764 3822 919 3932 βλέπόντας·
941 3818 988 3920 οὐῖ
1001 3869 1107 3938 ἔχοντος
1124 3820 1277 3924 δέαλῖτῖίδας
1294 3839 1364 3923 ἀλλά
1381 3823 1502 3938 ἀπῖρικα-

306 3935 420 3995 λύπτους
440 3937 522 4006 ὄντας,
544 3942 624 4030 ήγουν
643 3940 703 3996 τοῦς
722 3938 923 4009 μεμερισμένους
944 3937 995 4009 θεῷ
1017 3940 1057 3991 καί
1082 3941 1180 4011 κόσμῳ,
1203 3937 1218 4006 ἢ
1239 3939 1378 4008 παρθενίαν
1395 3941 1442 4007 μέν
1460 3941 1502 3994 καὶ

306 4007 762 4140 ίῗίῖίὲἶίό”ίίέἐό”ίῖ“ῗόίίῖί
773 4008 1431 4148 ffpssdffiwsssssssfflssfflfflffffl}
1450 4015 1503 4134 ,τῖ’

306 4152 385 4218 ἤγουν
402 4151 462 4206 τοὺς
479 4149 613 4217 ἀλαζόνας·
637 4153 682 4204 τόν
693 4149 721 4204 όέ
734 4103 830 4216 κόίνοκα
848 4150 889 4202 καλ
904 4117 982 4219 γίαῖα,
996 4149 1030 4203 ῶς
1041 4149 1110 4218 ἀρπα
1130 4171 1159 4205 ας
1171 4151 1212 4203 καὶ
1227 4102 1324 4206 δῖῖνοὺς
1341 4151 1377 4206 εἶς
1395 4103 1503 4220 κγαιῖιουρἔ

305 4219 372 4288 γίον·
392 4221 521 4290 στρουθὸν
531 4221 560 4276 δι’
572 4222 613 4275 καὶ
625 4222 714 4289 λάρον,
727 4221 761 4276 ὣς
773 4221 903 4286 όπληστο,
916 4219 1061 4288 πάνταγὰρ
1073 4171 1165 4274 εὀόίει·
1189 4221 1234 4274 τόν
1247 4220 1343 4291 ἱέρακα,
1356 4222 1390 4278 ῶς
1401 4221 1503 4280 ε’πιβαί-

306 4311 382 4343 νοντα
393 4292 487 4347 παντός
497 4289 685 4359 ἀσθενεστέρου
694 4294 789 4359 πτηνοῦ
798 4291 839 4343 καλ
846 4290 955 4343 θάνατον
963 4288 1098 4378 ε’πόγοντα·
1116 4289 1169 4344 όδέ
1178 4290 1331 4360 πορφυρίσιν
1342 4293 1383 4345 καί
1395 4289 1448 4353 ῖβις
1460 4292 1502 4345 καλ

307 4359 372 4414 ίκτὶν
383 4361 415 4414 τό
427 4361 455 4414 έν
466 4364 520 4417 τοῖς
531 4361 624 4417 ὕδασιν
636 4361 770 4416 ε’σθίουσιν
782 4359 891 4430 ῖχθάδιο·
911 4358 981 4413 οὗτοι
993 4359 1022 4413 δε
1034 4359 1101 4414 είσιν
1112 4361 1137 4413 οῖ
1149 4359 1287 4431 φιλήδονοι
1299 4363 1340 4415 καί
1352 4363 1398 4418 τός
1409 4361 1503 4430 ἡδονάς

304 4430 511 4496 μετοδῖόκοντες·
533 4434 646 4500 νυκτερὶς
663 4432 691 4485 δέ
709 4433 750 4484 καὶ
767 4431 841 4500 ἔποψ
853 4432 893 4484 καλ
912 4430 1025 4497 ε’ρυδιός,
1038 4431 1181 4501 ιοικτοχορῆ
1199 4432 1259 4524 ξφα,
1272 4432 1312 4485 καί
1325 4432 1353 4486 έν
1364 4436 1400 4504 τῷ
1412 4435 1502 4487 σκότει

306 4499 463 4568 διαιτῶμενο·
487 4505 598 4555 τοιοῦτοι
616 4503 645 4556 δέ
662 4503 687 4554 οί
704 4500 822 4566 μέθυσοι,
834 4502 859 4553 οῖ
877 4500 993 4562 κλίνεται,
1007 4501 1048 4554 καὶ
1059 4502 1153 4557 πάντες
1164 4502 1189 4555 οῖ
1200 4523 1232 4556 τα
1244 4505 1291 4556 τοῦ
1307 4504 1418 4557 σκότους
1434 4503 1499 4573 ἔργα

304 4571 452 4639 φιλοῦντες.
470 4569 600 4641 ἀκάθαρτα
612 4573 640 4626 δέ
653 4574 694 4627 καλ
705 4572 737 4626 τὰ
749 4570 833 4639 θηρία,
846 4572 870 4624 οί
882 4571 986 4637 λῃσταὶ,
999 4571 1023 4623 οί
1036 4573 1133 4640 φονεῖς,
1145 4573 1169 4624 οί
1183 4572 1307 4642 θνμῶδεις
1318 4574 1358 4626 καὶ
1371 4571 1501 4642 ἀνήμεροι·
