3294 5150
326 331 391 394 262
504 330 544 393 Β.
564 328 753 393 CYRILLI
778 327 1044 401 ALEXANDR.
1069 328 1353 394 FRAGMENTA
1398 327 1441 392 vi.
1457 348 1527 412 1-3.

175 435 302 502 [⁵⁵1]
353 495 370 514 „
655 493 666 520 7
802 495 815 522 κ
942 490 952 522 ,
1067 492 1086 520 „
1266 493 1276 516 ‚
1312 497 1328 512 ,
1411 489 1422 516 r

325 527 390 592 της
428 498 720 592 τεθαυμασμενης
756 525 816 571 και
851 493 1018 590 ἀοθεισης
1057 497 1194 570 ανωθεν
1233 525 1330 598 αοτῳ
1372 524 1529 590 μηυυσις

325 614 490 717 ἐναργής.
529 615 692 716 τετίμηκε
716 615 789 719 γὰρ
811 613 894 698 τοὺς
918 614 1041 717 ἀγιους
1062 615 1083 694 5
1104 615 1236 718 Κύριος
1263 616 1365 714 ἡμῶν
1382 617 1527 716 Ἰησοῦς

328 741 349 820 5
371 737 545 842 Χριστός.
1632 732 1633 750 ¹

162 993 238 1072 Κεφ.
254 987 292 1062 ς’.
429 987 597 1078 Κρίνεσθαι
621 985 674 1056 ἐπὶ
702 989 768 1055 τῶν
794 987 919 1054 ἀδίκων
947 989 1000 1053 καί
1027 989 1097 1075 οὐχὶ
1122 989 1177 1054 ἐπὶ
1203 988 1270 1054 τῶν
1297 987 1419 1071 ἀτίμως

383 1161 526 1264 Ἃγίους
553 1167 659 1242 καλεῖ
680 1159 763 1245 τοὺς
789 1158 1026 1262 ἡγιασμενους
1047 1161 1085 1238 ε’ν
1101 1157 1288 1258 πνεύματι,
1316 1155 1467 1242 ἀθιίιους
1486 1159 1555 1244 δέ5

326 1282 408 1368 τοὺς
439 1287 539 1366 οὔπω
569 1283 850 1368 πεπιστευκότας
883 1287 932 1369 ὡς
961 1283 1171 1382 ἑτοιμότατσ
1204 1285 1288 1362 λίαν
1320 1281 1413 1386 πρὸς
1448 1289 1524 1362 πᾶν

326 1409 444 1488 ὁτιοῦν
471 1407 588 1494 ἰόντας
615 1416 688 1489 τῶν
712 1415 844 1488 κακῶν·
880 1405 1149 1506 ἀνεπιτήδευτον
1176 1405 1249 1508 γάρ
1276 1411 1349 1485 τῶν
1375 1405 1522 1487 ἀτόπων

327 1531 427 1612 οὐδὲν
444 1540 517 1616 τοῖς
535 1535 635 1613 οὔπω
652 1529 715 1613 τάν
734 1531 845 1638 φύσει
861 1534 920 1611 καὶ
939 1535 1083 1632 ἀληθῶς
1100 1529 1214 1610 εἰδόσι
1233 1531 1339 1611 θεόν.

298 1821 313 1860 2
478 1777 546 1842 Οὐκ
572 1773 684 1844 οἴδατε
711 1779 761 1844 ὅτι
788 1774 819 1843 οἶ
844 1780 930 1852 ἀτιοι
957 1779 1013 1844 τὸν
1042 1779 1162 1854 κόσμον
1190 1781 1372 1866 κρινοῦσιν;

385 1951 533 2058 Κριιοῧσι
562 1949 600 2028 δὲ
627 1950 736 2029 αὐτὸν
753 1951 796 2029 οὐ
819 1950 937 2048 πάντη
956 1952 1071 2029 τεκαὶ
1091 1950 1237 2033 πάντως
1259 1949 1522 2052 προκαθήμενοι
1538 1989 1576 2030 ιο

158 2083 248 2134 ΗΜ·
262 2085 296 2136 iv.
326 2072 505 2151 δικασταί·
542 2082 564 2120 “
578 2069 643 2155 Εἷς
659 2070 731 2175 γάρ
750 2074 770 2153 5
789 2073 981 2172 νομοθέτης
1000 2075 1059 2152 καὶ
1082 2071 1239 2176 κριτής·”
1274 2071 1375 2151 ἀλλά
1393 2077 1439 2177 τῇ
1457 2081 1522 2154 τοῦ

325 2195 408 2290 βίον
425 2191 617 2296 σεμνότητι
635 2197 756 2300 κοίτῃ
777 2194 868 2300 πρὸς
885 2202 959 2276 πᾶν
977 2197 1149 2303 εὐπειθείᾳ
1166 2198 1355 2300 μονονουχὶ
1376 2199 1519 2299 καθαρί-

325 2315 441 2420 §mee
468 2327 532 2398 τοῦ
560 2319 699 2418 κόσμου
727 2318 793 2420 τὴν
814 2321 1002 2422 ἁμαρτίαν,
1022 2319 1077 2400 ότι
1103 2319 1153 2419 μή
1181 2318 1377 2423 γεγόνασιν
1403 2321 1522 2398 αὐτῶν

323 2443 484 2540 μιμηταί.
533 2449 616 2542 μιᾶς
644 2443 711 2540 μὲν
743 2441 815 2546 γὰρ
848 2442 994 2549 φύσεως
1026 2448 1058 2523 οἱ
1090 2442 1221 2527 πάντες
1250 2439 1369 2540 ε’σμὲν,
1403 2449 1432 2522 εἰ
1462 2447 1520 2522 καὶ

159 2159 199 2200 12.

323 2564 458 2668 μητέρα
482 2565 655 2671 λαχόντες
678 2565 743 2667 τήν
762 2570 831 2668 γῆν
850 2572 908 2647 καὶ
926 2569 964 2646 ἐν
981 2566 1119 2651 τούτοις
1136 2573 1210 2652 τοῖς
1227 2565 1403 2668 ε’πικήροις
1421 2565 1521 2651 ὄντες
1536 2601 1575 2661 15
1638 2573 1639 2582 ³

323 2687 504 2786 στόμασιν,
523 2691 608 2768 ἀλλ’
628 2695 658 2770 εί
681 2688 877 2793 γεγόνασίν
903 2725 993 2774 τινες
1017 2690 1063 2798 ἐξ
1084 2692 1186 2790 ήμῶν
1207 2687 1376 2796 φιλόθεοί
1395 2724 1433 2769 τε
1461 2693 1520 2770 καὶ

323 2813 461 2912 ἀγαθοὶ,
478 2818 578 2894 ποῖος
598 2810 669 2915 ἄρα
694 2811 823 2893 λοιπὸν
845 2810 1070 2914 ἐπικουρήσει
1088 2813 1199 2915 λόγος
1221 2820 1294 2895 τοῖς
1316 2812 1382 2911 τήν
1406 2815 1520 2892 ἀκλεᾶ

323 2937 380 3013 καὶ
404 2932 581 3034 ἐπάρατον
600 2935 780 3031 ἑλομένοις
804 2936 895 3039 ζωήν
919 2940 976 3017 ἐπὶ
1004 2945 1068 3017 τοῦ
1096 2937 1192 3017 θείου
1216 2934 1405 3035 βήματσς;
1435 2937 1519 3042 ε’ξὸν

322 3055 394 3159 γάρ
419 3059 456 3136 ἐν
478 3055 547 3164 ίσιρ
575 3065 649 3142 τοῖς
676 3058 804 3143 ἀλλοις
833 3062 1175 3158 κατασεμνόνεσθαι,
1194 3059 1284 3164 πρὸς
1308 3067 1382 3140 πᾶν
1400 3061 1520 3140 ὁτιοῦν

322 3185 394 3258 τῶν
411 3178 569 3260 ε’κτόπων
586 3183 767 3263 ἐθελονταὶ
787 3181 1046 3288 κεχωρήκασιν.

292 3455 309 3511 3
399 3423 466 3488 Οὐκ
493 3421 604 3492 οἴδατε
631 3430 680 3494 ὅτι
707 3429 863 3502 ἀττέλουι
891 3433 1081 3516 κρινοῦμεν;
1119 3427 1196 3502 μήτι
1225 3450 1257 3499 τε
1286 3428 1440 3508 βιωτικά,

375 3595 680 3697 Ἀναγνωσόμεθα
706 3597 744 3677 δὲ
771 3598 834 3676 τὸν
859 3599 986 3702 στίχον
1005 3601 1052 3682 ὡς
1075 3601 1113 3677 ἐν
1132 3595 1303 3701 ἐρωτήσει
1331 3602 1389 3676 καὶ
1419 3599 1510 3678 ὑπο·

321 3721 471 3824 στιγμῇ,
500 3722 549 3803 ὡς
579 3719 670 3798 κατὰ
698 3721 873 3823 ἐρώτησιν
901 3721 1152 3822 ἀναγνωστέον
1179 3731 1284 3801 τοῦτο
1313 3723 1394 3801 καθ’
1425 3725 1514 3803 ιἰπο·

321 3840 481 3944 στιγμήν
509 3843 574 3927 Τίς
601 3842 674 3946 γὰρ
700 3845 720 3923 5
749 3851 895 3943 τολμῶν
927 3850 1046 3941 εἰπεῖν,
1077 3845 1132 3925 ὅτι
1162 3843 1304 3950 ἀνάξιοί
1328 3847 1412 3924 ἐστε
1444 3853 1518 3924 τῶν

321 3969 432 4051 οὕτως
459 3966 724 4048 εὐτελεστάτων
747 3968 947 4071 κριτηρίων,
970 3973 1002 4048 οἱ
1027 3977 1071 4074 τῇ
1096 3977 1159 4048 τοῦ
1187 3969 1270 4062 βίον
1288 3966 1515 4070 λαμπρότητι
1535 4009 1577 4069 25

320 4091 497 4192 κρίνοντες
522 4090 585 4171 τόν
604 4092 765 4191 κόσμον;
795 4089 869 4172 εἶτα
898 4096 954 4170 καὶ
983 4091 1165 4193 λογισμὸν
1187 4091 1309 4194 ἐπάγει
1330 4101 1395 4171 τοῦ
1418 4099 1512 4193 είρη·

319 4213 426 4310 με’νου
454 4221 500 4321 τῇ
532 4223 596 4296 τοῦ
623 4215 778 4320 μείζονος
805 4216 1000 4319 παραθέσει
1029 4223 1213 4296 συνιστῶν
1240 4215 1283 4295 τὸ
1310 4225 1373 4296 τοῦ
1402 4215 1516 4318 λόγου

318 4337 478 4432 βέβαιον.
519 4338 692 4442 ἀγγόλινς
716 4339 754 4419 δὲ
783 4336 849 4419 ὧδε
878 4341 944 4444 οὐχ
969 4341 1101 4443 ἁγίους,
1129 4339 1210 4424 τοὺς
1239 4339 1449 4423 ἀποστάτας
1478 4339 1516 4421 δὲ

432 4571 494 4624 9-ρ.
503 4553 562 4625 263,
574 4569 598 4626 7.
619 4555 693 4612 Haec
707 4556 760 4612 duo
773 4575 841 4628 quae
853 4569 1002 4631 sequuntur
1015 4559 1114 4616 scholia
1127 4569 1297 4616 accesserunt
1310 4577 1341 4615 ex
1356 4559 1393 4614 Η.
