3280 5142
301 307 344 370 22
604 306 644 372 B.
667 299 879 372 CYRILLI
909 303 1196 372 ALEXANDR.
1349 300 1439 366 xviii.
1455 317 1507 365 10.

254 575 416 656 τοΣίμων
446 575 501 643 οὖν
533 579 657 670 Πέτρος
688 577 773 666 ἔχων
805 579 966 667 μάχαιραν
997 576 1145 643 εἵλκυσεν
1174 574 1274 640 αὐτὴν
1307 573 1361 638 καί
1387 570 1507 639 ἔπαισε

354 703 412 774 τὸν
438 710 495 770 τοῦ
523 704 701 794 ἀρχιερέως
729 703 847 769 δοῦλον
876 705 930 769 καί
956 702 1124 781 ἀπέκοψεν
1153 701 1252 766 αὐτοῦ
1279 699 1317 768 τὸ
1339 697 1440 764 ὠτίον
1467 695 1509 762 τὸ

355 829 472 898 δεξιόν·
508 827 546 895 ἤν
574 829 610 896 δὲ
637 830 742 906 ὄνομα
769 832 817 914 τῷ
844 827 952 914 δούλῳ
978 827 1124 916 Μάλχος

395 1001 623 1033 1181

397 1036 453 1082 ιτα
478 1036 513 1081 τι
537 1037 579 1082 το
602 999 856 1104 αναγκάζον,’
837 1009 911 1104 ερεῖ
925 1036 979 1085 τις
996 1035 1116 1153 τυχρν,
1134 999 1198 1082 τάν
1217 1000 1414 1080 θεσπέσιον
1433 999 1509 1078 Εύ-

306 1125 532 1230 αγγελιστὴν
558 1131 762 1228 μεμνῆσθαι
790 1129 848 1208 καί
879 1125 1026 1225 τούτων,
1053 1128 1101 1210 ὡς
1126 1129 1183 1204 καὶ
1213 1127 1377 1231 μαχαίρᾳ
1406 1121 1543 1224 παρά5

306 1287 349 1354 γε
374 1250 415 1332 τὸ
438 1251 561 1336 είωθάς
587 1251 804 1358 κεχρημένον
832 1249 1003 1358 ἐπιδεῖξαι
1031 1249 1094 1331 τάν
1121 1247 1285 1350 μαθητὴν
1313 1245 1404 1328 κατά
1431 1254 1508 1327 τῶν

270 1375 465 1478 Ιιὴκύντων
500 1382 548 1461 εἰς
581 1376 777 1481 σύλληψιν
810 1383 875 1456 τοῦ
911 1379 1087 1478 Χριστοῦ,
1123 1372 1337 1477 θερμότερόν
1374 1406 1413 1452 τε
1446 1369 1509 1452 καὶ

307 1499 551 1604 ἀπηνείιτερον
575 1497 666 1604 ἤπερ
685 1500 754 1580 ἔδει
771 1496 1005 1599 κεκινημένον,
1026 1499 1087 1578 ἔπί
1105 1532 1144 1578 τε
1171 1496 1308 1580 τούτοις
1326 1497 1423 1602 αύτῷ
1448 1499 1510 1576 καὶ

306 1627 522 1723 ἐπιτιμῶντα
543 1621 720 1727 Χριστόν.
761 1626 820 1704 καί
848 1621 994 1726 περιττὴ
1022 1620 1087 1722 μὲν
1114 1622 1203 1707 ἴσως
1223 1622 1390 1726 φανεῖταί
1409 1655 1509 1700 τισιν

306 1750 484 1848 ἦτούτων
506 1747 690 1855 ἐξίργησις,
717 1747 788 1853 ἔχει
814 1745 851 1827 δὲ
871 1749 938 1852 οὐχ
962 1749 1086 1832 οὕτως.
1127 1747 1169 1826 ού
1192 1745 1264 1850 γάρ
1288 1748 1353 1846 τῆς
1377 1742 1509 1850 τνχού-
1523 1785 1564 1826 ιο

307 1905 379 1972 σης
394 1873 478 1973 ἡμῖν
496 1872 672 1980 ἀφελείας
693 1869 931 1969 είσκεκόμικεν
949 1872 1033 1971 ἡμῖν
1052 1868 1299 1974 ύττογραμμόν.
1337 1865 1510 1970 εἰσόμεθα

308 1993 380 2100 γὰρ
417 1995 476 2077 διά
510 2005 575 2078 τοῦ
617 1993 819 2100 γεγονότος,
855 1995 960 2100 με’χρι
996 1992 1062 2096 μὲν
1098 1997 1194 2079 τίνος
1230 1991 1510 2096 ἀκατηγορήτως

306 2120 447 2222 πρόεισι
473 2125 537 2219 τῆς
561 2127 609 2206 είς
634 2120 799 2225 Χριστόν
823 2121 1007 2215 εὐσεβείας
1029 2123 1048 2202 ὃ
1077 2119 1198 2224 ζῆλος,
1224 2121 1262 2200 τί
1283 2117 1321 2199 δὲ
1348 2117 1393 2218 δὴ
1419 2124 1510 2222 δρᾶν

307 2243 492 2329 ἐθέλοντες
509 2248 547 2325 ἐν
564 2252 639 2329 τοῖς
661 2245 830 2329 τοιούτοις
856 2247 1007 2346 ἀγῶσιν,
1026 2246 1090 2326 ούκ
1113 2246 1158 2325 ἀν
1176 2280 1211 2325 τι
1234 2243 1508 2348 προσπταίσαι·

308 2404 374 2468 μεν
401 2375 474 2449 τῶν
500 2367 612 2476 ἐφ
577 2405 629 2454 οις
656 2375 821 2449 λυπεῖται
847 2368 953 2454 Θεός.
996 2369 1038 2449 ού
1066 2366 1138 2473 γάρ
1166 2367 1210 2469 δὴ
1237 2369 1438 2473 σίδηρον’
1417 2403 1507 2448 ανα-
1524 2400 1564 2461 15

279 2491 480 2595 οτείνειν,ἢ
504 2494 627 2577 λίθους
654 2493 805 2600 ἐξαίρειν
828 2492 921 2573 κατά
940 2528 1057 2592 τινων,
1076 2493 1188 2596 ἤγουν
1210 2492 1312 2601 ξύλῳ
1338 2491 1511 2576 παίοντας

310 2617 392 2702 τοὺς
419 2619 501 2697 διΗ
482 2618 721 2722 εναντίας,τη
750 2623 800 2701 είς
823 2615 988 2721 Χριστὸν
1007 2617 1172 2725 εὐσεβείᾳ
1193 2618 1423 2698 συναθλεῖν
1408 2651 1428 2695 ο
1446 2625 1513 2696 τοῦ

142 2763 222 2814 acor
233 2777 259 2813 ¹
309 2741 522 2847 πράγματος
558 2743 651 2844 ἡμᾶς
687 2742 813 2849 ἐφίησι
843 2739 1060 2827 τύπος·τά
1092 2739 1164 2846 γάρ
1193 2739 1293 2822 ὅπλα
1329 2741 1432 2841 ἡμῶν
1469 2742 1514 2820 ού

141 2847 166 2891 ⁴
310 2864 476 2971 σαρκικὰ,
513 2865 605 2945 κατά
640 2863 706 2963 τὴν
741 2901 806 2946 του
845 2866 998 2947 Παύλου
1031 2863 1168 2971 φωνήν·
1221 2868 1309 2946 ἀλλ’
1346 2863 1514 2966 ἠπιότητι

310 2997 457 3088 μᾶλλον
476 2993 534 3069 καί
560 2996 634 3137 τρῖς
662 2995 804 3096 φανῶσι
832 2991 1158 3145 προσφερεσθρι,
1139 3025 1225 3071 οταν
1253 2991 1338 3142 ἡμῖν
1364 2989 1407 3069 τὸ
1435 2992 1512 3069 δια.
1526 3023 1568 3064 20

311 3112 457 3268 φεύγειν
483 3109 610 3198 αύτούς
638 3115 941 3194 ἀποκλείωσιν
909 3149 944 3194 οι
963 3115 1088 3218 καιροί.
1129 3114 1226 3196 πολὺ
1242 3111 1314 3218 γάρ
1334 3112 1377 3214 δή
1404 3149 1440 3194 τι
1467 3114 1513 3194 τὸ

311 3237 465 3337 ἄμεινον,
484 3236 572 3390 ύπερ
595 3244 668 3317 τῶν
695 3243 743 3322 είς
767 3239 860 3339 ἡμᾶς
885 3238 1154 3400 ἀδικημάτων
1137 3274 1275 3341 ετερονς
1300 3239 1514 3319 εὐθύνεσθαι

237 3361 411 3466 ·παρά
439 3370 501 3443 τοῦ
526 3361 572 3442 τὰ
598 3363 715 3442 δίκαια
744 3363 937 3465 κρίνοντος,
963 3361 1054 3468 ἤπερ
1080 3363 1143 3444 οὖν
1171 3363 1263 3463 ἡμᾶς
1292 3362 1420 3446 αύτούς
1448 3359 1516 3441 τάν

211 3441 368 3593 'esp'
394 3487 545 3584 αἵμασιν
571 3486 789 3593 ἐξαιτεῖσθαι
821 3486 945 3589 λόγον,
968 3487 1157 3594 πρόφασιν
1187 3487 1417 3585 ποιουμένους
1446 3485 1515 3586 τὴν

313 3608 509 3703 εὐσέβειαν.
542 3612 632 3714 φαίη
651 3611 685 3689 δ’
707 3609 752 3690 ἀν
770 3645 824 3694 τις
845 3614 904 3690 καὶ
923 3610 1048 3713 ἑτέρως
1066 3607 1153 3691 εἶναι
1171 3617 1243 3690 τῶν
1261 3608 1513 3708 ἀτοπωτάτων,
1528 3646 1570 3707 ²5
1629 3643 1630 3718 ρ

279 3735 364 3840 ᾶτῷ
385 3739 459 3812 τῶν
482 3729 680 3812 διωκόντων
700 3731 843 3840 θανάτῳ
862 3739 968 3831 τιμᾶν
985 3732 1049 3814 τὸν
1068 3735 1125 3815 ἐπὶ
1148 3733 1303 3815 θανάτου
1325 3735 1430 3814 λύσει
1454 3737 1515 3814 καὶ
1629 3719 1630 3728 ί

313 3855 423 3938 αὑτὸν
454 3855 564 3956 ἡδέως
590 3853 752 3936 παθόντα
780 3856 844 3936 τὸν
872 3855 1039 3938 θάνατον.
1080 3860 1138 3938 καὶ
1169 3858 1265 3966 αύτῷ
1295 3858 1340 3938 δέ
1361 3893 1439 3942 πως
1469 3856 1516 3959 ἦν
1629 3961 1630 3970 ¹

313 3982 515 4083 ἀναγκαίως
542 3979 693 4060 ἕπεσθαι
720 3977 811 4060 κατά
839 3989 945 4061 τοῦτο
971 3987 1136 4090 Χριστῷ.
1176 3987 1206 4061 εί
1234 3980 1299 4081 μὲν
1327 3979 1399 4085 γάρ
1426 3983 1512 4061 ε’κα-
1629 3979 1630 4068 ί

312 4113 411 4185 λεῖτο
434 4102 526 4208 πρὸς
549 4103 718 4198 θάνατον,
740 4108 788 4189 ὡς
812 4105 856 4212 ἐξ
878 4105 1038 4208 ἀνάγκης
1063 4109 1122 4185 καί
1144 4107 1237 4203 βίας,
1257 4109 1305 4190 ὡς
1331 4107 1396 4185 ούκ
1422 4102 1516 4209 ἔχων

312 4229 520 4332 ἀνατρέπειν
538 4227 583 4335 ἐξ
602 4228 691 4312 ίδίας
711 4227 836 4333 ἰσχύος
856 4229 1138 4331 ἀπλεονέκτητον
1157 4231 1271 4310 οὖσαν
1290 4227 1350 4310 διά
1367 4225 1515 4330 πληθύν
1528 4268 1572 4326 30
1629 4213 1630 4274 ί

349 4492 376 4546 9.
394 4495 438 4564 γρ.
432 4479 557 4550 ,Χριστῷ
569 4476 620 4533 Ed.
633 4497 689 4551 mg.
702 4476 953 4550 ΧριστδνλιείιοῑΕ.
1283 4493 1324 4550 τ5.
1342 4479 1468 4536 θνατίνειν
1480 4479 1517 4538 Ε.

315 4562 359 4617 23.
377 4545 542 4616 κρίνοντιιΕ.
1629 4569 1630 4596 ι
