3294 5130
314 333 380 400 474
640 335 889 406 B.cYR1LL1
919 299 1181 402 Ammon.

147 524 275 576 amato.
315 497 363 581 ἀς
380 497 551 602 ὀκνηρός,
583 509 606 547 “
618 498 720 582 Ἔδει
747 533 792 581 σε
819 498 902 601 γὰρ,
921 501 1026 604 φησὶ,
1045 503 1264 594 καταβαλεῖν
1282 493 1323 576 τὸ
1342 487 1518 598 ἀργύριόν

148 606 207 640 xxv.
220 599 259 653 ²⁷⁸
315 629 337 666 “
354 653 425 717 μου
448 630 523 706 τοῖς
547 621 777 725 τραπεζῖταις,
796 620 896 724 κάγὼ
920 620 1037 701 ἐλθιὸν
1054 618 1276 720 ἐκομισάμην
1295 615 1340 696 ἀν
1361 614 1404 695 τὸ
1427 614 1518 714 ἐμὸν

313 752 335 788 “
353 741 425 820 σὸν
455 742 580 851 τάκιρ.”
619 745 746 823 οάκοιῖν
778 747 826 826 ὡς
858 741 1079 844 τραπεζῖταις
1111 745 1193 839 ὑμῖν
1220 737 1441 838 ἐπιστήμοσι
1470 733 1516 814 τὸ

313 865 527 944 δεσποτικὸν
557 866 727 968 ἀργύριον
754 865 921 971 ἐξοδιάζω
948 864 1033 964 ἐγώ·
1066 866 1163 964 ὑμεῖς
1190 863 1228 942 δέ
1255 859 1443 957 λαβόντες,
1465 864 1517 942 εἶς

314 993 399 1064 νοῦν
417 987 598 1067 ἀπόθεσθε
624 987 667 1068 τὸ
696 987 798 1068 δοθὲν
817 991 876 1068 καὶ
901 993 949 1073 εἰς
971 987 1014 1068 τὸ
1041 986 1155 1083 βάθος
1178 991 1242 1085 τῆς
1267 987 1401 1063 ἑαυτῶν
1419 1009 1550 1083 κάρ-5

315 1109 392 1192 διἀς
419 1109 593 1215 κρύφατε,
621 1111 660 1189 εὖ
691 1109 819 1192 εῖδάτες
853 1108 907 1189 ὅτι
939 1109 985 1189 τὸ
1016 1115 1065 1193 εἰς
1095 1113 1165 1211 γῆν
1196 1103 1408 1205 πεμπόμενα
1439 1109 1518 1181 τῶν

314 1231 532 1333 σπερμάτων
551 1233 798 1337 ἐγχωννύμενα
822 1231 888 1331 μέν
905 1239 982 1316 ταῖς
1000 1231 1136 1326 βώλοις
1161 1233 1392 1336 καρποφορεῖ,
1411 1224 1459 1306 τὰ
1476 1223 1517 1304 δέ

313 1354 557 1461 ἀκατάχωστα
575 1355 813 1459 διαρπάζεται.

869 1533 962 1610 XV.

371 1678 480 1779 Πλὴν
498 1681 725 1762 ἐσπούδασεν
744 1682 765 1759 ὁ
787 1681 919 1782 Κύριος
942 1679 1031 1781 μήτε
1050 1681 1093 1760 δι’
1114 1678 1203 1759 ὅλου
1221 1682 1429 1786 φανερῶσαι
1447 1672 1518 1772 τὴν
1536 1704 1574 1744 10

314 1803 441 1881 ἐαυτοῦ
460 1801 610 1902 θεότητα
629 1803 717 1903 μήτε
743 1808 792 1886 εἰς
817 1802 859 1882 τὸ
884 1801 1057 1886 παντελές
1075 1801 1294 1907 ἀποκρύψαι,
1313 1800 1355 1879 τὸ
1372 1797 1436 1898 μέν
1455 1795 1519 1876 διὰ

314 1921 398 2007 τοὸς
425 1922 516 2021 τότε,
533 1924 576 2003 τὸ
600 1925 637 2005 δέ
665 1923 724 2006 διὸ
747 1923 830 2010 τοὺς
857 1924 947 2025 μετὰ
972 1933 1095 2004 ταῦτα·
1125 1923 1219 2010 ώστε
1239 1922 1351 2028 δεῖξαι
1373 1924 1429 2000 καῖ
1449 1924 1519 2018 τῆς

315 2043 482 2144 θεότητος
508 2047 617 2126 αὐτοῦ
635 2049 693 2126 καὶ
711 2051 776 2146 τῆς
794 2046 1068 2150 ἀνθρωπότητος
1092 2045 1225 2149 τρανάς
1242 2043 1307 2129 τὰς
1324 2045 1515 2146 ἐνεργείας,

314 2167 372 2246 ἵνα
396 2167 484 2266 μήτε
512 2169 535 2268 ἡ
561 2170 637 2248 θεῖα
661 2169 808 2266 δύναμις
824 2172 1016 2272 ἀμβλννθῇ
1032 2169 1121 2269 μήτε
1139 2169 1161 2267 ἡ
1179 2167 1383 2270 ἀνθρωπίνη
1402 2165 1518 2270 φύσις

315 2291 510 2394 ἀπιστηθῇ.
560 2289 680 2389 ἐπειδὴ
710 2288 781 2392 γάρ
809 2291 960 2388 ἔμελλεν
987 2293 1123 2393 αἵρεσις
1155 2291 1367 2369 ἀνακύπτειν
1392 2289 1415 2387 ἡ
1447 2285 1511 2366 λε’·
1535 2315 1574 2373 ¹5

314 2443 433 2510 γονσα
453 2412 507 2491 ὅτι
526 2412 725 2517 φάντασμα
744 2410 789 2512 ἦν
809 2413 852 2492 τὸ
871 2420 980 2511 σῶμα
1003 2417 1062 2493 καὶ
1087 2415 1129 2518 ἐξ
1153 2413 1303 2516 ούρανοῦ
1321 2413 1514 2507 κατῆλθεν·

316 2535 357 2612 ού
375 2533 448 2636 γάρ
466 2532 512 2615 ἀν
530 2533 640 2630 ἔλαβε
665 2545 729 2616 τοῦ
754 2542 918 2642 φθαρτοῦ
941 2535 1112 2633 σώματος
1136 2532 1257 2636 σάρκα
1281 2532 1303 2631 ἡ
1328 2532 1516 2636 ἄφθαρτος

317 2656 439 2761 φύσις,
459 2656 530 2736 ούδ
550 2657 596 2736 ἀν
613 2659 826 2764 κατεδέξατο
843 2657 958 2761 ῥύπον
980 2656 1003 2758 ἦ
1021 2654 1255 2756 μολυσμὸνῆ
1274 2662 1423 2734 σπῖλον·
1455 2654 1517 2732 ἵνα

315 2779 547 2878 πιστώσηται
565 2781 585 2858 ὁ
604 2779 696 2862 Θεὸς
719 2788 791 2859 τῶν
809 2779 1009 2881 ἀνθρώπων
1026 2777 1069 2860 τὸ
1092 2780 1196 2881 γένος
1220 2777 1274 2858 ὅτι
1299 2786 1406 2858 τοῦτο
1429 2776 1515 2877 ἐγέ·

317 2901 435 2980 νετοδ
460 2903 580 3001 ἐσμεν,
599 2901 753 2999 μένωνὸ
776 2902 833 3003 ἦν,
854 2901 912 2983 διά
939 2912 1045 2982 τοῦτο
1072 2901 1303 3006 συνεχώρησε
1330 2905 1375 3006 τῇ
1404 2901 1518 3001 σαρκὶ
1535 2937 1578 2978 20

316 3022 473 3127 πάσχειν
501 3025 546 3103 τά
573 3023 653 3120 ἴδια,
675 3030 732 3105 καὶ
761 3025 869 3131 ἔδειξε
898 3029 1030 3122 διπλῆν
1056 3023 1123 3122 τὴν
1150 3025 1335 3126 ἐνέργειαν,
1357 3021 1519 3126 πάσχων

317 3145 382 3240 μέν
409 3149 456 3229 ὡς
489 3147 687 3249 ἅνθρωπος,
714 3150 866 3250 ἐνεργῶν
896 3147 933 3227 δέ
966 3151 1013 3230 ώς
1046 3147 1139 3231 Θεὸς
1170 3149 1190 3227 ὸ
1224 3146 1339 3230 αύτάς·
1369 3145 1411 3225 ού
1441 3144 1518 3248 γάρ

318 3265 434 3351 ἀλλος
462 3271 520 3347 καὶ
548 3269 675 3367 ἀλλος,
703 3276 732 3350 εὶ
761 3273 818 3350 καὶ
847 3271 972 3354 ἄλλως
999 3273 1058 3350 καὶ
1087 3270 1222 3354 άλλως.

336 3625 402 3693 Τοῦ
430 3626 520 3702 &riou
549 3629 700 3718 κυρίλλου
728 3627 774 3695 εἰς
803 3633 839 3697 τό
864 3631 972 3720 Πατὲρ
1000 3629 1046 3696 εἶα
1076 3627 1186 3719 χεῖράς
1213 3652 1270 3697 σου
1298 3630 1500 3718 παρατίθημι

769 3755 807 3821 τὸ
834 3756 961 3832 πνεῦμά
989 3779 1060 3832 μου.
1536 3777 1578 3836 25

376 3930 486 4032 Μέγα
522 3929 636 4011 πάλιν
667 3937 725 4010 καὶ
762 3932 940 4038 ἐξαίρετον
972 3930 1184 4035 κατόρθωμα
1221 3939 1298 4016 ταῖς
1333 3932 1519 4036 ἡμετέραις

320 4057 455 4157 φνχαῖς
473 4051 531 4132 διὸ
548 4063 612 4134 τοῦ
630 4054 775 4135 πάντων
793 4055 893 4153 ἡμῶν
913 4059 1081 4158 Σωτῆρος
1099 4060 1274 4157 Χριστοῦ.
1306 4055 1425 4154 ἐπειδὴ
1442 4055 1518 4158 γὰρ

319 4177 571 4277 δεδικαιώμεθα
595 4175 652 4256 διά
676 4180 739 4275 τῆς
763 4177 919 4261 πίστεως
942 4181 1007 4275 τῆς
1031 4183 1079 4262 εἰς
1103 4176 1211 4258 αύτὸν
1228 4180 1287 4258 καὶ
1306 4180 1344 4257 ἐν
1359 4178 1456 4284 αύτῷ
1473 4178 1518 4258 τὸ

354 4405 380 4453 4.
398 4388 435 4443 εἷς
446 4391 507 4442 νοῦν
518 4387 649 4443 ἀποθέσθε
661 4386 712 4441 hoo
725 4386 817 4442 ordine
831 4387 861 4442 L.
982 4405 1024 4444 10.
1042 4406 1056 4443 ο
1069 4387 1144 4444 Maio
1156 4407 1182 4460 p.
1192 4405 1246 4459 434
1258 4389 1312 4456 θα,
1325 4387 1470 4444 exhibeto
1483 4389 1516 4447 L.

318 4455 365 4509 fol.
378 4458 439 4527 498.
452 4458 577 4524 κνριλλαιι
588 4458 677 4526 ὁμιλία
689 4458 717 4510 in
729 4475 785 4527 mg.
798 4475 911 4527 ponens.
1023 4475 1066 4525 24.
1086 4459 1161 4514 Haeo
1172 4459 1224 4514 sub
1237 4459 1288 4514 hoo
1299 4460 1378 4514 titulo
1389 4459 1518 4516 exhibent

320 4523 435 4580 Catenae
445 4525 474 4579 in
486 4527 555 4581 Aeto
568 4526 618 4582 SS.
629 4527 828 4597 Apostolorum,
841 4528 876 4582 of.
889 4543 970 4598 supra
981 4546 1008 4599 p.
1021 4546 1082 4601 443.
1095 4529 1196 4585 contuli
1208 4547 1270 4586 oum
1283 4529 1355 4585 οἷοι.
1368 4543 1402 4600 5ν
1412 4547 1439 4586 τ.
