3280 5142
119 335 209 400 xviii.
223 357 276 422 30.
394 335 451 401 IN
482 337 514 403 S.
539 336 798 403 JOANNEM.
844 337 940 402 LIB.
965 337 1045 404 XII.
1278 341 1321 406 49

119 507 186 578 τοῦ
212 501 298 606 παρ’
328 505 446 586 αὐτοῖς
475 508 714 608 φιλυπευστεῖ
738 501 783 580 τά
811 501 1018 605 ἐγκλήματα
1048 505 1105 583 καὶ
1135 501 1319 605 περιεργά-

119 622 216 724 ζεται
243 623 307 710 τὰς
334 625 458 722 αίτίας,
485 623 569 708 τοῦς
600 624 703 704 οὐδὲν
729 624 976 728 ἡμαρτηκότας
1007 626 1217 707 εὐθύνεσθαι
1249 630 1320 706 δεῖν

119 744 235 847 ἤγουν
262 746 546 851 είσπριίττεσθαί
569 781 650 828 τινα
677 749 788 849 δίκην,
816 755 889 829 τιῦν
916 747 1060 830 ἀτόπων
1085 746 1172 829 εἶναι
1203 783 1320 853 παρα-

119 871 268 954 δεικνύς·
312 877 345 951 οί
377 870 416 951 δὲ
448 871 567 974 λέγειν
600 871 739 975 ἔχοντες
770 870 881 969 οὐδὲν,
910 876 959 957 ὡς
991 880 1063 954 τῶν
1094 873 1228 976 ἀγρίων
1257 873 1319 953 ἕνα

85 994 405 1099 επροσκομίζουσι
433 1001 591 1101 λῃστῶν.
633 994 864 1096 εὐλογώτατα
890 996 1008 1078 τοίνυν
1035 994 1125 1099 πρὸς
1152 996 1218 1096 τήν
1245 1002 1318 1077 τῶν

118 1118 303 1197 Ἰουδαίων
320 1117 454 1221 εἴρηται
472 1116 691 1220 συναγωγήν
710 1128 731 1164 “
745 1118 959 1220 Ἐδικαιιόθη
979 1120 1125 1233 Σόδομα
1145 1121 1185 1200 ἐκ
1209 1121 1314 1202 σοῦ.”
1361 1119 1486 1248 Q&

118 1241 179 1319 καὶ
204 1239 312 1324 αὐτὸς
339 1240 382 1319 δέ
403 1276 475 1323 που
503 1242 619 1347 φησὶν
642 1243 662 1321 ὁ
686 1239 848 1345 Χριστὸς
872 1241 936 1326 τὰς
961 1245 999 1322 ε”ν
1020 1241 1158 1329 τούτοις
1181 1250 1254 1324 τιῦν
1275 1244 1347 1351 ἐξα

118 1361 276 1466 Ἰσραὴλ
312 1365 497 1467 παροινίας
534 1365 806 1462 καταιτιώμενος
841 1375 863 1412 “
879 1367 987 1444 Ἀλλ’
1026 1366 1105 1447 οὐδὲ
1142 1365 1234 1447 κατὰ
1271 1367 1318 1448 τὰ
1362 1364 1475 1492 {m

118 1495 141 1532 “
159 1485 382 1586 δικαιώματα
397 1493 471 1567 τῶν
490 1489 601 1568 ἐθνῶν
616 1487 788 1589 ἐποίησάς
804 1487 897 1585 μοι.”
926 1490 985 1568 καὶ
1003 1489 1139 1590 ἀληθής
1156 1491 1176 1569 ὁ
1196 1487 1318 1592 λόγος,

69 1609 413 1713 τοεῖπερἜλληνες
440 1608 506 1709 μὲν
527 1617 601 1695 τοῖς
630 1614 667 1690 ἐν
690 1611 870 1719 ὑπολήψει
898 1612 1067 1714 γεγονόσι
1092 1619 1183 1694 θεῶν
1204 1616 1319 1698 λίθοις

117 1767 157 1811 τε
177 1736 236 1812 καὶ
254 1732 389 1841 ξύλοις,
409 1736 472 1813 οὐκ
491 1732 536 1813 ἀν
554 1733 600 1813 τά
618 1735 759 1834 συνήθη
781 1734 1019 1838 προσοίσειαν
1040 1735 1182 1836 θύματα
1205 1772 1317 1837 μεμο·

118 1857 316 1957 λυσμέυαις
334 1891 372 1936 τε
390 1860 449 1937 καὶ
466 1858 626 1942 ἀνίπτοις
644 1861 780 1962 χερσὶν,
797 1861 881 1937 ἀλλ’
902 1859 977 1938 οὐδ’
1000 1857 1044 1938 ἀν
1062 1857 1223 1940 ἀυὲλοιέν
1240 1895 1319 1940 τινα

116 1979 168 2079 μὴ
191 1982 272 2084 οὐχὶ
298 1988 370 2064 τοῖς
395 1977 562 2084 ἐσχάτοις
586 1981 760 2061 ε’ναλόντα
785 1990 915 2066 κακοῖς·
957 1987 990 2062 οἱ
1018 1981 1055 2062 δὲ
1083 1985 1196 2063 καίτοι
1224 1984 1319 2063 θύειν

116 2109 170 2210 τῷ
197 2101 290 2184 κατὰ
318 2105 432 2211 φύσιν
451 2108 535 2211 Θεηῖ
562 2105 604 2184 τὸ
632 2103 762 2210 πάσχα
785 2102 993 2204 μέλλοντες,
1019 2107 1167 2204 αίμασιν
1189 2104 1318 2214 ἀθῴοις

70 2267 81 2304 ι
87 2263 104 2322 5
117 2226 243 2332 ἔνοχον
261 2226 328 2326 τὴν
346 2229 475 2308 οἰκείαν
497 2234 699 2308 καθιστῶσι
726 2226 861 2334 ψυχήν,
880 2231 937 2308 καὶ
962 2230 1089 2313 ἀδίκως
1115 2232 1316 2311 ἀποκτεῖναι
1329 2251 1484 2307 ιιοθαλ.

116 2348 365 2454 σπουδάζουσι
384 2349 448 2430 τὸν
467 2351 613 2451 ἁπάσης
631 2353 806 2455 ἁμαρτίας
825 2351 1030 2455 ἀλλότριον.

112 2611 354 2701 Ἀπεκρίθιιοαῦ
383 2615 436 2680 καὶ
468 2607 559 2679 εἶπον
587 2614 676 2698 αὐτῷ
704 2612 739 2680 Εἰ
771 2614 815 2690 μῦ
847 2611 887 2680 ιἰν
913 2611 1009 2680 οὗτος
1043 2614 1230 2695 κακοποιὸς,
1257 2617 1369 2688 οῦκ30

458 2739 498 2804 ἄν
526 2763 576 2805 σοι
603 2739 842 2828 παρεδώκαμεν
869 2741 978 2810 αὐτόν.

172 2910 377 3012 Ἀποροῦσι
407 2909 472 3009 μὲν
499 2910 612 2993 αίτίας
645 2909 807 3014 εὐλόγου,
836 2911 1138 3014 περιστέλλονται
1170 2915 1213 2991 δι’
1240 2947 1318 2995 πως

65 3067 103 3106 20
115 3036 180 3130 τῆς
199 3033 369 3129 ἀσεβείας
389 3032 431 3114 τὸ
455 3030 583 3138 αἶσχος
601 3035 660 3112 καὶ
678 3032 721 3112 τὸ
740 3037 855 3113 δοκεῖν
873 3034 1002 3119 ἀδίκως
1021 3033 1167 3116 ἕλε’σθαι
1190 3041 1316 3141 φονῦν,

116 3155 350 3260 σοφιζόμενοι
368 3160 416 3241 ὡς
435 3155 594 3241 οὐδόλως
616 3156 839 3237 ἀποτίσαντα
862 3157 962 3256 δίκην
980 3157 1253 3260 προσεκόμισαν
1272 3157 1349 3237 θινὶ)

115 3277 182 3358 τὸν
202 3281 360 3378 Ἰησοῦν,
385 3286 411 3361 εί
438 3281 488 3386 μή
514 3315 548 3359 τι
574 3283 632 3359 καὶ
659 3279 818 3364 πταίσας
846 3280 936 3381 ἥλω,
962 3282 1088 3387 φασίν.
1130 3280 1317 3362 ῦποπλιίτ-

115 3437 240 3484 τονται
272 3403 344 3506 γὰρ
376 3403 427 3483 ἔτι
458 3412 523 3484 τοῦ
555 3403 666 3503 νόμου
694 3405 760 3503 τὴν
790 3403 954 3506 τήρησιν,
982 3405 1088 3484 ὁσίαν
1115 3407 1171 3512 ἐφ’
1201 3402 1317 3485 ἅπασι

115 3527 238 3628 κρίσιν
265 3534 445 3608 ποιεῖσθαι
471 3527 773 3630 προστάττοντος,
800 3531 858 3608 καὶ
885 3527 928 3608 τό
955 3563 997 3632 γε
1024 3527 1232 3634 παράδοξον
1259 3529 1317 3607 καὶ

63 3678 102 3738 25
116 3648 229 3746 αἰπήν
246 3647 476 3755 ἔξοπλίῷυσι
493 3649 559 3748 τὴν
578 3656 625 3734 είς
642 3648 706 3730 τὸν
722 3649 833 3751 νόριον
852 3712 1151 3734 .................
1169 3648 1316 3731 πιστεύ-

116 3778 223 3852 εσθαι
262 3771 334 3876 γάρ
372 3773 536 3881 ἀξιοῦσα
573 3776 622 3856 ὡς
659 3775 920 3879 νομοφύλακες,
953 3779 986 3856 οί
1023 3783 1088 3856 τοῦ
1125 3774 1317 3873 νομοθέτου

116 3902 326 3998 κατηγορεῖν
344 3897 408 3976 οὐκ
432 3894 661 3995 ὀκνήσαντες.
701 3896 811 3977 κακὸν
833 3897 872 3979 δὲ
899 3898 1033 4000 δρᾶσαί
1058 3905 1153 4006 φασι
1178 3895 1242 3977 τὸν
1260 3897 1315 3976 ἐπ’

115 4017 295 4120 ἀναιρέσει
333 4016 563 4125 φαυλότητος
599 4017 813 4125 ἀφιγμένον,
847 4021 906 4100 ἵνα
944 4022 1113 4127 φαίνηται
1147 4019 1259 4101 πόλιν
1296 4019 1316 4097 ὃ

115 4140 280 4243 Χριστὸς
305 4141 364 4220 διὰ
389 4147 451 4241 τῆς
475 4149 540 4222 τοῦ
565 4141 755 4250 προφήτου
781 4150 903 4250 φωνῆς
918 4144 1077 4224 Ἠσαίου
1099 4147 1180 4245 περὶ
1198 4144 1317 4222 αὐτῶν

62 4297 102 4356 3ο
114 4265 226 4348 εἰπόν
241 4275 262 4314 “
274 4265 369 4345 Οὐαὶ
388 4266 517 4361 αὐτοῖς,
536 4263 590 4345 ὅτι
609 4264 847 4366 ἀπεπήδησαν
866 4269 925 4348 ἀπ’
945 4269 1041 4365 ἐμοῦ,
1061 4265 1212 4346 δείλαιοί
1225 4271 1316 4346 εἰσιν
1328 4314 1346 4357 0
1359 4271 1422 4404 {13⁰²
1432 4275 1474 4325 vii.

151 4509 178 4562 3.
197 4496 277 4563 ἤγουν
289 4509 344 4547 om.
357 4493 390 4550 Ε.
436 4493 532 4549 Statim
545 4493 766 4564 ιίσάπριὶπεσθοι
778 4493 811 4548 Ε.
889 4511 915 4565 9.
933 4493 1059 4562 ε’ποίησαν
1071 4492 1104 4549 Ε.
1141 4566 1146 4577 ⁸
1188 4512 1201 4577 ν
1206 4512 1228 4548 1.
1247 4493 1314 4564 ξύλα

118 4563 150 4616 E.
241 4578 283 4630 ¹⁴·
301 4563 389 4620 ἀθόοις
401 4564 434 4619 Ε.
526 4579 569 4635 25.
587 4565 761 4632 ἐξωπλίζουσι
775 4565 807 4618 E.
897 4563 1005 4620 Lacuna
1018 4580 1052 4619 αο
1065 4565 1118 4620 fere
1130 4565 1181 4620 lm.
1195 4583 1222 4620 m
1237 4565 1269 4620 Ε.

161 4663 230 4709 VOL.
248 4664 298 4708 111.
711 4667 732 4709 Η
