3268 5130
297 336 363 399 226
464 334 503 398 B.
527 331 715 398 CYRILLI
741 330 1006 396 ALEXANDR.
1034 331 1317 398 FRAGMENTA
1382 331 1425 394 ix.
1444 349 1495 402 10.

148 463 274 530 [35Μ·]
299 504 444 597 μᾶλλον
456 499 513 604 ἐφ’
528 499 664 580 ἑαυτοῖς
676 492 742 595 τὴν
757 495 814 574 ἐπὶ
832 498 921 601 τῷδε
938 491 1050 601 δόξαν
1068 493 1114 576 τὶ
1127 496 1167 576 ἔκ
1181 493 1237 589 τίς
1256 494 1495 598 ἷΜΎῪῑᾸῘιῦ

298 622 486 702 τουτέστιν
504 619 551 701 τὰ
568 618 625 699 διὰ
643 621 809 702 πίστεως·

250 885 288 925 το
302 860 348 927 Οὐ
375 861 474 938 μόνον
502 860 548 939 δὲ,
574 860 660 927 ἀλλὰ
689 859 741 924 καί
763 858 921 937 Ῥεβέκκα
946 859 983 926 ἐξ
1010 860 1085 926 ίνὸα
1113 857 1222 926 κοίτην
1246 859 1363 946 ἔχουσα
1381 855 1496 926 Ἰσαὰκ

729 990 785 1051 τοῦ
813 985 937 1073 πατρὸα
964 985 1069 1062 ἡμῶν.

355 1157 493 1236 Ἰστέον
521 1155 575 1235 ότι
607 1155 906 1256 συρπεπερασται
935 1154 1001 1255 ρέν
1034 1157 1197 1256 οὐδαμῶς
1226 1158 1247 1236 ὁ
1281 1164 1346 1236 τοῦ
1382 1151 1533 1256 λόγου5

300 1279 449 1378 σκοπὸς,
481 1278 682 1382 ἀπήρτηται
716 1276 754 1358 δὲ
782 1284 938 1376 μᾶλλον,
968 1279 1026 1357 καί
1058 1281 1171 1359 δεῖταί
1197 1312 1292 1363 τινος
1324 1276 1498 1383 βραχείας·

300 1405 499 1506 ἐπαγωγῆς,
518 1401 631 1503 ἤγουν
647 1401 1032 1504 προσυπακουομέυων,
1051 1400 1109 1481 ἵνα
1133 1400 1184 1501 μὴ
1203 1400 1346 1504 σκάζων
1365 1401 1494 1502 ὁρῶτο.

301 1525 380 1606 ἔστι
405 1524 442 1605 δὲ
464 1525 484 1605 ό
504 1533 597 1632 φημι
622 1533 792 1605 τοιοῦτον·
821 1524 1056 1630 προαπέδειξε
1080 1523 1239 1628 μὲνγὰρ
1264 1528 1313 1608 ὡς
1337 1521 1410 1603 ἀπὸ
1431 1531 1498 1602 τοῦ

302 1645 471 1728 δεδόσθαι
500 1653 552 1756 τῷ
579 1645 751 1750 Ἀβρσάμ
782 1647 826 1753 ἐξ
852 1648 1069 1750 ἐπαγγελίας
1097 1647 1161 1728 τὸν
1187 1646 1328 1743 Ἰσαὰκ,
1360 1645 1416 1726 ὅτι
1444 1643 1497 1744 μὴ

132 1779 214 1892 {¹11³ss
222 1793 275 1830 W·
301 1769 444 1854 πάντως
471 1769 646 1850 τὰτέκνα
670 1772 731 1869 τῆς
757 1768 905 1872 σαρκὸς,
935 1778 1048 1850 ταῦτα
1076 1772 1173 1877 αὐτῷ
1200 1774 1498 1871 καταλογισθεῖεν
1518 1809 1560 1849 ιο

149 1882 155 1895 ’
301 1890 346 1973 ἀν
364 1895 423 1973 καὶ
441 1897 488 1978 είς
508 1891 802 1996 σπερμα-πρέποι
822 1891 856 1973 δ’
871 1889 916 1972 ἂν
934 1891 977 1973 τό
995 1893 1219 1998 χρηματίζειν
1233 1891 1342 1974 αὐτὸν
1358 1892 1498 1996 ποτερα

300 2023 373 2096 τῶν
390 2019 429 2096 ἐκ
450 2015 605 2102 πίστεως
626 2018 686 2095 καὶ
710 2016 940 2119 ἐπαγγελίας·
971 2013 1046 2097 εἶτα
1065 2017 1203 2124 δέχεται
1218 2016 1285 2117 τὴν
1302 2015 1499 2112 Ῥεβέκκαν

299 2141 359 2219 καί
385 2137 431 2219 τὰ
455 2141 508 2220 ἐπ’
528 2141 618 2243 αὐτῇ
646 2137 831 2242 γεγονότα,
850 2141 912 2219 καί
927 2145 1042 2247 φησιν
1060 2146 1114 2220 Οὐ
1134 2141 1225 2244 μόνον
1244 2134 1290 2232 δὲ,
1311 2140 1498 2220 τουτέστιν

299 2264 341 2342 οὐ
367 2261 469 2367 μέχρι
497 2262 541 2362 δὴ
569 2261 680 2361 μόνης
707 2265 771 2362 τῆς
795 2260 924 2341 ’Ῑσαάκ
951 2262 1153 2363 γεννήσεως
1176 2264 1196 2344 ὃ
1218 2262 1302 2363 έμάς
1327 2261 1499 2369 ἀφίξεται

298 2383 419 2489 λόγος,
438 2384 542 2467 ιἰλλιὶ
569 2386 641 2488 γὰρ
662 2393 721 2467 καί
741 2383 914 2480 Ῥεβέκκα
941 2386 978 2493 ἐξ
1008 2385 1074 2471 ίνδς
1099 2388 1203 2479 κοίτην
1222 2386 1350 2484 ἔχουσα
1367 2384 1499 2468 Ἰσαῖικ
1517 2419 1560 2480 15

298 2512 355 2591 τιῧ
383 2507 510 2616 πατρίς
538 2509 637 2614 ἦμῶν·
676 2511 735 2588 καί
766 2506 811 2608 ἦν
835 2511 1029 2609 ἀναγκαῖον
1057 2516 1363 2612 προσεπενεγκεῖν,
1395 2543 1498 2608 συμ-

298 2631 627 2738 παραληφθήσεται
660 2629 769 2737 τυχόν
804 2630 896 2735 πρὸς
928 2629 1111 2739 ἀπόδειξιν
1143 2635 1202 2713 καὶ
1234 2633 1499 2738 πληροφορίαν,

298 2755 411 2858 ἤγουν
447 2756 549 2836 ἔσται
585 2754 676 2859 πρὸς
714 2754 945 2836 ὑποτύπωσιν
983 2757 1042 2834 καί
1079 2753 1282 2855 είκουισμὸν
1318 2759 1382 2854 τῆς
1419 2757 1497 2835 κατ’

287 2879 452 2981 ’ἐκλογήν
470 2912 509 2958 τε
527 2882 585 2959 καὶ
606 2877 818 2982 πρόγνωσιν
836 2877 1002 2979 κλήσεως
1021 2913 1060 2959 τε
1084 2883 1142 2958 καὶ
1170 2876 1325 2983 χάριτος·
1353 2880 1501 2979 ἐπεισην-

298 3001 447 3102 εγμένου
475 3002 545 3104 γὰρ
574 3000 735 3082 τοιούτου
763 2999 869 3100 τινὸς,
899 3001 1022 3108 ἔδοξεν
1053 3000 1098 3082 ἀν
1131 2999 1211 3082 τότε
1241 3003 1371 3105 ἀρτίως
1400 3001 1500 3109 αὐτῷ
1518 3041 1560 3081 ιο

301 3129 520 3224 πεποιῆσθαι
548 3123 678 3206 λοιπὸν
707 3127 727 3204 ὁ
758 3123 883 3227 λόγος·
934 3126 1019 3205 ἀλλ’
1054 3125 1119 3205 οὐκ
1152 3121 1231 3204 οἶδα
1263 3123 1360 3210 ὅπως
1391 3133 1500 3206 τοῦτο

302 3250 436 3351 παρεὶς,
454 3250 507 3328 ἐπ’
527 3247 618 3330 αὐτὰ
645 3249 845 3354 κεχώρηκεν
862 3247 965 3332 εὐθὺς
992 3247 1039 3329 τὰ
1062 3250 1120 3328 ε’πὶ
1144 3253 1189 3354 τῇ
1212 3247 1348 3351 γενέσει
1366 3255 1439 3329 τῶν
1456 3248 1504 3356 ἐξ

302 3370 431 3452 Ἰσαάκ
447 3369 610 3476 είρηρένα
628 3406 667 3452 τε
686 3377 743 3452 καί
761 3372 1006 3475 πεπραγμένα.

183 3511 226 3566 36
242 3507 291 3566 E

193 3630 289 3686 14-24
304 3601 345 3668 Τί
370 3597 427 3669 οὖν
453 3602 612 3692 &possum
641 3603 684 3679 μεὶ
713 3600 823 3667 ἀδικία
851 3601 939 3691 παρὰ
966 3605 1015 3688 τῷ
1042 3602 1137 3686 Θεῷ;
1166 3601 1209 3680 μδ
1239 3603 1363 3678 τένοιτο
1389 3605 1500 3672 κ.τ.λ.

353 3725 409 3802 ἕως
436 3725 490 3792 καί
515 3727 671 3792 ἐκάλεσεν
698 3727 785 3804 ἡμᾶς
811 3726 849 3792 οὐ
876 3728 976 3804 μόνον
1007 3727 1044 3798 ἐξ
1073 3724 1228 3794 ἰουδαίων
1260 3727 1345 3794 ἀλλὰ
1377 3727 1430 3792 καὶ
1461 3727 1558 3810 ἔξα5

352 3850 471 3920 ἐθνῶν.

356 4013 504 4115 Ἐπειδὴ
522 4011 567 4115 ἦν
584 4011 675 4099 εἰκὸς
693 4021 764 4095 τῶν
781 4013 1084 4123 φιλεγκλημόνων
1102 4013 1244 4096 οἴεσθαί
1257 4049 1366 4114 τινας,
1384 4018 1502 4120 We

338 4211 365 4266 5.
376 4197 477 4254 Ἰστέον
487 4197 574 4267 μέντοι
586 4199 621 4256 ὥς
632 4198 660 4254 έν
670 4201 706 4271 τῷ
721 4199 759 4253 Οὔ
770 4199 849 4268 μόνον
861 4199 899 4264 δέ,
911 4198 982 4252 ἀλλὰ
994 4199 1035 4253 καί
1046 4198 1165 4269 ρεβίκκα,
1178 4201 1393 4271 συμπεπέρασται
1404 4201 1452 4270 μίν
1464 4203 1501 4258 Α.

302 4269 329 4324 ό.
346 4270 472 4338 βραχείας
483 4271 551 4326 τινὸς
563 4269 667 4324 inverso
680 4269 772 4324 ordine
785 4271 818 4323 A.
909 4281 934 4339 7.
952 4267 1044 4392 ηχσνν]
1061 4277 1091 4334 -1-
1105 4276 1156 4325 τῶν
1167 4270 1202 4326 A.
1291 4288 1331 4326 το.
1351 4273 1452 4328 πάντας
1462 4274 1502 4328 A.

303 4341 396 4394 πάντες
409 4338 460 4392 Ed.
581 4357 623 4406 14.
641 4339 669 4393 δι’
682 4357 731 4410 pro
743 4339 775 4409 δὴ
787 4340 821 4392 A.
950 4357 960 4393 1
984 4380 990 4393 .
1010 4340 1300 4414 συμποροληφθήσεται
1313 4340 1347 4395 A.
1360 4363 1501 4412 συμπαρα-

303 4407 473 4478 λειφθὴσεται
487 4407 537 4462 Ed.
699 4425 743 4463 20.
761 4409 854 4479 ἀρτίως
865 4409 899 4464 A.
912 4409 999 4480 ὅρτιος
1012 4409 1063 4464 Ed.
1231 4427 1275 4466 αι.
1293 4412 1386 4466 λοιπὸν
1396 4429 1453 4465 om.
1465 4411 1501 4466 A.

303 4483 358 4532 πῶς
370 4477 403 4530 A.
545 4493 587 4532 ατ.
605 4477 723 4548 γεννήσει
736 4479 770 4534 A.
907 4497 950 4551 αα
968 4501 995 4534 τε
1007 4497 1062 4536 om.
1074 4483 1109 4538 A.
1253 4493 1296 4551 ογ.
1316 4481 1373 4537 luc.
1393 4479 1502 4552 Ἐπειδὴ

304 4546 389 4600 τοίνυν
400 4545 466 4602 ιίκδς
478 4545 508 4613 ἦν
519 4552 570 4602 τῶν
583 4548 617 4603 A.
