3280 5142
303 334 346 396 56
607 333 646 398 B.
671 332 880 398 οιατοατ
910 333 1204 398 ALEXANDR.
1282 331 1504 418 xv111.38,39.

302 497 361 574 καί
390 496 736 598 δυσπαρακόμιστον
759 503 808 582 είς
835 496 877 579 τό
906 504 1052 604 φρονεῖν
1074 495 1210 578 ε’θὲλειν
1231 497 1358 600 ὀρθῶς,
1375 494 1503 596 ε’ποίγει

301 619 489 722 χρησίμως
508 623 587 707 Πῶς
612 631 628 702 o‘
654 617 695 702 ῶν
717 624 757 703 ἐκ
784 620 841 715 τ’ἧς
868 619 1029 716 ἀληθείας
1056 620 1169 702 ιἰιιιύει
1197 657 1264 724 μιν
1290 618 1348 713 τ’ἧς
1375 617 1498 726 φωνῆς.

301 741 561 845 εύπαράδεκτος
588 742 660 847 γάρ
686 748 750 844 τῆς
775 745 944 843 ἀληθείας
970 746 991 823 ὁ
1015 741 1127 845 λόγος
1150 750 1225 826 τοῖς
1248 741 1317 842 ἤδη
1342 740 1506 840 μαθοῦσί

301 898 340 946 τε
368 869 427 946 καί
453 867 646 969 ἀγαπῶσα
674 867 795 968 αὐτὴν,
821 875 895 953 τοῖς
924 865 962 948 δί
989 867 1041 968 μὴ
1068 866 1249 965 τοιούτοις,
1274 867 1400 946 ούκέτι.
1440 869 1501 945 καὶ
1628 954 1633 969 Ι

302 997 392 1091 γοῦν
424 992 444 1069 ό
477 989 667 1099 προφήτης
698 986 825 1093 ἐ’λεγεν
852 989 1013 1076 Ἡσαΐας
1043 989 1135 1094 πρός
1166 1024 1264 1074 τινας
1291 1000 1313 1037 “
1330 987 1421 1069 Ἐὰν
1447 988 1535 1089 μή5
1629 1018 1635 1076 “,

290 1121 324 1160 ’“
342 1115 573 1214 πιστεύσητε,
603 1115 679 1194 οὐδ’
711 1117 753 1194 οὐ
783 1115 834 1217 μὴ
870 1116 1037 1214 συνῆτε.”
1081 1113 1101 1194 δ
1134 1117 1194 1194 καὶ
1229 1111 1332 1197 εὐθὺς
1366 1111 1499 1213 ἀληθὲς

302 1236 465 1342 ὑπάρχον
483 1236 692 1324 ἀποδεικνὺς
717 1240 737 1318 ὁ
758 1238 920 1323 Πιλάτος
942 1238 1013 1344 ἔφη
1032 1240 1078 1318 Τί
1096 1238 1182 1318 ἐστιν
1199 1235 1359 1332 ἀλήθεια,
1390 1235 1499 1340 όνπερ

302 1357 373 1462 γὰρ
398 1357 534 1463 τρόπον
555 1369 629 1446 τοῖς
654 1359 720 1462 τὴν
742 1370 806 1442 τοῦ
833 1361 1005 1460 σώματος
1031 1360 1121 1466 όψιν
1145 1361 1422 1460 λελωβημένας,
1440 1363 1499 1439 καί

301 1482 549 1564 ἐκπεπτωκόσι
581 1491 768 1569 παντελῶς
803 1488 868 1584 τῆς
902 1485 944 1563 δι’
979 1486 1183 1590 ὀφθαλμῶν
1214 1481 1430 1582 αἰσθήσεως,
1460 1486 1500 1563 ἐν

302 1606 416 1686 ούδενὶ
443 1607 608 1688 τέτακται
635 1613 832 1706 παντελῶς,
855 1607 945 1689 ὅσον
969 1607 1054 1708 ἧκεν
1078 1612 1127 1692 είς
1151 1607 1313 1712 εύχροίας
1337 1605 1497 1705 δύναμιν,
1515 1641 1556 1680 το

301 1731 360 1810 καί
386 1734 416 1809 εί
443 1729 583 1836 χρυσόν
606 1766 660 1814 τις
686 1734 954 1834 παρακομίσειε,
973 1733 1031 1812 καί
1055 1735 1085 1810 εί
1109 1728 1279 1833 λαμπρὸν
1301 1733 1358 1811 καὶ
1382 1730 1500 1812 πολύ-

134 1869 405 1951 104οΔ.ιιτιμον
422 1854 592 1960 ἐπιδείξαι
610 1855 727 1934 λίθον·
759 1854 860 1934 ἀλλὰ
878 1857 937 1936 καί
955 1855 1042 1934 αύτὸ
1060 1858 1123 1954 τῆς
1142 1853 1246 1953 ἡλίου
1263 1858 1500 1957 μαρμαρυγῆς

301 1975 538 2070 ἀθαύμαστον
579 1977 682 2057 ἔσται
722 1975 764 2057 τὸ
809 1984 899 2085 φῶς,
936 1979 1102 2078 ούδεμίαν
1139 1977 1313 2077 α’ίσθησιν
1348 1976 1499 2060 ε’νιέντος

300 2100 420 2182 αὐτοῖς
439 2100 745 2205 τοῦπράγματος,
764 2100 877 2203 ἤγουν
894 2101 1104 2182 ἀπόνασθαί
1122 2135 1216 2186 τινος
1239 2099 1498 2180 τῶντοιούτων

298 2221 394 2330 ε’ξόν·
426 2227 519 2304 οὕτω
538 2232 612 2308 τοῖς
635 2225 760 2329 ε”χουσι
783 2226 1040 2327 πεπηρωμένον
1058 2224 1122 2304 τόν
1139 2233 1223 2304 νοῦν
1241 2224 1497 2322 ἀκαλλεστιίτη
1515 2257 1551 2316 15

298 2379 353 2430 τις
384 2343 473 2427 εἶναι
505 2351 689 2428 δοκεῖκαὶ
719 2348 884 2449 δυσειδὴς
915 2349 938 2448 ἡ
968 2346 1128 2448 ἀλήθεια,
1157 2347 1271 2428 καίτοι
1301 2347 1430 2448 νοητήν
1458 2382 1495 2427 τε

298 2473 357 2550 καὶ
393 2473 493 2552 θείαν
523 2470 764 2576 μαρμαρυγήν
800 2479 877 2557 ταῖς
913 2478 986 2552 τῶν
1023 2471 1190 2575 ὁρώντων
1222 2472 1333 2571 αὐτὴν
1364 2473 1496 2552 ε’νιεῖσα

297 2600 444 2701 ψυχαῖς.

299 2837 358 2903 Καί
384 2846 480 2906 τοῦτο
508 2837 611 2904 εἰπὼν
638 2841 736 2905 πάλιν
763 2841 884 2907 ἑξιῖλθε
911 2840 992 2928 πρὸς
1018 2839 1096 2906 τοὺο
1114 2838 1305 2918 Ἰουδαίουο,
1329 2838 1382 2902 καί
1408 2838 1495 2912 λὲτει

245 2981 284 3040 39
349 2960 462 3029 αὐτοῖς
477 2964 567 3039 Ἐςὼ
589 2964 745 3042 οὐδεμίαν
768 2965 909 3054 εὑρίσκω
926 2965 962 3030 ὲν
986 2967 1076 3050 αὐτῷ
1100 2961 1218 3032 αἰτίαν.
1248 2965 1317 3031 ἔστι
1341 2963 1377 3029 δὲ
1400 2965 1495 3030 συνιί-
1511 2993 1550 3031 20

347 3101 418 3152 θεια
455 3084 527 3166 ὑμῖν
565 3089 618 3154 ίνα
653 3092 711 3155 ἕνα
748 3089 880 3166 δέσμιον
916 3090 1075 3155 ἀπολύσω
1111 3086 1183 3166 ὑμῖν
1218 3090 1254 3154 ἐν
1289 3092 1337 3174 τῷ
1376 3089 1492 3175 πάσχα·

262 3216 283 3280 b
346 3217 501 3291 βούλεσθε
529 3211 585 3280 οὖν
612 3214 772 3282 ἀπολύσω
797 3211 870 3291 ὑμῖν
897 3213 953 3280 τὸν
981 3217 1114 3292 βασιλέα
1142 3215 1208 3281 τῶν
1230 3214 1422 3296 Ἰουδαίων,

351 3392 416 3470 Eis
452 3385 653 3489 κατάκριμα
689 3391 753 3487 τῆς
785 3385 968 3467 Ἰουδαίων
999 3385 1211 3492 οίφιλοθεΐας
1243 3420 1281 3465 τε
1314 3390 1404 3488 ὁμοῦ
1437 3390 1496 3466 καὶ

293 3510 490 3610 ὠμότητος,
511 3509 578 3610 τήν
600 3518 665 3589 τοῦ
688 3511 825 3590 δικαίου
849 3513 907 3588 καί
933 3509 1132 3612 πρέποντος
1153 3509 1369 3616 προίσχεται
1395 3517 1492 3612 γνῶ-

293 3636 410 3733 σιν,ό
437 3633 489 3735 μή
518 3641 592 3718 τοῖς
621 3635 725 3717 θείοις
753 3632 966 3733 μαθήμασιν
995 3635 1169 3739 ε’παυχῶν,
1195 3634 1428 3738 ἀνθρωπίνων
1455 3631 1494 3714 δὲ
1509 3667 1549 3726 ²5

294 3757 425 3865 φύλαξ
448 3755 702 3860 διορισμιίτων,
722 3759 780 3835 καί
808 3753 858 3835 ῶν
884 3759 1000 3859 δῶρον
1025 3753 1096 3862 εἶχε
1124 3757 1191 3858 τὴν
1214 3756 1340 3863 ἀρχὴν,
1359 3756 1494 3836 τούτων

293 3881 348 3963 ὅτι
373 3881 416 3981 δή
440 3878 606 3980 μάλιστα
630 3878 676 3960 τὰ
701 3880 938 3979 θεσπίσματα
962 3881 1251 3980 δυσωπούμενος.
1293 3879 1494 3982 δδρῶντοίς

293 4039 332 4086 τε
364 4009 422 4085 καί
456 4010 603 4110 φρονεῖν
632 4002 822 4100 ἑλομένους
853 4000 936 4090 τοὺς
966 4011 1040 4084 τῶν
1066 4004 1271 4085 Ἰουδαϊκῶν
1300 4001 1495 4105 ταγμάτων

292 4127 507 4232 καθηγητὰς,
533 4126 577 4229 ἦν
600 4126 646 4208 ἀν
674 4126 788 4229 δήπου
816 4131 875 4208 καὶ
901 4128 986 4208 λίαν
1014 4127 1106 4212 είκὸς
1134 4127 1200 4228 τὴν
1227 4137 1291 4208 τοῦ
1319 4127 1494 4223 διαβόλου

262 4249 414 4354 οποίγην
442 4251 686 4351 ύπεκθίοντας,
712 4256 771 4333 καὶ
798 4250 840 4333 τὸ
870 4259 943 4332 τῶν
972 4252 1099 4333 ἀλλων
1126 4251 1296 4333 ἁπάντων
1318 4253 1491 4354 μυσαρῶ·
1510 4279 1550 4335 30

293 4483 353 4610 λ’δ.
363 4483 413 4609 ἐιῧί
427 4499 481 4540 om.
496 4484 527 4540 E.
715 4503 757 4540 το.
776 4483 859 4556 Ἐγὼ]
877 4492 904 4549 -1-
920 4485 948 4540 δί
963 4485 995 4540 Ε.
1182 4501 1225 4540 21.
1244 4485 1372 4542 ἀπολύσω
1385 4486 1417 4541 Ε.
1429 4487 1494 4540 ἀπο-

312 4575 347 4610 να
408 4593 413 4608 .
