3294 5130
473 355 757 422 FRAGMENTA
788 351 1110 419 HOMILIARUM.
1324 351 1389 416 467

1427 467 1454 506 11
1485 455 1523 506 M.

189 516 259 602 νῦις
287 521 370 601 καθ’
398 521 490 620 ἡμᾶς
523 525 544 601 ὁ
574 517 794 622 Μονογενής,
818 517 1025 617 ὠνόμασται
1052 516 1134 598 τότε
1161 518 1219 598 καὶ
1245 516 1388 615 Ἰησοῦς
1400 454 1425 602 ές
1434 474 1497 602 υόο.
1511 455 1547 604 ιι]

188 641 333 742 διάτῆς
358 652 421 724 τοῦ
446 644 606 747 ἀγγέλου
625 647 759 748 φωνῆς·
789 640 869 722 τότε
887 638 1118 745 κεχρημάτικε
1143 643 1202 719 καὶ
1224 636 1386 719 ἀπόστο·
1400 634 1440 668 '¹'

187 776 254 849 λος
282 771 340 846 καί
369 768 558 872 ἀρχιερεύς.
596 769 721 846 οὐκοῦν
742 764 767 866 ἢ
791 765 1042 868 ἀρνείσθωσαν
1060 767 1216 865 ἐναργῶς
1241 761 1296 842 ότι
1322 761 1384 863 γε’·

186 921 273 989 γονε
300 888 403 996 σάρξ
428 892 449 970 ό
475 890 606 993 Λόγος,
630 889 815 970 τουτέστιν
842 887 1039 989 ἅνθρωπος,
1061 885 1322 993 ε’μψυχωμένον
1349 919 1388 964 τε

153 1018 248 1104 5καὶ
280 1012 402 1093 ἔννουν
430 1021 541 1113 σῶμα
572 1012 710 1108 λαβὼν,
742 1013 801 1092 καὶ
830 1009 910 1090 τότε
940 1007 1060 1092 πάντα
1089 1009 1136 1088 τὰ
1166 1012 1248 1112 περὶ
1279 1010 1388 1088 αὐτοῦ

186 1135 419 1237 γεγραμμένα
454 1136 726 1239 περιαγέτωσαν
763 1140 812 1218 εἰς
849 1133 913 1213 τὸν
944 1139 1070 1213 οἰκεῖον
1101 1132 1254 1213 σκοπόν·
1300 1131 1324 1232 ή
1358 1135 1386 1210 εἰ

188 1264 388 1364 φοβοῦνται
414 1259 456 1339 τὸ
484 1261 668 1363 ἀρνεῖσθαι
695 1257 737 1338 τὸ
765 1255 975 1357 μυστήριον,
999 1253 1277 1359 θαυμαζέτωσαν
1303 1256 1385 1353 μεθ’

188 1381 288 1478 ἡμῶν
308 1381 373 1461 τὸν
397 1384 440 1462 δι’
462 1383 555 1481 ἡμᾶς
582 1384 619 1463 έν
641 1389 715 1466 τοῖς
743 1380 825 1461 καθ’
846 1381 938 1479 ἡμᾶς
965 1377 1150 1480 γεγονότα,
1168 1376 1387 1478 μεμενηκότα
1420 1429 1424 1435 ·

187 1502 301 1582 δὲκαὶ
323 1507 415 1585 οὕτω
435 1503 541 1585 Θεόν·
572 1507 652 1585 τότε
677 1503 748 1608 γάρ
766 1501 808 1584 τῦ
831 1508 895 1603 τῆς
919 1502 1101 1585 κενώσεως
1123 1512 1386 1604 πολυπραγμο-

132 1669 173 1711 ιο
188 1635 328 1712 νοῦντες
351 1623 491 1730 μέτρον,
512 1628 575 1708 τὸν
593 1627 701 1708 αὑτὸν
720 1626 915 1730 εὑρήσουσι
938 1629 997 1705 καὶ
1019 1624 1228 1706 ἀπόστολον
1245 1627 1385 1726 ἀνθρω-

186 1749 308 1849 πίνως,
326 1755 385 1831 καὶ
413 1750 685 1854 κηρυσσόμενον
713 1758 835 1835 θεῖκῶς
861 1749 960 1853 παρὰ
988 1757 1060 1829 τῶν
1088 1746 1384 1847 ἀπεσταλμένων·
1485 1803 1488 1812 .

185 1875 266 1952 τίνα
293 1872 365 1976 γάρ
393 1873 583 1977 ἐκήρυττον
610 1883 684 1959 τοῖς
711 1875 852 1954 έθνεσιν
880 1879 913 1953 οἱ
940 1871 1106 1974 μακάριοι
1133 1876 1300 1970 μαθηταὶ,
1328 1874 1387 1950 καὶ

187 2006 293 2077 τοῦτο
316 2000 364 2080 ὡς
384 1995 479 2077 θεὸν
498 1997 696 2098 ἀληθινόν;
728 1994 782 2099 ἀρ’
801 1998 880 2102 οὐχὶ
904 1995 967 2076 τὸν
986 1996 1106 2096 κόριον
1124 1998 1225 2094 ήμῶν
1242 1996 1388 2094 Ἰησοῦν

187 2116 251 2199 τὸν
275 2118 461 2222 Χριστόν,
492 2123 555 2200 οῦκ
580 2120 791 2201 ἀπόστολον
813 2121 871 2200 διὰ
894 2121 935 2199 τὸ
958 2120 1204 2222 ἀνθρώπινον;
1234 2119 1297 2198 οῦκ
1325 2119 1385 2198 οῦ·

131 2273 173 2335 15
187 2241 251 2321 τὸν
269 2241 356 2323 ὅντα
374 2242 479 2343 Θεὸν,
500 2244 555 2323 ὅτι
575 2245 695 2347 Λόγος
714 2243 758 2344 ἦν
777 2252 840 2325 τοῦ
860 2243 1028 2345 Πατρός,
1058 2249 1136 2327 πῶς
1160 2242 1267 2322 αὐτὸν
1285 2244 1386 2345 ἀρχι-

187 2364 269 2468 ερέα
298 2367 472 2468 γεγονότα
503 2367 733 2469 θεωρήσομεν
745 2401 755 2465 ;
797 2363 869 2468 ἀρα
896 2363 987 2446 κατὰ
1014 2363 1079 2444 τὸν
1108 2365 1274 2465 Ἀαρών,
1317 2361 1386 2465 ἀρα

187 2487 278 2567 κατὰ
295 2489 359 2568 τὸν
380 2491 546 2575 Μωσέως
566 2491 685 2588 νόμον,
703 2489 785 2573 τοῦς
801 2489 846 2595 έξ
860 2487 996 2588 ἀγέλης
1012 2485 1145 2586 ἀμνοῦς
1163 2489 1386 2567 καταθῦοντα

186 2617 238 2716 τῷ
270 2615 353 2720 Θεῷ
365 2645 376 2709 ;
418 2609 487 2715 ἀρα
518 2613 692 2717 τρυγόνας
724 2611 959 2716 προσάγοντα
992 2614 1050 2690 καὶ
1082 2610 1295 2714 περιστεράς
1327 2614 1386 2690 καὶ

186 2734 378 2833 σεμίδαλιν
394 2738 614 2840 έλαιοβραχῆ
633 2770 643 2834 ;
676 2738 790 2816 καίτοι
808 2742 879 2816 τῶν
897 2735 1067 2815 τοιούτων
1084 2733 1184 2814 οὐδέν
1201 2729 1385 2840 πέπραχεν

130 2859 207 2936 τοῦ
225 2858 469 2958 Ἐμμανουήλ·
499 2859 663 2962 ίερατεόει
682 2858 753 2960 γὰρ
773 2858 860 2962 ἀπέρ
879 2858 999 2957 νόμον·
1030 2857 1136 2941 αὐτὸς
1154 2856 1259 2957 ἦντὸ
1279 2864 1383 2956 θῦμα,

186 2982 206 3060 ὁ
228 2981 339 3080 ἀμνὸς
364 2984 384 3062 ὁ
409 2981 628 3081 ἀληθινὸς,ὁ
654 2983 760 3066 αὐτὸς
787 2985 806 3062 ὁ
832 2981 978 3081 ἀμωμός
997 3017 1035 3060 τε
1060 2983 1118 3060 καὶ
1139 2981 1268 3064 ἄκακος
1286 2983 1386 3084 ἀρχι-

127 3117 130 3124 '
186 3103 296 3208 ερεῦς,
317 3107 384 3210 οῦχ
409 3105 496 3208 ῦπέρ
522 3107 620 3186 ἰδίων
642 3107 964 3207 πλημμελημάτων
983 3110 1186 3208 ἱερουργῶν,
1204 3106 1386 3207 κρείσσων

184 3225 257 3330 γὰρ
275 3227 319 3329 ἦν
337 3231 512 3330 ἁμαρτίας
538 3233 587 3313 ὡς
605 3229 708 3326 θεὸς,
726 3232 810 3308 ἀλλ’
830 3230 889 3309 ἵνα
915 3228 1013 3333 λόοη
1039 3227 1104 3328 τὴν
1127 3229 1304 3330 ἁμαρτίαν
1322 3237 1386 3308 τοῦ

184 3350 337 3450 κόσμου·
367 3353 494 3454 γέγονε
513 3355 630 3432 τοίνυν
644 3352 750 3436 αὐτὸς
767 3357 830 3452 τῆς
849 3353 938 3436 ἰδίας
955 3359 1170 3457 προσφορᾶς
1191 3349 1384 3454 ἱερουργός·

129 3501 171 3562 25
185 3477 227 3554 οῦ
245 3474 318 3579 γὰρ
336 3475 405 3554 ἔδει
424 3472 542 3556 κοινόν
559 3475 750 3578 ἀνθρωπον
767 3475 833 3574 τήν
852 3473 941 3577 ὑπὲρ
962 3480 1026 3575 τῆς
1051 3483 1114 3554 τοῦ
1139 3475 1279 3574 κόσμου
1296 3474 1385 3577 ζωῆς

185 3599 317 3678 θυσίαν
336 3606 603 3700 προσενεγκεῖν.

235 3719 389 3806 Ἀλλως
418 3721 456 3801 δέ
485 3722 524 3801 τί
550 3730 665 3826 φησιν
695 3725 716 3802 ό
746 3719 917 3824 μακάριος
947 3728 1106 3818 Παῦλος,
1135 3720 1385 3821 δοκιμάσωμεν

184 3845 443 3947 ἀκριβέστερον
477 3855 499 3892 “
514 3844 773 3944 Κατανοήσατε
801 3844 865 3925 τὸν
897 3845 1107 3925 ἀπόστολον
1135 3848 1193 3924 καὶ
1221 3844 1386 3949 ἀρχιερέα

185 3976 208 4014 “
227 3970 289 4064 τῆς
322 3969 517 4070 ὁμολογίας
548 3969 660 4068 ἡμῶν,
692 3967 855 4048 τουτέστι
885 3967 928 4047 τὸ
959 3969 1056 4071 ῥῆμα
1085 3973 1149 4067 τῆς
1178 3969 1335 4051 πίστεως
1363 3964 1540 4047 διίπτατο.

127 4128 171 4185 30
185 4101 207 4138 ‘⁶
228 4090 493 4192 κηρόπσομεν·”
522 4093 561 4171 τί
589 4093 707 4171 τοίνυν
736 4097 909 4194 ίερουργεΐ
935 4092 1047 4198 ἑαυτῷ
1077 4095 1135 4170 καὶ
1161 4097 1213 4198 τῷ
1238 4089 1360 4194 Πατρί
1368 4123 1379 4188 3

222 4322 248 4376 3.
268 4305 348 4372 Ιερεῦς
359 4306 387 4362 b.
521 4303 615 4376 15-26,
629 4323 655 4374 ρ.
668 4303 729 4386 τόδ.
746 4321 787 4370 10,
803 4317 845 4372 15,
861 4303 892 4358 16
905 4305 959 4359 fere
971 4303 1097 4359 exhibent
1109 4303 1172 4359 alibi
1184 4321 1219 4370 a„
1231 4303 1249 4358 b
1262 4303 1307 4358 fol.
1320 4305 1383 4428 Ψ,

188 4375 261 4430 unde
273 4393 353 4446 supra
365 4395 392 4447 p.
406 4375 458 4442 406
470 4385 527 4430 not.
540 4374 650 4430 exhibui
662 4385 688 4429 et
700 4393 765 4444 ιροε.
840 4393 880 4445 19.
894 4377 1089 4444 ελαιοβραχῆα.
1102 4375 1181 4448 ἐλαίῳ
1191 4375 1319 4446 βραχῆό.
1356 4375 1383 4430 d.

189 4463 233 4500 21.
252 4449 266 4499 ό
279 4445 386 4500 tertium
399 4455 568 4516 assumptum
581 4463 613 4499 ex
626 4445 654 4499 b.
666 4448 681 4498 ὀ
693 4447 769 4502 αὐτὸς
781 4445 824 4513 δμ.
837 4464 861 4500 ι.
874 4447 950 4503 αὐτὸς
961 4447 976 4498 δ
988 4445 1031 4514 ἀμ.
1044 4443 1095 4499 Εδ.
1235 4458 1279 4515 27.
1297 4445 1385 4502 ἄλλως

185 4516 214 4570 δι’
228 4525 396 4586 assumptum
409 4535 440 4570 ex
453 4535 478 4571 α.
490 4516 579 4572 ἄλλως
589 4515 617 4571 b.
630 4525 757 4570 neutrum
770 4515 821 4570 Ed.

738 4619 828 4686 302
