3280 5142
297 334 340 397 66
599 335 641 402 Β.
662 333 869 400 CYRILLI
899 333 1188 401 ALEXANDR.
1387 330 1500 414 xix.7.

297 497 518 600 ἐγκλήματα,
549 499 744 582 Ἰουδαῖιιὸν
771 500 868 581 ἔστω
896 501 938 582 τὸ
968 500 1115 604 θράσος,
1144 497 1273 581 καὶτὸ
1306 501 1371 599 τῆς
1403 531 1502 597 μιιιι-

299 624 428 728 φονίας
446 628 495 709 είς
514 625 605 724 ὑμᾶς
624 623 752 712 αῦτοῦς
769 623 961 733 τετράφθω
981 623 1103 706 κακόν.
1141 629 1169 704 εί
1190 621 1298 722 νόμος
1316 624 1396 702 ἐστὶ
1412 619 1500 723 παρ’

300 750 394 847 ὑμῖν,
413 750 433 828 ὁ
449 754 589 834 ποιναῖς
606 757 683 834 ταῖς
705 751 799 830 οὕτω
823 750 1023 835 πανδείνοις
1050 750 1225 832 ῦποτιθεὶς
1253 746 1317 828 τὸν
1335 745 1500 849 ἡμαρτη-

300 869 388 951 κότα
405 870 528 972 μηδὲν,
547 874 567 953 ό
587 871 750 978 κολάζων
767 872 831 954 τὸν
847 874 1064 969 ἀναπαίτιον,
1079 870 1297 975 πραττέσθω
1317 872 1375 951 καὶ
1394 877 1504 949 τοῦτο

299 995 343 1076 δι’
364 997 473 1093 ῦμιῦν,
499 995 567 1100 ἐγῦ
594 1001 658 1097 τῆς
685 999 743 1078 ἐπὶ
770 994 886 1105 τοότιρ
913 994 1117 1094 συμπνοίας
1139 996 1203 1076 οῦκ
1223 995 1404 1102 ἀνέξομαι.
1442 995 1538 1083 καλε

299 1123 401 1200 ταυτὶ
428 1118 495 1219 μὲν
522 1116 568 1199 ἀν
596 1118 704 1200 οἴοιτό
730 1154 785 1205 τις
811 1119 923 1226 τυχὸν
949 1118 1014 1201 τὸν
1033 1118 1200 1201 Πιλάτου
1225 1125 1347 1201 είπεῖν·
1386 1119 1504 1198 ὠδίνει

300 1240 371 1348 γάρ
395 1243 514 1329 πωςῦ
541 1244 627 1347 παρ’
652 1245 762 1325 αὑτοῦ
789 1241 903 1346 λόγος
931 1249 1004 1325 τιῦν
1032 1244 1203 1325 τοιούτων
1229 1241 1296 1344 τὴν
1325 1241 1501 1348 ἔμφασιν.
1628 1180 1636 1289 ί

266 1371 549 1471 οκαταπλαγείη
572 1370 606 1450 δ’
636 1369 682 1450 ἀν
704 1403 759 1454 τις
787 1369 854 1448 κάν
881 1369 997 1476 τούτῳ
1022 1365 1067 1468 δὴ
1094 1366 1209 1448 πάλιν
1226 1365 1293 1468 τὴν
1319 1373 1394 1447 τιῦν
1410 1369 1503 1447 Ἰου-

302 1493 410 1572 δαίων
440 1495 709 1598 ἀναισχυντίαν,
739 1494 814 1573 ἐπεὶ
843 1491 932 1592 μηδὲ
960 1489 1089 1595 ἀνδρὸς
1117 1494 1340 1594 ἀλλογενοῦς
1369 1495 1505 1572 δικαιο-

303 1617 443 1718 κρισίας
476 1616 719 1721 αἰσχύνονται,
751 1617 865 1696 καίτοι
897 1622 962 1696 τοῦ
994 1616 1089 1696 θείου
1122 1615 1232 1716 νόμου
1264 1617 1346 1719 περὶ
1384 1615 1506 1696 αὐτῶν
1519 1651 1563 1692 ιο

135 1770 199 1822 Mal.
208 1771 234 1822 ii.
305 1737 485 1843 εἰρηκότος
514 1749 535 1786 “
548 1737 637 1818 Ὅτι
661 1740 764 1844 χείλη
792 1739 909 1843 ἱερέως
937 1736 1139 1845 φυλάξεται
1162 1741 1292 1842 κρίσιν,
1311 1742 1369 1820 καὶ
1393 1736 1507 1838 νόμον

137 1849 159 1901 ⁷'
305 1873 327 1909 “
346 1861 602 1965 ἐκζητήσουσιν
622 1865 661 1943 ἐκ
678 1860 861 1962 στόματος
879 1863 1021 1943 αῦτοῦ.”

274 2103 542 2194 η’λπεκρίθιιοαν
569 2105 659 2192 αὐτῷ
687 2103 718 2171 οἷ
743 2102 897 2172 Ἰουδαῖοι
919 2102 1038 2184 Ἠμεῖι
1063 2108 1163 2185 νόμον
1190 2106 1317 2194 ἔχομεν,
1343 2105 1504 2173 καὶκατὰ

274 2253 294 2300 ο
356 2231 414 2300 τὸν
444 2232 545 2309 νόμον
577 2232 670 2309 ιἰμῶν
701 2231 830 2320 ὀφείλει
862 2229 1051 2314 ἀποθανεῖν,
1083 2235 1134 2300 ὅτι
1170 2230 1239 2300 υἱὸν
1270 2233 1354 2299 Θεοῦ
1385 2232 1505 2300 ἑαυτὸν

356 2356 519 2425 ἑποίιισεν.
1520 2381 1562 2440 15

361 2521 631 2626 Ἐληλεγμίνης
655 2525 770 2604 ἑώλου
792 2527 858 2623 τῆς
882 2525 965 2627 παρ’
987 2524 1104 2602 αῦτιῦν
1124 2526 1162 2605 ἐν
1180 2527 1306 2628 ἀρχαῖς
1325 2528 1507 2604 συντεθει-

306 2647 413 2745 μένης
438 2647 694 2752 συκοφαντίας,
723 2651 781 2728 καί
809 2655 1049 2752 νεωτερισμοῦ
1072 2647 1139 2747 μὲν
1164 2646 1277 2748 ἤγουν
1300 2645 1507 2751 άντάρσεως

306 2772 371 2868 τῆς
404 2768 495 2849 κατὰ
532 2779 596 2850 τοῦ
632 2773 819 2873 Καίσαρος
851 2774 964 2877 ἀρχῆς
1002 2773 1163 2871 οὐδεμιᾶς
1196 2771 1505 2875 ἀποδεδειγμείιης·

308 2889 568 2994 ἀπεσκευάζετο
595 2892 667 2996 γάρ
694 2892 758 2978 τάς
786 2897 844 2975 ε’πὶ
876 2895 1014 2982 τούτοις
1042 2896 1156 2980 αίτίας
1183 2895 1204 2974 ὁ
1230 2894 1362 2998 Κύριος
1389 2895 1509 2996 λέγων

138 3021 254 3149 ξξίξῇὀ
309 3027 331 3062 “
348 3017 400 3095 Ἡ
423 3020 594 3111 βασιλεία
613 3017 634 3117 ἡ
653 3015 720 3118 ε’μὴ
743 3019 807 3098 οῦκ
828 3018 928 3099 ἔστιν
945 3022 985 3100 ἐκ
1003 3028 1066 3099 τοῦ
1087 3019 1228 3119 κόσμου
1246 3019 1383 3099 τούτου·
1417 3025 1446 3098 εί
1469 3019 1509 3098 ἐκ
1523 3057 1568 3098 ιο

309 3151 331 3188 “
350 3147 414 3220 τοῦ
442 3138 582 3240 κόσμου
609 3140 737 3222 τοῦτον
765 3140 850 3242 ἦνῆ
874 3143 1047 3237 βασιλεία
1074 3145 1097 3243 ἡ
1122 3139 1200 3243 ἐμὴ,
1220 3148 1253 3222 οί
1281 3141 1449 3244 ι’πιηρέται
1476 3147 1510 3221 οἱ

277 3273 333 3347 d“
352 3265 428 3366 ἐμοὶ
463 3263 677 3370 ἠγωνίζοντο
706 3263 751 3347 ἀν
781 3265 841 3346 ἵνα
871 3263 922 3366 μὴ
956 3270 1152 3370 παραδοθῶ
1183 3273 1256 3350 τοῖς
1288 3266 1506 3350 Ἰονδαίοις·”

313 3387 478 3470 Πιλάτου
505 3424 543 3470 τε
569 3387 661 3494 πρὸς
682 3399 796 3470 ταῦτα
821 3389 1047 3492 καθηκόντως
1069 3424 1107 3470 τε
1131 3394 1189 3472 καὶ
1215 3388 1423 3476 ἀδεκάστως
1451 3391 1511 3470 καὶ

143 3515 232 3644 ξξξῖ
312 3514 412 3593 οὔπω
439 3512 529 3617 πρὸς
556 3512 662 3618 χάριν
685 3513 897 3617 δικάζοντος,
918 3513 1087 3616 λέγοντός
1115 3549 1154 3594 τε
1183 3514 1374 3621 διαῤῥήδην
1396 3518 1508 3614 μηδε·

312 3637 397 3737 μίαν
415 3640 594 3740 ηὑρῆσθαι
617 3637 806 3745 πρόφασιν
824 3640 862 3718 ἐν
881 3639 988 3746 αὐτῷ,
1011 3645 1198 3724 παντελῶς
1220 3637 1312 3742 πρὸς
1336 3637 1455 3741 ἔτερόν
1476 3671 1511 3718 τι
1527 3683 1545 3725 2
1550 3681 1570 3742 5

312 3770 584 3865 μεταχωροῦσιν
601 3768 634 3842 οἱ
652 3761 864 3863 πάντολμοι·
903 3761 1094 3867 νόμονιγάρ
1119 3763 1212 3869 ἔχειν
1236 3761 1512 3868 διισχυρίζονται

314 3884 591 3990 καταδικάζοντα
616 3893 679 3966 τοῦ
699 3890 866 3988 Σωτῆρος
888 3884 952 3966 τὸν
971 3882 1138 3968 θάνατον.
1177 3890 1236 3967 καὶ
1260 3886 1313 3969 τίς
1336 3888 1356 3965 ὁ
1379 3884 1510 3986 νόμος;

314 4012 432 4094 ότοῖς
458 4016 749 4117 βλασφημοῦσιν
768 4009 986 4116 ε’παρτήσας,
1009 4013 1115 4117 φησὶ,
1142 4009 1281 4114 ζημίαν·
1313 4009 1513 4112 γέγραπται

315 4134 387 4237 γὰρ
405 4137 443 4214 ἐν
461 4132 596 4244 βιβλίῳ
617 4140 670 4243 τῷ
697 4134 905 4245 καλουμένῳ
925 4137 1108 4243 Λευῖτικηῦ,
1128 4133 1182 4214 ότι
1210 4133 1300 4219 τινὲς
1327 4141 1513 4218 τελοῦντες

315 4265 363 4342 είς
381 4260 570 4344 Ἰουδαίους
596 4259 819 4364 ἐμαχέσαντο
847 4259 938 4339 κατὰ
960 4256 1002 4339 τῦ
1030 4256 1279 4364 γεγραμμένον
1297 4260 1335 4338 ἐν
1353 4264 1398 4364 τῇ
1415 4292 1510 4361 παρ·
1527 4303 1571 4362 30

315 4387 467 4485 εμβολῇ,
486 4380 536 4461 ὧν
554 4387 575 4463 ό
594 4385 709 4486 ἕτερος
734 4393 798 4463 τοῦ
826 4383 921 4462 θείου
941 4386 1057 4487 φησὶν
1074 4381 1249 4482 ὀνόματος
1273 4384 1512 4482 ἐπιμνησθεὶς,
1574 4361 1587 4380 ⁸

355 4594 378 4633 1.
397 4578 441 4646 τῆς
453 4579 593 4647 μιαιφόνου
606 4579 638 4634 Ε.
720 4595 762 4632 21.
781 4577 796 4646 ἡ
810 4577 883 4648 prius
895 4586 1063 4648 assumptum
1077 4596 1109 4633 ex
1123 4579 1156 4634 E.
1238 4595 1281 4648 30.
1301 4577 1433 4647 εἰρημένον
1446 4577 1478 4634 Ε.
