<?xml version="1.0" encoding="UTF-8"?>
<!DOCTYPE html PUBLIC "-//W3C//DTD XHTML 1.0 Transitional//EN"
    "http://www.w3.org/TR/xhtml1/DTD/xhtml1-transitional.dtd">
<html xmlns="http://www.w3.org/1999/xhtml" xml:lang="en" lang="en">
 <head>
  <title>
</title>
<meta http-equiv="Content-Type" content="text/html;charset=utf-8" />
  <meta name='ocr-system' content='tesseract 3.04.00' />
  <meta name='ocr-capabilities' content='ocr_page ocr_carea ocr_par ocr_line ocrx_word'/>
</head>
<body>
  <div class='ocr_page' id='page_1' title='image "./sanctipatrisnos01pusegoog_0582.png"; bbox 0 0 3244 5146; ppageno 0'>
   <div class='ocr_carea' id='block_1_1' title="bbox 393 345 1315 414">
    <p class='ocr_par' dir='ltr' id='par_1_1' title="bbox 393 345 1315 414">
     <span class='ocr_line' id='line_1_1' title="bbox 393 345 1315 414; baseline 0.005 -6"><span class='ocrx_word' id='word_1_1' title='bbox 393 345 452 410; x_wconf 87' lang='lat' dir='ltr'>DE</span> <span class='ocrx_word' id='word_1_2' title='bbox 476 345 743 412; x_wconf 71' lang='lat' dir='ltr'><strong>DOGMATUM</strong></span> <span class='ocrx_word' id='word_1_3' title='bbox 766 345 1036 414; x_wconf 70' lang='lat' dir='ltr'><strong>SOLU&#39;PIONE.</strong></span> <span class='ocrx_word' id='word_1_4' title='bbox 1250 350 1315 414; x_wconf 82' lang='lat'>559</span> 
     </span>
    </p>
   </div>
   <div class='ocr_carea' id='block_1_2' title="bbox 8 634 1375 1054">
    <p class='ocr_par' dir='ltr' id='par_1_2' title="bbox 8 634 1375 1054">
     <span class='ocr_line' id='line_1_2' title="bbox 8 634 1375 730; baseline 0.008 -30"><span class='ocrx_word' id='word_1_5' title='bbox 8 689 18 730; x_wconf 45' lang='grc' dir='ltr'><strong>ἵ</strong></span> <span class='ocrx_word' id='word_1_6' title='bbox 113 634 184 701; x_wconf 80' lang='grc' dir='ltr'>Ὀτι</span> <span class='ocrx_word' id='word_1_7' title='bbox 204 637 286 724; x_wconf 76' lang='grc' dir='ltr'>ίνιῇ</span> <span class='ocrx_word' id='word_1_8' title='bbox 308 639 465 726; x_wconf 76' lang='grc' dir='ltr'>μελλούσῃ</span> <span class='ocrx_word' id='word_1_9' title='bbox 487 637 668 705; x_wconf 71' lang='grc' dir='ltr'>καταπόσει</span> <span class='ocrx_word' id='word_1_10' title='bbox 690 639 724 704; x_wconf 81' lang='grc' dir='ltr'>τὸ</span> <span class='ocrx_word' id='word_1_11' title='bbox 747 641 919 724; x_wconf 87' lang='grc' dir='ltr'>λογιστικὸν</span> <span class='ocrx_word' id='word_1_12' title='bbox 942 641 1056 726; x_wconf 79' lang='grc' dir='ltr'>ἔχουσα</span> <span class='ocrx_word' id='word_1_13' title='bbox 1077 641 1175 726; x_wconf 67' lang='grc' dir='ltr'>ψυχὴ,</span> <span class='ocrx_word' id='word_1_14' title='bbox 1198 642 1245 706; x_wconf 75' lang='grc' dir='ltr'>καὶ</span> <span class='ocrx_word' id='word_1_15' title='bbox 1267 644 1316 708; x_wconf 82' lang='grc' dir='ltr'>διδ</span> <span class='ocrx_word' id='word_1_16' title='bbox 1331 647 1375 714; x_wconf 84' lang='lat' dir='ltr'>E&#39;.</span> 
     </span>
     <span class='ocr_line' id='line_1_3' title="bbox 174 749 1316 834; baseline 0.007 -24"><span class='ocrx_word' id='word_1_17' title='bbox 174 752 260 813; x_wconf 75' lang='grc' dir='ltr'>τοῦτο</span> <span class='ocrx_word' id='word_1_18' title='bbox 281 749 421 831; x_wconf 80' lang='grc' dir='ltr'>γνόσειος</span> <span class='ocrx_word' id='word_1_19' title='bbox 445 749 497 816; x_wconf 87' lang='grc' dir='ltr'>οιίκ</span> <span class='ocrx_word' id='word_1_20' title='bbox 512 751 686 832; x_wconf 78' lang='grc' dir='ltr'>ἀμοιροῦσα,</span> <span class='ocrx_word' id='word_1_21' title='bbox 708 754 878 834; x_wconf 79' lang='grc' dir='ltr'>προκόπτει·</span> <span class='ocrx_word' id='word_1_22' title='bbox 908 756 937 819; x_wconf 77' lang='lat' dir='ltr'>ol</span> <span class='ocrx_word' id='word_1_23' title='bbox 959 752 982 817; x_wconf 79' lang='grc' dir='ltr'>δ’</span> <span class='ocrx_word' id='word_1_24' title='bbox 999 752 1096 832; x_wconf 79' lang='grc' dir='ltr'>ἕτεροι</span> <span class='ocrx_word' id='word_1_25' title='bbox 1116 755 1143 818; x_wconf 85' lang='grc' dir='ltr'>εί</span> <span class='ocrx_word' id='word_1_26' title='bbox 1164 753 1316 834; x_wconf 77' lang='grc' dir='ltr'>προκοπὴν</span> 
     </span>
     <span class='ocr_line' id='line_1_4' title="bbox 176 857 1314 954; baseline 0.007 -32"><span class='ocrx_word' id='word_1_27' title='bbox 176 857 236 938; x_wconf 79' lang='grc' dir='ltr'>ἔξει</span> <span class='ocrx_word' id='word_1_28' title='bbox 258 860 352 941; x_wconf 79' lang='grc' dir='ltr'>φασίν</span> <span class='ocrx_word' id='word_1_29' title='bbox 366 862 384 939; x_wconf 82' lang='grc' dir='ltr'><strong><em>ἡ</em></strong></span> <span class='ocrx_word' id='word_1_30' title='bbox 399 861 494 945; x_wconf 72' lang='grc' dir='ltr'>ψυχὴ,</span> <span class='ocrx_word' id='word_1_31' title='bbox 509 861 627 931; x_wconf 85' lang='grc' dir='ltr'>πόιτως</span> <span class='ocrx_word' id='word_1_32' title='bbox 648 864 695 928; x_wconf 84' lang='grc' dir='ltr'>ὅτι</span> <span class='ocrx_word' id='word_1_33' title='bbox 717 864 765 928; x_wconf 84' lang='grc' dir='ltr'>καὶ</span> <span class='ocrx_word' id='word_1_34' title='bbox 785 867 910 945; x_wconf 82' lang='grc' dir='ltr'>μείωσιν</span> <span class='ocrx_word' id='word_1_35' title='bbox 932 865 978 929; x_wconf 83' lang='grc' dir='ltr'>καὶ</span> <span class='ocrx_word' id='word_1_36' title='bbox 1000 864 1094 934; x_wconf 82' lang='grc' dir='ltr'>πόθος</span> <span class='ocrx_word' id='word_1_37' title='bbox 1116 865 1165 930; x_wconf 79' lang='grc' dir='ltr'>καί</span> <span class='ocrx_word' id='word_1_38' title='bbox 1187 865 1314 954; x_wconf 79' lang='grc' dir='ltr'>φθορόν·</span> 
     </span>
     <span class='ocr_line' id='line_1_5' title="bbox 176 971 896 1054; baseline 0.01 -21"><span class='ocrx_word' id='word_1_39' title='bbox 176 971 209 1034; x_wconf 74' lang='grc' dir='ltr'>ἐκ</span> <span class='ocrx_word' id='word_1_40' title='bbox 224 972 328 1036; x_wconf 74' lang='grc' dir='ltr'>τούτου</span> <span class='ocrx_word' id='word_1_41' title='bbox 343 973 391 1037; x_wconf 77' lang='grc' dir='ltr'>καί</span> <span class='ocrx_word' id='word_1_42' title='bbox 407 975 545 1053; x_wconf 87' lang='grc' dir='ltr'>θόνιιτου,</span> <span class='ocrx_word' id='word_1_43' title='bbox 562 973 610 1038; x_wconf 79' lang='grc' dir='ltr'>καί</span> <span class='ocrx_word' id='word_1_44' title='bbox 624 975 791 1054; x_wconf 76' lang='grc' dir='ltr'>ἀναβίωσιν</span> <span class='ocrx_word' id='word_1_45' title='bbox 805 975 896 1044; x_wconf 80' lang='grc' dir='ltr'>αὖθις.</span> 
     </span>
    </p>
   </div>
   <div class='ocr_carea' id='block_1_3' title="bbox 588 1216 1347 1278">
    <p class='ocr_par' dir='ltr' id='par_1_3' title="bbox 588 1216 1347 1278">
     <span class='ocr_line' id='line_1_6' title="bbox 588 1216 1347 1278; baseline 0.012 -3"><span class='ocrx_word' id='word_1_46' title='bbox 588 1216 851 1278; x_wconf 71' lang='grc' dir='ltr'><strong>ΕΠΙΛΎΣΙΣ.</strong></span> <span class='ocrx_word' id='word_1_47' title='bbox 1329 1228 1347 1270; x_wconf 77' lang='grc' dir='ltr'>θ</span> 
     </span>
    </p>
   </div>
   <div class='ocr_carea' id='block_1_4' title="bbox 8 1389 1476 3723">
    <p class='ocr_par' dir='ltr' id='par_1_4' title="bbox 8 1389 1476 3723">
     <span class='ocr_line' id='line_1_7' title="bbox 175 1389 1313 1494; baseline 0.004 -26"><span class='ocrx_word' id='word_1_48' title='bbox 175 1394 225 1469; x_wconf 80' lang='grc' dir='ltr'>Οἱ</span> <span class='ocrx_word' id='word_1_49' title='bbox 245 1398 355 1470; x_wconf 84' lang='grc' dir='ltr'>ταῦτα</span> <span class='ocrx_word' id='word_1_50' title='bbox 381 1393 677 1490; x_wconf 85' lang='grc' dir='ltr'>διενθυμοόμενοι,</span> <span class='ocrx_word' id='word_1_51' title='bbox 696 1393 838 1494; x_wconf 84' lang='grc' dir='ltr'>ἀγνοεῖν</span> <span class='ocrx_word' id='word_1_52' title='bbox 862 1390 1000 1472; x_wconf 80' lang='grc' dir='ltr'>ἐοίκασι</span> <span class='ocrx_word' id='word_1_53' title='bbox 1021 1389 1088 1491; x_wconf 73' lang='grc' dir='ltr'>τὴν</span> <span class='ocrx_word' id='word_1_54' title='bbox 1112 1392 1313 1491; x_wconf 87' lang='grc' dir='ltr'>δοθησομέ-</span> 
     </span>
     <span class='ocr_line' id='line_1_8' title="bbox 8 1509 1315 1620; baseline 0.005 -32"><span class='ocrx_word' id='word_1_55' title='bbox 8 1567 11 1587; x_wconf 82' lang='grc'>.</span> <span class='ocrx_word' id='word_1_56' title='bbox 120 1547 185 1613; x_wconf 87' lang='grc' dir='ltr'>νην</span> <span class='ocrx_word' id='word_1_57' title='bbox 211 1511 317 1618; x_wconf 79' lang='grc' dir='ltr'>χάριν</span> <span class='ocrx_word' id='word_1_58' title='bbox 334 1509 379 1620; x_wconf 77' lang='grc' dir='ltr'>τῇ</span> <span class='ocrx_word' id='word_1_59' title='bbox 397 1524 462 1596; x_wconf 84' lang='grc' dir='ltr'>τοῦ</span> <span class='ocrx_word' id='word_1_60' title='bbox 480 1515 670 1619; x_wconf 79' lang='grc' dir='ltr'>ἀνθρώπου</span> <span class='ocrx_word' id='word_1_61' title='bbox 696 1515 806 1619; x_wconf 82' lang='grc' dir='ltr'>φύσει</span> <span class='ocrx_word' id='word_1_62' title='bbox 822 1514 914 1615; x_wconf 84' lang='grc' dir='ltr'>μετά</span> <span class='ocrx_word' id='word_1_63' title='bbox 937 1514 1003 1616; x_wconf 80' lang='grc' dir='ltr'>τὴν</span> <span class='ocrx_word' id='word_1_64' title='bbox 1021 1519 1059 1596; x_wconf 82' lang='grc' dir='ltr'>ἐκ</span> <span class='ocrx_word' id='word_1_65' title='bbox 1079 1521 1212 1618; x_wconf 83' lang='grc' dir='ltr'>νεκρῶν</span> <span class='ocrx_word' id='word_1_66' title='bbox 1230 1515 1315 1594; x_wconf 87' lang='grc' dir='ltr'>ἀνα-</span> 
     </span>
     <span class='ocr_line' id='line_1_9' title="bbox 8 1635 1443 1778; baseline 0.001 -64"><span class='ocrx_word' id='word_1_67' title='bbox 8 1695 11 1726; x_wconf 63' lang='grc'><em>,</em></span> <span class='ocrx_word' id='word_1_68' title='bbox 118 1637 262 1731; x_wconf 88' lang='grc' dir='ltr'>βίωσιν.</span> <span class='ocrx_word' id='word_1_69' title='bbox 305 1642 335 1716; x_wconf 83' lang='grc' dir='ltr'>εί</span> <span class='ocrx_word' id='word_1_70' title='bbox 367 1637 438 1740; x_wconf 84' lang='grc' dir='ltr'>γὰρ</span> <span class='ocrx_word' id='word_1_71' title='bbox 472 1644 527 1718; x_wconf 87' lang='grc' dir='ltr'>δεῖ</span> <span class='ocrx_word' id='word_1_72' title='bbox 553 1649 575 1686; x_wconf 92' lang='lat'><strong>“</strong></span> <span class='ocrx_word' id='word_1_73' title='bbox 589 1637 631 1718; x_wconf 86' lang='grc' dir='ltr'>τὸ</span> <span class='ocrx_word' id='word_1_74' title='bbox 664 1635 829 1744; x_wconf 79' lang='grc' dir='ltr'>φθαρτὸν</span> <span class='ocrx_word' id='word_1_75' title='bbox 856 1645 962 1718; x_wconf 71' lang='grc' dir='ltr'>τοῦτο</span> <span class='ocrx_word' id='word_1_76' title='bbox 995 1637 1216 1719; x_wconf 81' lang='grc' dir='ltr'>ἐνδύσασθαι</span> <span class='ocrx_word' id='word_1_77' title='bbox 1249 1637 1316 1738; x_wconf 81' lang='grc' dir='ltr'>τὴν</span> <span class='ocrx_word' id='word_1_78' title='bbox 1361 1649 1443 1778; x_wconf 44' lang='grc' dir='ltr'>ἑνθὲἒ·</span> 
     </span>
     <span class='ocr_line' id='line_1_10' title="bbox 8 1753 1451 1868; baseline 0.001 -28"><span class='ocrx_word' id='word_1_79' title='bbox 8 1817 10 1830; x_wconf 85' lang='lat'><em>·</em></span> <span class='ocrx_word' id='word_1_80' title='bbox 119 1771 142 1808; x_wconf 88' lang='lat'>“</span> <span class='ocrx_word' id='word_1_81' title='bbox 155 1762 394 1868; x_wconf 86' lang='grc' dir='ltr'>όφθαρσίαν,”</span> <span class='ocrx_word' id='word_1_82' title='bbox 407 1765 465 1843; x_wconf 80' lang='grc' dir='ltr'>καὶ</span> <span class='ocrx_word' id='word_1_83' title='bbox 475 1760 732 1842; x_wconf 81' lang='grc' dir='ltr'>ἀποδύσασθαι</span> <span class='ocrx_word' id='word_1_84' title='bbox 743 1760 809 1862; x_wconf 86' lang='grc' dir='ltr'>τὴν</span> <span class='ocrx_word' id='word_1_85' title='bbox 822 1760 976 1868; x_wconf 81' lang='grc' dir='ltr'>φθορὰν,</span> <span class='ocrx_word' id='word_1_86' title='bbox 986 1768 1315 1860; x_wconf 84' lang='grc' dir='ltr'>συναποβιιλοῦμεν</span> <span class='ocrx_word' id='word_1_87' title='bbox 1395 1754 1402 1766; x_wconf 59' lang='grc'><strong>’</strong></span> <span class='ocrx_word' id='word_1_88' title='bbox 1444 1753 1451 1768; x_wconf 65' lang='grc'>’</span> 
     </span>
     <span class='ocr_line' id='line_1_11' title="bbox 68 1882 1476 1992; baseline 0.002 -29"><span class='ocrx_word' id='word_1_89' title='bbox 68 1919 107 1958; x_wconf 90' lang='grc' dir='ltr'>ιο</span> <span class='ocrx_word' id='word_1_90' title='bbox 120 1884 287 1984; x_wconf 88' lang='grc' dir='ltr'>δηλονότι</span> <span class='ocrx_word' id='word_1_91' title='bbox 300 1889 359 1990; x_wconf 77' lang='grc' dir='ltr'>τῇ</span> <span class='ocrx_word' id='word_1_92' title='bbox 387 1889 508 1991; x_wconf 75' lang='grc' dir='ltr'>φθορᾷ</span> <span class='ocrx_word' id='word_1_93' title='bbox 536 1887 595 1965; x_wconf 82' lang='grc' dir='ltr'>καὶ</span> <span class='ocrx_word' id='word_1_94' title='bbox 613 1883 659 1964; x_wconf 88' lang='grc' dir='ltr'>τά</span> <span class='ocrx_word' id='word_1_95' title='bbox 677 1884 722 1992; x_wconf 82' lang='grc' dir='ltr'>ἐξ</span> <span class='ocrx_word' id='word_1_96' title='bbox 739 1885 848 1984; x_wconf 74' lang='grc' dir='ltr'>αὐτῆς</span> <span class='ocrx_word' id='word_1_97' title='bbox 872 1882 982 1985; x_wconf 83' lang='grc' dir='ltr'>πάθη·</span> <span class='ocrx_word' id='word_1_98' title='bbox 1014 1891 1126 1966; x_wconf 84' lang='grc' dir='ltr'>ταῦτα</span> <span class='ocrx_word' id='word_1_99' title='bbox 1150 1884 1194 1966; x_wconf 90' lang='grc' dir='ltr'>δέ</span> <span class='ocrx_word' id='word_1_100' title='bbox 1215 1886 1315 1966; x_wconf 88' lang='grc' dir='ltr'>ε’στιν</span> <span class='ocrx_word' id='word_1_101' title='bbox 1328 1915 1346 1955; x_wconf 67' lang='lat' dir='ltr'><strong>a</strong></span> <span class='ocrx_word' id='word_1_102' title='bbox 1359 1898 1476 1958; x_wconf 74' lang='lat' dir='ltr'>am.</span> 
     </span>
     <span class='ocr_line' id='line_1_12' title="bbox 8 2005 1390 2109; baseline 0.003 -21"><span class='ocrx_word' id='word_1_103' title='bbox 8 2087 10 2102; x_wconf 80' lang='grc'><strong>,</strong></span> <span class='ocrx_word' id='word_1_104' title='bbox 120 2009 286 2107; x_wconf 81' lang='grc' dir='ltr'>ἐπιθυμία</span> <span class='ocrx_word' id='word_1_105' title='bbox 317 2014 422 2089; x_wconf 85' lang='grc' dir='ltr'>πᾶσα</span> <span class='ocrx_word' id='word_1_106' title='bbox 455 2007 623 2109; x_wconf 83' lang='grc' dir='ltr'>σαρκική·</span> <span class='ocrx_word' id='word_1_107' title='bbox 675 2011 733 2088; x_wconf 79' lang='grc' dir='ltr'>καὶ</span> <span class='ocrx_word' id='word_1_108' title='bbox 769 2006 1072 2109; x_wconf 86' lang='grc' dir='ltr'>μεταστησόμεθοι</span> <span class='ocrx_word' id='word_1_109' title='bbox 1107 2005 1238 2090; x_wconf 79' lang='grc' dir='ltr'>λοιπὸν</span> <span class='ocrx_word' id='word_1_110' title='bbox 1268 2014 1316 2094; x_wconf 83' lang='grc' dir='ltr'>είς</span> <span class='ocrx_word' id='word_1_111' title='bbox 1386 2083 1390 2092; x_wconf 96' lang='grc'>.</span> 
     </span>
     <span class='ocr_line' id='line_1_13' title="bbox 121 2129 1318 2236; baseline 0.002 -26"><span class='ocrx_word' id='word_1_112' title='bbox 121 2132 228 2232; x_wconf 83' lang='grc' dir='ltr'>ἁγίαν</span> <span class='ocrx_word' id='word_1_113' title='bbox 253 2133 312 2211; x_wconf 77' lang='grc' dir='ltr'>καὶ</span> <span class='ocrx_word' id='word_1_114' title='bbox 343 2131 583 2230; x_wconf 78' lang='grc' dir='ltr'>πνευματικὴν</span> <span class='ocrx_word' id='word_1_115' title='bbox 610 2130 713 2234; x_wconf 80' lang='grc' dir='ltr'>ζωὴν,</span> <span class='ocrx_word' id='word_1_116' title='bbox 741 2132 908 2228; x_wconf 85' lang='grc' dir='ltr'>νέμοντος</span> <span class='ocrx_word' id='word_1_117' title='bbox 939 2132 1023 2231; x_wconf 84' lang='grc' dir='ltr'>ἡμῖν</span> <span class='ocrx_word' id='word_1_118' title='bbox 1048 2129 1092 2211; x_wconf 86' lang='grc' dir='ltr'>τά</span> <span class='ocrx_word' id='word_1_119' title='bbox 1117 2131 1250 2236; x_wconf 77' lang='grc' dir='ltr'>ἀραρὸς</span> <span class='ocrx_word' id='word_1_120' title='bbox 1278 2135 1318 2213; x_wconf 88' lang='grc' dir='ltr'>έν</span> 
     </span>
     <span class='ocr_line' id='line_1_14' title="bbox 120 2252 1317 2357; baseline 0.003 -24"><span class='ocrx_word' id='word_1_121' title='bbox 120 2253 256 2338; x_wconf 70' lang='grc' dir='ltr'>τούτοις</span> <span class='ocrx_word' id='word_1_122' title='bbox 275 2263 339 2334; x_wconf 83' lang='grc' dir='ltr'>τοῦ</span> <span class='ocrx_word' id='word_1_123' title='bbox 355 2254 502 2335; x_wconf 83' lang='grc' dir='ltr'>πόντων</span> <span class='ocrx_word' id='word_1_124' title='bbox 519 2254 624 2353; x_wconf 81' lang='grc' dir='ltr'>ἡμῶνΙ</span> <span class='ocrx_word' id='word_1_125' title='bbox 638 2258 806 2356; x_wconf 79' lang='grc' dir='ltr'>Σωτῆρος</span> <span class='ocrx_word' id='word_1_126' title='bbox 824 2260 1000 2355; x_wconf 84' lang='grc' dir='ltr'>Χριστοῦ.</span> <span class='ocrx_word' id='word_1_127' title='bbox 1034 2260 1063 2334; x_wconf 86' lang='grc' dir='ltr'>εί</span> <span class='ocrx_word' id='word_1_128' title='bbox 1081 2254 1153 2357; x_wconf 82' lang='grc' dir='ltr'>γὰρ</span> <span class='ocrx_word' id='word_1_129' title='bbox 1172 2263 1235 2336; x_wconf 83' lang='grc' dir='ltr'>νῦν</span> <span class='ocrx_word' id='word_1_130' title='bbox 1252 2252 1317 2336; x_wconf 83' lang='grc' dir='ltr'>τάν</span> 
     </span>
     <span class='ocr_line' id='line_1_15' title="bbox 121 2376 1315 2482; baseline 0.004 -26"><span class='ocrx_word' id='word_1_131' title='bbox 121 2379 314 2482; x_wconf 82' lang='grc' dir='ltr'>ἀρῤαβῶνα</span> <span class='ocrx_word' id='word_1_132' title='bbox 332 2384 395 2457; x_wconf 84' lang='grc' dir='ltr'>τοῦ</span> <span class='ocrx_word' id='word_1_133' title='bbox 415 2376 625 2477; x_wconf 83' lang='grc' dir='ltr'>Πνεόματος</span> <span class='ocrx_word' id='word_1_134' title='bbox 648 2377 788 2481; x_wconf 80' lang='grc' dir='ltr'>ἔχοντες</span> <span class='ocrx_word' id='word_1_135' title='bbox 806 2376 917 2478; x_wconf 89' lang='grc' dir='ltr'>ἀγίως</span> <span class='ocrx_word' id='word_1_136' title='bbox 935 2376 1206 2476; x_wconf 84' lang='grc' dir='ltr'>πολιτευόμεθα,</span> <span class='ocrx_word' id='word_1_137' title='bbox 1224 2380 1315 2462; x_wconf 84' lang='grc' dir='ltr'>τίνες</span> 
     </span>
     <span class='ocr_line' id='line_1_16' title="bbox 71 2498 1315 2604; baseline 0.006 -29"><span class='ocrx_word' id='word_1_138' title='bbox 71 2532 108 2591; x_wconf 89' lang='lat'>15</span> <span class='ocrx_word' id='word_1_139' title='bbox 122 2498 278 2598; x_wconf 84' lang='grc' dir='ltr'>ἐσόμεθα</span> <span class='ocrx_word' id='word_1_140' title='bbox 308 2498 484 2595; x_wconf 87' lang='grc' dir='ltr'>λαβόντες</span> <span class='ocrx_word' id='word_1_141' title='bbox 512 2499 553 2580; x_wconf 86' lang='grc' dir='ltr'>τά</span> <span class='ocrx_word' id='word_1_142' title='bbox 578 2504 741 2602; x_wconf 86' lang='grc' dir='ltr'>πλῆρες;</span> <span class='ocrx_word' id='word_1_143' title='bbox 787 2499 878 2581; x_wconf 81' lang='grc' dir='ltr'>ὅπου</span> <span class='ocrx_word' id='word_1_144' title='bbox 911 2498 949 2580; x_wconf 78' lang='grc' dir='ltr'>δὲ</span> <span class='ocrx_word' id='word_1_145' title='bbox 979 2499 1170 2604; x_wconf 86' lang='grc' dir='ltr'>πλήρωσις</span> <span class='ocrx_word' id='word_1_146' title='bbox 1203 2499 1315 2582; x_wconf 83' lang='grc' dir='ltr'>Πνεό-</span> 
     </span>
     <span class='ocr_line' id='line_1_17' title="bbox 121 2621 1315 2729; baseline 0.001 -27"><span class='ocrx_word' id='word_1_147' title='bbox 121 2657 244 2721; x_wconf 89' lang='grc' dir='ltr'>ματος,</span> <span class='ocrx_word' id='word_1_148' title='bbox 258 2624 330 2703; x_wconf 89' lang='grc' dir='ltr'>έκεῖ</span> <span class='ocrx_word' id='word_1_149' title='bbox 344 2657 415 2704; x_wconf 90' lang='grc' dir='ltr'>που</span> <span class='ocrx_word' id='word_1_150' title='bbox 428 2621 570 2708; x_wconf 84' lang='grc' dir='ltr'>πόντως</span> <span class='ocrx_word' id='word_1_151' title='bbox 584 2627 643 2702; x_wconf 83' lang='grc' dir='ltr'>καὶ</span> <span class='ocrx_word' id='word_1_152' title='bbox 661 2622 846 2729; x_wconf 78' lang='grc' dir='ltr'>ἀσφάλεια</span> <span class='ocrx_word' id='word_1_153' title='bbox 859 2631 921 2704; x_wconf 82' lang='grc' dir='ltr'>νοῦ</span> <span class='ocrx_word' id='word_1_154' title='bbox 941 2627 1000 2703; x_wconf 81' lang='grc' dir='ltr'>καὶ</span> <span class='ocrx_word' id='word_1_155' title='bbox 1017 2626 1162 2728; x_wconf 85' lang='grc' dir='ltr'>καρδίας</span> <span class='ocrx_word' id='word_1_156' title='bbox 1181 2623 1315 2726; x_wconf 83' lang='grc' dir='ltr'>ἑδραιό-</span> 
     </span>
     <span class='ocr_line' id='line_1_18' title="bbox 121 2748 1312 2857; baseline -0.002 -22"><span class='ocrx_word' id='word_1_157' title='bbox 121 2784 196 2851; x_wconf 90' lang='grc' dir='ltr'>της,</span> <span class='ocrx_word' id='word_1_158' title='bbox 214 2755 278 2849; x_wconf 83' lang='grc' dir='ltr'>τῆς</span> <span class='ocrx_word' id='word_1_159' title='bbox 306 2749 448 2853; x_wconf 76' lang='grc' dir='ltr'>ὁρώσης</span> <span class='ocrx_word' id='word_1_160' title='bbox 476 2756 524 2834; x_wconf 86' lang='grc' dir='ltr'>είς</span> <span class='ocrx_word' id='word_1_161' title='bbox 546 2751 587 2831; x_wconf 85' lang='grc' dir='ltr'>τὸ</span> <span class='ocrx_word' id='word_1_162' title='bbox 609 2748 825 2851; x_wconf 82' lang='grc' dir='ltr'>ἀγαθὸνκαὶ</span> <span class='ocrx_word' id='word_1_163' title='bbox 851 2757 900 2836; x_wconf 81' lang='grc' dir='ltr'>εἰς</span> <span class='ocrx_word' id='word_1_164' title='bbox 926 2754 1104 2857; x_wconf 77' lang='grc' dir='ltr'>ἀκραιφνῆ</span> <span class='ocrx_word' id='word_1_165' title='bbox 1132 2753 1312 2834; x_wconf 90' lang='grc' dir='ltr'>θεοπτίαν.</span> 
     </span>
     <span class='ocr_line' id='line_1_19' title="bbox 122 2872 1349 2975; baseline -0.001 -21"><span class='ocrx_word' id='word_1_166' title='bbox 122 2875 249 2954; x_wconf 82' lang='grc' dir='ltr'>οὐκοῦν</span> <span class='ocrx_word' id='word_1_167' title='bbox 283 2874 441 2971; x_wconf 81' lang='grc' dir='ltr'>ἐσόμεθα</span> <span class='ocrx_word' id='word_1_168' title='bbox 476 2872 540 2970; x_wconf 78' lang='grc' dir='ltr'>μέν</span> <span class='ocrx_word' id='word_1_169' title='bbox 572 2874 706 2952; x_wconf 81' lang='grc' dir='ltr'>ἑαυτῶν</span> <span class='ocrx_word' id='word_1_170' title='bbox 742 2873 915 2972; x_wconf 87' lang='grc' dir='ltr'>ἀμείνους,</span> <span class='ocrx_word' id='word_1_171' title='bbox 948 2875 1216 2974; x_wconf 85' lang='grc' dir='ltr'>ἀποδυσόμενοι</span> <span class='ocrx_word' id='word_1_172' title='bbox 1249 2873 1349 2975; x_wconf 79' lang='grc' dir='ltr'>τὴνίι</span> 
     </span>
     <span class='ocr_line' id='line_1_20' title="bbox 122 2995 1316 3102; baseline 0.002 -25"><span class='ocrx_word' id='word_1_173' title='bbox 122 2995 275 3102; x_wconf 85' lang='grc' dir='ltr'>φθοράν,</span> <span class='ocrx_word' id='word_1_174' title='bbox 305 3000 364 3076; x_wconf 81' lang='grc' dir='ltr'>καὶ</span> <span class='ocrx_word' id='word_1_175' title='bbox 391 2995 628 3096; x_wconf 86' lang='grc' dir='ltr'>πνευματικὸν</span> <span class='ocrx_word' id='word_1_176' title='bbox 660 2995 801 3101; x_wconf 81' lang='grc' dir='ltr'>ἔχοντες</span> <span class='ocrx_word' id='word_1_177' title='bbox 829 2995 872 3078; x_wconf 84' lang='grc' dir='ltr'>τά</span> <span class='ocrx_word' id='word_1_178' title='bbox 904 3004 1035 3097; x_wconf 79' lang='grc' dir='ltr'>σῶμα,“</span> <span class='ocrx_word' id='word_1_179' title='bbox 1052 2999 1239 3078; x_wconf 82' lang='grc' dir='ltr'>τουτέστιν</span> <span class='ocrx_word' id='word_1_180' title='bbox 1267 3003 1316 3080; x_wconf 84' lang='grc' dir='ltr'>είς</span> 
     </span>
     <span class='ocr_line' id='line_1_21' title="bbox 70 3117 1316 3224; baseline 0.001 -26"><span class='ocrx_word' id='word_1_181' title='bbox 70 3160 109 3199; x_wconf 89' lang='lat'>20</span> <span class='ocrx_word' id='word_1_182' title='bbox 121 3119 215 3218; x_wconf 87' lang='grc' dir='ltr'>μόνα</span> <span class='ocrx_word' id='word_1_183' title='bbox 242 3119 382 3212; x_wconf 87' lang='grc' dir='ltr'>βλέπον</span> <span class='ocrx_word' id='word_1_184' title='bbox 408 3120 454 3200; x_wconf 89' lang='grc' dir='ltr'>τά</span> <span class='ocrx_word' id='word_1_185' title='bbox 477 3128 541 3201; x_wconf 83' lang='grc' dir='ltr'>τοῦ</span> <span class='ocrx_word' id='word_1_186' title='bbox 560 3120 782 3217; x_wconf 82' lang='grc' dir='ltr'>Πνεόματος·</span> <span class='ocrx_word' id='word_1_187' title='bbox 821 3119 950 3205; x_wconf 86' lang='grc' dir='ltr'>κλόνος</span> <span class='ocrx_word' id='word_1_188' title='bbox 971 3120 1010 3200; x_wconf 77' lang='grc' dir='ltr'>δέ</span> <span class='ocrx_word' id='word_1_189' title='bbox 1029 3122 1048 3200; x_wconf 88' lang='grc' dir='ltr'>ἀ</span> <span class='ocrx_word' id='word_1_190' title='bbox 1067 3117 1316 3224; x_wconf 71' lang='grc' dir='ltr'>καταβιβάζων</span> 
     </span>
     <span class='ocr_line' id='line_1_22' title="bbox 121 3245 1317 3354; baseline 0.001 -25"><span class='ocrx_word' id='word_1_191' title='bbox 121 3245 214 3343; x_wconf 81' lang='grc' dir='ltr'>ἡμᾶς</span> <span class='ocrx_word' id='word_1_192' title='bbox 243 3251 290 3330; x_wconf 85' lang='grc' dir='ltr'>είς</span> <span class='ocrx_word' id='word_1_193' title='bbox 320 3245 533 3352; x_wconf 85' lang='grc' dir='ltr'>φαυλότητα</span> <span class='ocrx_word' id='word_1_194' title='bbox 561 3247 673 3331; x_wconf 79' lang='grc' dir='ltr'>οὐδεὶς</span> <span class='ocrx_word' id='word_1_195' title='bbox 703 3247 807 3327; x_wconf 79' lang='grc' dir='ltr'>ἔσται</span> <span class='ocrx_word' id='word_1_196' title='bbox 834 3246 877 3327; x_wconf 88' lang='grc' dir='ltr'>τὸ</span> <span class='ocrx_word' id='word_1_197' title='bbox 905 3247 1074 3348; x_wconf 82' lang='grc' dir='ltr'>τηνικάδε,</span> <span class='ocrx_word' id='word_1_198' title='bbox 1102 3248 1317 3354; x_wconf 85' lang='grc' dir='ltr'>συνέχοντος</span> 
     </span>
     <span class='ocr_line' id='line_1_23' title="bbox 121 3368 1316 3475; baseline 0.005 -29"><span class='ocrx_word' id='word_1_199' title='bbox 121 3368 213 3467; x_wconf 82' lang='grc' dir='ltr'>ἡμᾶς</span> <span class='ocrx_word' id='word_1_200' title='bbox 240 3374 288 3454; x_wconf 83' lang='grc' dir='ltr'>είς</span> <span class='ocrx_word' id='word_1_201' title='bbox 306 3368 348 3449; x_wconf 81' lang='grc' dir='ltr'>τὸ</span> <span class='ocrx_word' id='word_1_202' title='bbox 367 3371 492 3450; x_wconf 83' lang='grc' dir='ltr'>ἑαυτοῦ</span> <span class='ocrx_word' id='word_1_203' title='bbox 516 3370 658 3469; x_wconf 88' lang='grc' dir='ltr'>θέλημα</span> <span class='ocrx_word' id='word_1_204' title='bbox 682 3379 746 3451; x_wconf 82' lang='grc' dir='ltr'>τοῦ</span> <span class='ocrx_word' id='word_1_205' title='bbox 765 3379 997 3475; x_wconf 85' lang='grc' dir='ltr'>Δημιουργοῦ</span> <span class='ocrx_word' id='word_1_206' title='bbox 1024 3371 1082 3454; x_wconf 83' lang='grc' dir='ltr'>διὰ</span> <span class='ocrx_word' id='word_1_207' title='bbox 1108 3381 1173 3453; x_wconf 84' lang='grc' dir='ltr'>τοῦ</span> <span class='ocrx_word' id='word_1_208' title='bbox 1189 3373 1316 3474; x_wconf 80' lang='grc' dir='ltr'>Ἀγίου</span> 
     </span>
     <span class='ocr_line' id='line_1_24' title="bbox 124 3491 1316 3597; baseline 0.005 -27"><span class='ocrx_word' id='word_1_209' title='bbox 124 3492 342 3590; x_wconf 87' lang='grc' dir='ltr'>Πνεόματος,</span> <span class='ocrx_word' id='word_1_210' title='bbox 354 3492 512 3596; x_wconf 80' lang='grc' dir='ltr'>καθάπερ</span> <span class='ocrx_word' id='word_1_211' title='bbox 526 3491 651 3591; x_wconf 88' lang='grc' dir='ltr'>ἀμέλει</span> <span class='ocrx_word' id='word_1_212' title='bbox 664 3499 723 3574; x_wconf 84' lang='grc' dir='ltr'>καὶ</span> <span class='ocrx_word' id='word_1_213' title='bbox 741 3491 824 3578; x_wconf 71' lang='grc' dir='ltr'>τοὺς</span> <span class='ocrx_word' id='word_1_214' title='bbox 841 3495 964 3597; x_wconf 83' lang='grc' dir='ltr'>ἁγίους</span> <span class='ocrx_word' id='word_1_215' title='bbox 982 3493 1172 3597; x_wconf 83' lang='grc' dir='ltr'>ἀγγέλους.</span> <span class='ocrx_word' id='word_1_216' title='bbox 1200 3504 1316 3578; x_wconf 80' lang='grc' dir='ltr'>τοιοῦ·</span> 
     </span>
     <span class='ocr_line' id='line_1_25' title="bbox 121 3612 1315 3723; baseline 0.008 -31"><span class='ocrx_word' id='word_1_217' title='bbox 121 3612 185 3693; x_wconf 87' lang='grc' dir='ltr'>τόν</span> <span class='ocrx_word' id='word_1_218' title='bbox 205 3649 240 3694; x_wconf 91' lang='grc' dir='ltr'>τι</span> <span class='ocrx_word' id='word_1_219' title='bbox 257 3615 419 3719; x_wconf 85' lang='grc' dir='ltr'>Χριστὸς</span> <span class='ocrx_word' id='word_1_220' title='bbox 446 3615 652 3723; x_wconf 84' lang='grc' dir='ltr'>ἀπεφήνατο</span> <span class='ocrx_word' id='word_1_221' title='bbox 680 3617 789 3701; x_wconf 85' lang='grc' dir='ltr'>είττών</span> <span class='ocrx_word' id='word_1_222' title='bbox 817 3628 838 3666; x_wconf 89' lang='grc'><strong>“</strong></span> <span class='ocrx_word' id='word_1_223' title='bbox 851 3618 980 3723; x_wconf 78' lang='grc' dir='ltr'>Ἐντῇ</span> <span class='ocrx_word' id='word_1_224' title='bbox 1008 3619 1208 3700; x_wconf 82' lang='grc' dir='ltr'>ἀναστάσει</span> <span class='ocrx_word' id='word_1_225' title='bbox 1234 3624 1315 3703; x_wconf 79' lang='grc' dir='ltr'>οὔτε</span> 
     </span>
    </p>
   </div>
   <div class='ocr_carea' id='block_1_5' title="bbox 120 3851 1317 4634">
    <p class='ocr_par' dir='ltr' id='par_1_5' title="bbox 120 3851 1317 4634">
     <span class='ocr_line' id='line_1_26' title="bbox 160 3851 1314 3930; baseline 0.005 -22"><span class='ocrx_word' id='word_1_226' title='bbox 160 3870 184 3910; x_wconf 85' lang='lat'>1.</span> <span class='ocrx_word' id='word_1_227' title='bbox 203 3851 238 3924; x_wconf 80' lang='grc' dir='ltr'>Ε]</span> <span class='ocrx_word' id='word_1_228' title='bbox 252 3854 295 3909; x_wconf 69' lang='lat' dir='ltr'>Its</span> <span class='ocrx_word' id='word_1_229' title='bbox 306 3856 340 3910; x_wconf 99' lang='lat' dir='ltr'>A.</span> <span class='ocrx_word' id='word_1_230' title='bbox 392 3857 458 3924; x_wconf 79' lang='grc' dir='ltr'>πρὸς</span> <span class='ocrx_word' id='word_1_231' title='bbox 469 3855 529 3912; x_wconf 77' lang='grc' dir='ltr'>τοὺς</span> <span class='ocrx_word' id='word_1_232' title='bbox 541 3855 665 3926; x_wconf 82' lang='grc' dir='ltr'>λέγοντας</span> <span class='ocrx_word' id='word_1_233' title='bbox 675 3855 821 3927; x_wconf 75' lang='lat' dir='ltr'><strong>praemittit</strong></span> <span class='ocrx_word' id='word_1_234' title='bbox 832 3855 884 3912; x_wconf 81' lang='lat' dir='ltr'>Ed.</span> <span class='ocrx_word' id='word_1_235' title='bbox 895 3855 980 3912; x_wconf 81' lang='lat' dir='ltr'>invito</span> <span class='ocrx_word' id='word_1_236' title='bbox 991 3857 1025 3913; x_wconf 89' lang='lat' dir='ltr'>A.</span> <span class='ocrx_word' id='word_1_237' title='bbox 1078 3858 1231 3930; x_wconf 80' lang='grc' dir='ltr'>λογιστικόν</span> <span class='ocrx_word' id='word_1_238' title='bbox 1241 3858 1314 3914; x_wconf 92' lang='lat' dir='ltr'><strong>A.D.</strong></span> 
     </span>
     <span class='ocr_line' id='line_1_27' title="bbox 120 3923 1315 3997; baseline 0.004 -18"><span class='ocrx_word' id='word_1_239' title='bbox 120 3926 227 3997; x_wconf 81' lang='grc' dir='ltr'>λογικὸν</span> <span class='ocrx_word' id='word_1_240' title='bbox 239 3923 290 3979; x_wconf 84' lang='lat' dir='ltr'>Ed.</span> <span class='ocrx_word' id='word_1_241' title='bbox 522 3940 547 3980; x_wconf 72' lang='grc' dir='ltr'>τ.</span> <span class='ocrx_word' id='word_1_242' title='bbox 565 3927 589 3978; x_wconf 92' lang='grc' dir='ltr'>οί</span> <span class='ocrx_word' id='word_1_243' title='bbox 601 3924 624 3980; x_wconf 84' lang='grc' dir='ltr'>δ’</span> <span class='ocrx_word' id='word_1_244' title='bbox 637 3924 769 3996; x_wconf 75' lang='grc' dir='ltr'>ἕτεροι-ἡ</span> <span class='ocrx_word' id='word_1_245' title='bbox 782 3927 858 3997; x_wconf 72' lang='grc' dir='ltr'>ψυχὴ</span> <span class='ocrx_word' id='word_1_246' title='bbox 870 3927 904 3981; x_wconf 86' lang='lat' dir='ltr'>A.</span> <span class='ocrx_word' id='word_1_247' title='bbox 915 3928 957 3982; x_wconf 78' lang='grc' dir='ltr'>καί</span> <span class='ocrx_word' id='word_1_248' title='bbox 968 3927 1009 3984; x_wconf 85' lang='grc' dir='ltr'>ότι</span> <span class='ocrx_word' id='word_1_249' title='bbox 1020 3927 1044 3983; x_wconf 87' lang='grc' dir='ltr'>εί</span> <span class='ocrx_word' id='word_1_250' title='bbox 1054 3929 1187 3997; x_wconf 81' lang='grc' dir='ltr'>προκοπὴν</span> <span class='ocrx_word' id='word_1_251' title='bbox 1198 3929 1251 3997; x_wconf 60' lang='grc' dir='ltr'>ἔδει</span> <span class='ocrx_word' id='word_1_252' title='bbox 1263 3929 1315 3984; x_wconf 78' lang='lat' dir='ltr'>Ed.</span> 
     </span>
     <span class='ocr_line' id='line_1_28' title="bbox 121 3992 1316 4068; baseline 0.005 -19"><span class='ocrx_word' id='word_1_253' title='bbox 121 4014 148 4063; x_wconf 82' lang='lat'>4.</span> <span class='ocrx_word' id='word_1_254' title='bbox 165 3995 307 4060; x_wconf 74' lang='grc' dir='ltr'>ἀναβίωσιν</span> <span class='ocrx_word' id='word_1_255' title='bbox 317 3992 390 4053; x_wconf 71' lang='grc' dir='ltr'>αὖθις</span> <span class='ocrx_word' id='word_1_256' title='bbox 402 3994 453 4050; x_wconf 88' lang='lat' dir='ltr'>hoe</span> <span class='ocrx_word' id='word_1_257' title='bbox 465 3994 559 4051; x_wconf 78' lang='lat' dir='ltr'>ordino</span> <span class='ocrx_word' id='word_1_258' title='bbox 570 3997 606 4049; x_wconf 85' lang='lat' dir='ltr'>A.</span> <span class='ocrx_word' id='word_1_259' title='bbox 688 4009 714 4062; x_wconf 88' lang='lat'>5.</span> <span class='ocrx_word' id='word_1_260' title='bbox 734 3995 775 4051; x_wconf 78' lang='lat' dir='ltr'>lta</span> <span class='ocrx_word' id='word_1_261' title='bbox 786 3997 820 4062; x_wconf 84' lang='lat' dir='ltr'>A.</span> <span class='ocrx_word' id='word_1_262' title='bbox 833 3999 928 4068; x_wconf 86' lang='grc' dir='ltr'>κεφαλ.</span> <span class='ocrx_word' id='word_1_263' title='bbox 940 4000 957 4065; x_wconf 75' lang='grc' dir='ltr'><strong>ζ</strong></span> <span class='ocrx_word' id='word_1_264' title='bbox 967 3997 1018 4053; x_wconf 81' lang='lat' dir='ltr'>Ed.</span> <span class='ocrx_word' id='word_1_265' title='bbox 1105 3998 1132 4054; x_wconf 90' lang='grc'>6.</span> <span class='ocrx_word' id='word_1_266' title='bbox 1150 4002 1230 4054; x_wconf 83' lang='grc' dir='ltr'>ταῦτα</span> <span class='ocrx_word' id='word_1_267' title='bbox 1242 3999 1316 4055; x_wconf 86' lang='lat' dir='ltr'><strong>A.D.</strong></span> 
     </span>
     <span class='ocr_line' id='line_1_29' title="bbox 120 4064 1316 4140; baseline 0.003 -18"><span class='ocrx_word' id='word_1_268' title='bbox 120 4069 226 4122; x_wconf 75' lang='grc' dir='ltr'>τοιαῦτα</span> <span class='ocrx_word' id='word_1_269' title='bbox 238 4064 290 4120; x_wconf 81' lang='lat' dir='ltr'>Ed.</span> <span class='ocrx_word' id='word_1_270' title='bbox 492 4065 518 4120; x_wconf 87' lang='grc'>8.</span> <span class='ocrx_word' id='word_1_271' title='bbox 536 4064 694 4122; x_wconf 78' lang='grc' dir='ltr'>ίνδῦσοσθιιι</span> <span class='ocrx_word' id='word_1_272' title='bbox 704 4066 751 4134; x_wconf 78' lang='grc' dir='ltr'>τὴν</span> <span class='ocrx_word' id='word_1_273' title='bbox 762 4065 912 4135; x_wconf 87' lang='grc' dir='ltr'>ἀφθαρσίαν</span> <span class='ocrx_word' id='word_1_274' title='bbox 923 4077 949 4123; x_wconf 79' lang='lat' dir='ltr'>et</span> <span class='ocrx_word' id='word_1_275' title='bbox 960 4067 1143 4124; x_wconf 73' lang='grc' dir='ltr'>ἀποδύσασθαι</span> <span class='ocrx_word' id='word_1_276' title='bbox 1154 4070 1202 4139; x_wconf 78' lang='grc' dir='ltr'>τὴν</span> <span class='ocrx_word' id='word_1_277' title='bbox 1212 4069 1316 4140; x_wconf 68' lang='grc' dir='ltr'>φθορὰν</span> 
     </span>
     <span class='ocr_line' id='line_1_30' title="bbox 122 4135 1315 4210; baseline 0.002 -18"><span class='ocrx_word' id='word_1_278' title='bbox 122 4137 174 4192; x_wconf 85' lang='lat' dir='ltr'>hoc</span> <span class='ocrx_word' id='word_1_279' title='bbox 185 4135 278 4191; x_wconf 76' lang='lat' dir='ltr'><strong>ordine</strong></span> <span class='ocrx_word' id='word_1_280' title='bbox 290 4136 324 4191; x_wconf 89' lang='lat' dir='ltr'>A.</span> <span class='ocrx_word' id='word_1_281' title='bbox 498 4151 541 4190; x_wconf 83' lang='lat'>11.</span> <span class='ocrx_word' id='word_1_282' title='bbox 556 4135 874 4206; x_wconf 65' lang='grc' dir='ltr'>μιταστησόμεθο-ζιιὴν</span> <span class='ocrx_word' id='word_1_283' title='bbox 885 4136 936 4193; x_wconf 88' lang='lat' dir='ltr'>hoc</span> <span class='ocrx_word' id='word_1_284' title='bbox 948 4138 1041 4194; x_wconf 81' lang='lat' dir='ltr'><strong>ordine</strong></span> <span class='ocrx_word' id='word_1_285' title='bbox 1053 4139 1087 4193; x_wconf 85' lang='lat' dir='ltr'>A.</span> <span class='ocrx_word' id='word_1_286' title='bbox 1099 4140 1315 4210; x_wconf 81' lang='grc' dir='ltr'>μεταστησόμιθο</span> 
     </span>
     <span class='ocr_line' id='line_1_31' title="bbox 122 4205 1316 4278; baseline 0.003 -17"><span class='ocrx_word' id='word_1_287' title='bbox 122 4215 183 4278; x_wconf 77' lang='lat' dir='ltr'><strong>poet</strong></span> <span class='ocrx_word' id='word_1_288' title='bbox 195 4206 260 4276; x_wconf 76' lang='grc' dir='ltr'>ζωὴν</span> <span class='ocrx_word' id='word_1_289' title='bbox 271 4214 310 4260; x_wconf 79' lang='lat' dir='ltr'>tm</span> <span class='ocrx_word' id='word_1_290' title='bbox 379 4205 420 4261; x_wconf 85' lang='lat' dir='ltr'>nit</span> <span class='ocrx_word' id='word_1_291' title='bbox 431 4205 483 4261; x_wconf 81' lang='lat' dir='ltr'>Ed.</span> <span class='ocrx_word' id='word_1_292' title='bbox 603 4223 645 4274; x_wconf 80' lang='lat'>14.</span> <span class='ocrx_word' id='word_1_293' title='bbox 662 4207 849 4276; x_wconf 85' lang='grc' dir='ltr'>πολιτευόμεθα</span> <span class='ocrx_word' id='word_1_294' title='bbox 861 4205 960 4264; x_wconf 75' lang='lat' dir='ltr'><strong>habent</strong></span> <span class='ocrx_word' id='word_1_295' title='bbox 971 4209 1044 4266; x_wconf 84' lang='lat' dir='ltr'><strong>A.D.</strong></span> <span class='ocrx_word' id='word_1_296' title='bbox 1165 4210 1205 4265; x_wconf 86' lang='lat'>18.</span> <span class='ocrx_word' id='word_1_297' title='bbox 1218 4211 1316 4264; x_wconf 76' lang='grc' dir='ltr'>εἀυτΐον</span> 
     </span>
     <span class='ocr_line' id='line_1_32' title="bbox 121 4275 1317 4352; baseline 0.003 -21"><span class='ocrx_word' id='word_1_298' title='bbox 121 4277 239 4346; x_wconf 81' lang='grc' dir='ltr'>ἀμείνους</span> <span class='ocrx_word' id='word_1_299' title='bbox 250 4285 276 4330; x_wconf 82' lang='lat' dir='ltr'>et</span> <span class='ocrx_word' id='word_1_300' title='bbox 287 4277 338 4330; x_wconf 85' lang='grc' dir='ltr'>ἀπο</span> <span class='ocrx_word' id='word_1_301' title='bbox 355 4279 477 4347; x_wconf 84' lang='grc' dir='ltr'>υσιίμενοι</span> <span class='ocrx_word' id='word_1_302' title='bbox 488 4277 534 4346; x_wconf 78' lang='grc' dir='ltr'>τὴν</span> <span class='ocrx_word' id='word_1_303' title='bbox 544 4275 648 4348; x_wconf 78' lang='grc' dir='ltr'>φθορὰν</span> <span class='ocrx_word' id='word_1_304' title='bbox 659 4276 709 4332; x_wconf 89' lang='lat' dir='ltr'>hoc</span> <span class='ocrx_word' id='word_1_305' title='bbox 722 4277 813 4332; x_wconf 81' lang='lat' dir='ltr'>ordine</span> <span class='ocrx_word' id='word_1_306' title='bbox 825 4277 859 4332; x_wconf 84' lang='lat' dir='ltr'>A.</span> <span class='ocrx_word' id='word_1_307' title='bbox 1087 4295 1128 4352; x_wconf 87' lang='lat'>19.</span> <span class='ocrx_word' id='word_1_308' title='bbox 1146 4282 1317 4349; x_wconf 79' lang='grc' dir='ltr'>πνευματικὸν</span> 
     </span>
     <span class='ocr_line' id='line_1_33' title="bbox 121 4346 1315 4419; baseline 0.004 -18"><span class='ocrx_word' id='word_1_309' title='bbox 121 4350 225 4419; x_wconf 70' lang='grc' dir='ltr'>ἔχοντες</span> <span class='ocrx_word' id='word_1_310' title='bbox 236 4348 267 4400; x_wconf 82' lang='grc' dir='ltr'>τό</span> <span class='ocrx_word' id='word_1_311' title='bbox 280 4351 354 4416; x_wconf 82' lang='grc' dir='ltr'>σῶμα</span> <span class='ocrx_word' id='word_1_312' title='bbox 367 4347 417 4402; x_wconf 88' lang='lat' dir='ltr'>hoe</span> <span class='ocrx_word' id='word_1_313' title='bbox 429 4346 523 4402; x_wconf 77' lang='lat' dir='ltr'>ordine</span> <span class='ocrx_word' id='word_1_314' title='bbox 535 4350 568 4404; x_wconf 84' lang='lat' dir='ltr'>A.</span> <span class='ocrx_word' id='word_1_315' title='bbox 580 4349 611 4403; x_wconf 86' lang='grc' dir='ltr'>τδ</span> <span class='ocrx_word' id='word_1_316' title='bbox 623 4351 698 4418; x_wconf 74' lang='grc' dir='ltr'>σῶμα</span> <span class='ocrx_word' id='word_1_317' title='bbox 710 4355 772 4403; x_wconf 75' lang='lat' dir='ltr'>ante</span> <span class='ocrx_word' id='word_1_318' title='bbox 782 4369 873 4418; x_wconf 87' lang='grc' dir='ltr'>πνευμ.</span> <span class='ocrx_word' id='word_1_319' title='bbox 885 4356 919 4404; x_wconf 75' lang='lat' dir='ltr'>tr.</span> <span class='ocrx_word' id='word_1_320' title='bbox 934 4347 987 4406; x_wconf 83' lang='lat' dir='ltr'>Ed.</span> <span class='ocrx_word' id='word_1_321' title='bbox 1152 4366 1196 4406; x_wconf 64' lang='grc' dir='ltr'>πο.</span> <span class='ocrx_word' id='word_1_322' title='bbox 1213 4350 1315 4415; x_wconf 70' lang='grc' dir='ltr'>βλέπον</span> 
     </span>
     <span class='ocr_line' id='line_1_34' title="bbox 120 4415 1315 4491; baseline 0.002 -17"><span class='ocrx_word' id='word_1_323' title='bbox 120 4421 153 4474; x_wconf 79' lang='grc' dir='ltr'>τό</span> <span class='ocrx_word' id='word_1_324' title='bbox 168 4421 215 4472; x_wconf 82' lang='grc' dir='ltr'>τοῦ</span> <span class='ocrx_word' id='word_1_325' title='bbox 233 4415 381 4488; x_wconf 79' lang='grc' dir='ltr'>Πνιόματος</span> <span class='ocrx_word' id='word_1_326' title='bbox 398 4416 478 4472; x_wconf 75' lang='lat' dir='ltr'><strong>edidi.</strong></span> <span class='ocrx_word' id='word_1_327' title='bbox 495 4417 627 4482; x_wconf 79' lang='grc' dir='ltr'>βλέποιτο</span> <span class='ocrx_word' id='word_1_328' title='bbox 644 4419 676 4474; x_wconf 81' lang='grc' dir='ltr'>τό</span> <span class='ocrx_word' id='word_1_329' title='bbox 688 4422 735 4474; x_wconf 84' lang='grc' dir='ltr'>τοῦ</span> <span class='ocrx_word' id='word_1_330' title='bbox 745 4417 888 4490; x_wconf 74' lang='grc' dir='ltr'>πνειίμοτος</span> <span class='ocrx_word' id='word_1_331' title='bbox 899 4420 933 4476; x_wconf 84' lang='lat' dir='ltr'>A.</span> <span class='ocrx_word' id='word_1_332' title='bbox 945 4421 978 4475; x_wconf 77' lang='grc' dir='ltr'>τὰ</span> <span class='ocrx_word' id='word_1_333' title='bbox 990 4423 1036 4474; x_wconf 81' lang='grc' dir='ltr'>τοῦ</span> <span class='ocrx_word' id='word_1_334' title='bbox 1049 4419 1190 4491; x_wconf 74' lang='grc' dir='ltr'>πνεύματος</span> <span class='ocrx_word' id='word_1_335' title='bbox 1200 4420 1315 4486; x_wconf 76' lang='grc' dir='ltr'>βλέπον·</span> 
     </span>
     <span class='ocr_line' id='line_1_35' title="bbox 121 4487 1315 4561; baseline 0.001 -16"><span class='ocrx_word' id='word_1_336' title='bbox 121 4512 164 4546; x_wconf 86' lang='grc' dir='ltr'>τις</span> <span class='ocrx_word' id='word_1_337' title='bbox 177 4487 228 4543; x_wconf 82' lang='lat' dir='ltr'>Ed.</span> <span class='ocrx_word' id='word_1_338' title='bbox 447 4505 491 4543; x_wconf 87' lang='lat'>21.</span> <span class='ocrx_word' id='word_1_339' title='bbox 509 4489 591 4545; x_wconf 80' lang='grc' dir='ltr'>οάδιὶς</span> <span class='ocrx_word' id='word_1_340' title='bbox 603 4490 677 4545; x_wconf 69' lang='grc' dir='ltr'>ἔσται</span> <span class='ocrx_word' id='word_1_341' title='bbox 688 4491 719 4545; x_wconf 86' lang='grc' dir='ltr'>τδ</span> <span class='ocrx_word' id='word_1_342' title='bbox 730 4490 846 4558; x_wconf 87' lang='grc' dir='ltr'>τηνικόδε</span> <span class='ocrx_word' id='word_1_343' title='bbox 858 4489 909 4545; x_wconf 80' lang='lat' dir='ltr'>hoc</span> <span class='ocrx_word' id='word_1_344' title='bbox 920 4489 1013 4546; x_wconf 79' lang='lat' dir='ltr'>ordine</span> <span class='ocrx_word' id='word_1_345' title='bbox 1024 4490 1059 4546; x_wconf 86' lang='lat' dir='ltr'>A.</span> <span class='ocrx_word' id='word_1_346' title='bbox 1070 4493 1101 4546; x_wconf 88' lang='grc' dir='ltr'>τδ</span> <span class='ocrx_word' id='word_1_347' title='bbox 1112 4493 1227 4561; x_wconf 79' lang='grc' dir='ltr'>τηνικάδε</span> <span class='ocrx_word' id='word_1_348' title='bbox 1240 4492 1315 4548; x_wconf 74' lang='grc' dir='ltr'>ἴστιιι</span> 
     </span>
     <span class='ocr_line' id='line_1_36' title="bbox 121 4558 1243 4634; baseline 0.003 -18"><span class='ocrx_word' id='word_1_349' title='bbox 121 4561 205 4618; x_wconf 73' lang='grc' dir='ltr'>οὐδεὶς</span> <span class='ocrx_word' id='word_1_350' title='bbox 218 4558 269 4615; x_wconf 74' lang='lat' dir='ltr'>Ed.</span> <span class='ocrx_word' id='word_1_351' title='bbox 454 4575 497 4615; x_wconf 77' lang='grc' dir='ltr'>τι.</span> <span class='ocrx_word' id='word_1_352' title='bbox 515 4560 616 4630; x_wconf 82' lang='grc' dir='ltr'>θεληρο</span> <span class='ocrx_word' id='word_1_353' title='bbox 627 4560 923 4632; x_wconf 72' lang='grc' dir='ltr'>αιιυωριιιιιιικλδ).</span> <span class='ocrx_word' id='word_1_354' title='bbox 937 4561 1019 4632; x_wconf 78' lang='lat' dir='ltr'>[inter</span> <span class='ocrx_word' id='word_1_355' title='bbox 1030 4579 1114 4618; x_wconf 81' lang='grc' dir='ltr'>ιιιοι</span> <span class='ocrx_word' id='word_1_356' title='bbox 1127 4560 1243 4634; x_wconf 68' lang='grc' dir='ltr'>Μίμα]</span> 
     </span>
    </p>
   </div>
   <div class='ocr_carea' id='block_1_6' title="bbox 0 0 1626 5146">
    <p class='ocr_par' dir='ltr' id='par_1_6' title="bbox 0 0 1626 5146">
     <span class='ocr_line' id='line_1_37' title="bbox 0 0 1626 5146; baseline 0 0"><span class='ocrx_word' id='word_1_357' title='bbox 0 0 1626 5146; x_wconf 95' lang='lat' dir='ltr'> </span> 
     </span>
    </p>
   </div>
  </div>
 </body>
</html>
