3304 5150
306 347 371 410 288
480 345 519 410 B.
539 344 731 410 CYRILLI
757 343 1025 410 ALEXANDR.
1053 341 1336 408 FRAGMENTA
1401 341 1456 407 xii.
1469 363 1502 428 9.

151 443 277 512 [M]
308 508 405 592 ὅπως
428 508 575 615 ἀρχεται
600 507 666 610 μὲν
684 507 757 591 ἀπὸ
781 518 845 590 τοῦ
866 511 1074 610 Πνεῦματος
1093 512 1142 595 ῶς
1167 508 1268 592 ὄντος
1286 510 1324 588 ἐν
1341 509 1425 608 ἡμῖν
1443 509 1504 588 καὶ

307 632 374 732 τὴν
400 640 473 713 τῶν
501 634 604 714 θείων
634 631 870 738 χαρισμάτων
897 635 1120 737 ἐνεργοῦντος
1153 630 1337 731 διανομήν·
1377 633 1503 726 ἀναβι-

307 755 430 851 βάσας
448 755 485 836 δέ
503 755 567 837 τὸν
585 757 699 858 λόγον
714 760 772 836 ἐπὶ
789 755 853 835 τὸν
870 754 969 854 Υίὸν,
989 756 1028 839 ὅς
1045 759 1145 835 ἐστιν
1162 753 1249 838 Υἱὸς
1268 752 1359 835 κατά
1378 755 1503 861 φύσιν,

285 971 287 976 ,
309 878 445 959 ἀνεισιν
464 881 556 959 οὕτω
574 878 705 960 λοιπὸν
722 882 779 960 ἐπὶ
799 879 861 959 τὸν
880 879 1037 982 Πατέρα,
1055 878 1121 977 τὴν
1139 877 1197 958 διά
1215 886 1280 957 τοῦ
1294 877 1504 975 Πνεῦματος

308 1002 484 1104 ἐνέργειαν
502 1002 559 1082 διά
580 1003 695 1102 μέσου
713 1011 776 1083 τοῦ
796 1008 886 1082 Υίοῦ
904 1002 1119 1106 προσνέμων
1136 1003 1242 1108 αὐτῷ.

219 1266 294 1325 9sq.
513 1245 643 1335 Ἐτὲρῳ
670 1245 706 1312 δὲ
734 1245 841 1312 πίστις
866 1245 901 1311 ἑν
928 1248 976 1330 τῷ
1004 1245 1093 1330 αὐτῷ
1117 1244 1289 1320 Πνεύματι.

367 1419 488 1504 Πίστις
517 1419 553 1496 ἐν
577 1417 713 1502 τούτοις
742 1418 794 1519 εἴη
822 1417 877 1515 ἀν,
908 1417 1068 1519 καθάπερ
1096 1415 1285 1522 ἐγῷμααὴ
1313 1411 1403 1517 πρὸς
1430 1420 1505 1494 πᾶν

310 1540 427 1619 ὁτιοῦν
458 1547 531 1620 τῶν
560 1545 707 1643 ἀγαθῶν
739 1539 919 1645 ἐδραιότης
952 1542 1010 1619 καὶ
1038 1537 1088 1619 ῶν
1118 1539 1163 1618 ἀν
1194 1536 1364 1632 βοιίλοιτο
1394 1533 1501 1620 θεάς·

142 1680 255 1733 Hebdii·
267 1695 290 1730 a.
311 1661 430 1768 φαμέν
448 1662 519 1764 γὰρ
537 1667 629 1744 οῦτω
654 1664 820 1765 γενέσθαι
841 1661 975 1744 πιστὸν
1000 1673 1022 1709 “
1036 1665 1073 1741 ἐν
1091 1661 1168 1770 ὅλερ
1186 1667 1237 1769 τῷ
1261 1660 1345 1768 οἴκῳ
1364 1659 1503 1740 αῦτοῦ”

311 1783 375 1865 τὸν
393 1786 607 1891 ἱεροφάντην
627 1787 780 1866 Μωσέα·
818 1787 859 1866 οῦ
881 1785 952 1891 γάρ
970 1784 1011 1864 τὸ
1034 1788 1162 1889 χρῆναι
1183 1791 1377 1865 πιστεῦσαι
1394 1781 1506 1883 μόνον
1522 1809 1564 1850 10

313 1908 367 1987 ὅτι
395 1908 504 2014 φύσει
533 1913 591 1988 καὶ
618 1913 762 2008 ἀληθῶς
789 1908 837 1994 εἷς
866 1913 943 1989 ἐστι
969 1915 1041 1989 τῶν
1064 1909 1161 1988 ὅλων
1183 1905 1285 2004 θεὸς,
1313 1909 1432 1993 πίστις
1460 1903 1506 1986 ἀν

142 2047 204 2098 Mie.
216 2045 249 2098 vi.
263 2047 288 2098 8.
314 2039 430 2112 νοοῖτο
451 2035 507 2112 καί
532 2033 685 2134 λε’γοιτο,
706 2032 805 2113 ἀλλά
823 2031 864 2112 τὸ
883 2033 922 2111 εὖ
938 2032 1128 2132 βεβηκέναι
1147 2031 1238 2112 κατά
1256 2029 1392 2136 φυχὴν,
1411 2041 1433 2077 “
1446 2034 1507 2109 καὶ

315 2164 336 2200 “
350 2155 489 2252 ἕτοιμον
508 2152 594 2234 εἶναι
612 2163 676 2234 τοῦ
693 2155 907 2259 πορεύεσθαι
925 2156 1014 2252 μετὰ
1034 2157 1168 2258 Κυρίου
1186 2163 1249 2235 τοῦ
1268 2159 1365 2234 θεοῦ
1374 2154 1395 2181 ”
1414 2151 1507 2233 κατὰ

314 2274 381 2376 τὴν
399 2285 463 2356 τοῦ
484 2275 674 2384 προφήτου
696 2276 834 2384 φωνήν·
872 2282 931 2358 καὶ
958 2287 1047 2380 γοῦν
1074 2285 1107 2358 οἱ
1135 2279 1324 2358 θεσπέσιοι
1349 2279 1506 2376 μαθηταὶ

163 2452 186 2492 ·,
234 2449 241 2462 ·
312 2396 527 2520 προσῄεσάν
553 2435 641 2481 ποτε
669 2409 720 2510 τῶ
748 2408 900 2510 Χριστῷ
929 2400 1093 2502 λε’γοντες
1121 2404 1278 2505 ἐναργῶς
1300 2411 1323 2449 “
1338 2398 1505 2504 Πρόσθες
1522 2427 1563 2488 15

315 2533 337 2570 “
355 2523 438 2622 ἡμῖν
473 2523 630 2607 πίστιν.”
679 2528 811 2606 δίδοται
848 2525 887 2604 δέ
923 2523 1012 2626 πρὸς
1049 2523 1164 2631 τούτῳ
1201 2526 1260 2603 καὶ
1295 2527 1506 2631 χαρίσματα

314 2647 468 2752 ἰαμάτων
487 2648 516 2728 ἓν
533 2657 579 2756 τῷ
597 2647 638 2729 ἐνὶ
660 2646 842 2755 Πνεῦματι.
879 2646 940 2727 καί
961 2683 1021 2744 μοι
1048 2646 1160 2728 πάλιν
1179 2646 1332 2749 ἐπιτήρει
1350 2653 1502 2730 λεπτῶς·

313 2778 377 2849 τοῦ
408 2770 480 2872 γάρ
508 2770 716 2870 Πνεύματος
745 2772 918 2871 διανέμειν
946 2771 1142 2872 λεγομένου
1172 2767 1217 2849 τά
1246 2777 1318 2848 τῶν
1347 2767 1506 2868 ἰαμάτων

315 2895 532 2996 χαρίσματα,
552 2891 712 2994 Χριστός
729 2895 829 2973 ἐστιν
847 2895 866 2973 ὁ
884 2893 1014 2978 διδούς·
1044 2893 1171 2973 δεδωκε
1198 2890 1269 2997 γάρ
1293 2899 1365 2977 τοΐς
1393 2892 1506 2993 ἁγίοις

268 3075 275 3088 .
314 3014 536 3099 ἀποστόλοις
568 3027 590 3062 “
604 3015 773 3122 ἐξουσίαν
804 3015 895 3096 κατά
927 3014 1137 3115 πνευμάτων
1169 3015 1379 3115 ἀκαθάρτων
1411 3013 1506 3094 ῶστε
1522 3055 1564 3094 20

164 3140 170 3152 ’
195 3139 222 3218 ’.
315 3148 336 3184 “
354 3137 546 3232 ἐκβάλλειν
564 3137 687 3217 αῦτά·”
712 3143 769 3219 καὶ
788 3137 831 3238 δὴ
848 3141 906 3219 καί
923 3141 1081 3244 ἐφασκεν
1098 3149 1120 3186 “
1133 3137 1386 3222 Ἀσθενοῦντας
1404 3146 1507 3240 θερα-

314 3269 337 3307 “
354 3259 487 3354 πεύετε,
506 3266 565 3340 καὶ
593 3261 733 3363 υεκροῦς
752 3263 910 3366 ἐγείρετε,
931 3261 1084 3366 λεπροὺς
1112 3261 1322 3364 καθαρίζετε,
1345 3265 1402 3341 καὶ
1426 3266 1503 3341 δαι·

315 3392 336 3429 “
354 3380 460 3478 μόνια
482 3383 688 3482 ἐκβάλλετε,
708 3385 843 3489 δωρεάν
859 3387 1017 3483 ἐλάβετε,
1035 3384 1170 3488 δωρεάν
1190 3384 1303 3465 δότε.”
1340 3385 1447 3464 αῦτοῦ
1469 3383 1508 3464 δέ

202 3539 253 3575 ver·
265 3535 302 3575 ¹0·
314 3504 358 3604 δὴ
375 3505 518 3591 πάντως
544 3509 602 3586 καὶ
628 3506 673 3587 τά
699 3515 771 3587 τῶν
798 3507 963 3613 δυνάμεων
982 3511 1200 3616 ἐνεργήματα,
1218 3506 1317 3608 πλὴν
1333 3509 1371 3586 ἐν
1390 3504 1505 3587 Πνεῦ-

313 3663 400 3727 ματι
421 3631 473 3736 τῶ
498 3631 560 3710 ἐνί·
599 3627 674 3709 οἷον
692 3630 838 3737 ἐῤῥιφευ
857 3633 877 3710 ὁ
896 3635 1040 3730 Μωσῆς
1057 3630 1122 3731 τὴν
1139 3628 1276 3734 ῥάβδον
1295 3635 1344 3714 είς
1362 3633 1431 3731 γῆν
1450 3631 1508 3710 καὶ
1523 3669 1564 3728 25

313 3750 459 3856 γε’γονεν
477 3751 570 3859 ὄφις,
587 3754 849 3851 μετεσκεύασεν
866 3759 916 3840 είς
935 3752 1023 3854 αἷμα
1051 3753 1135 3838 τοῦς
1161 3753 1357 3852 ποταμοὺς,
1378 3750 1509 3860 ἐξήγα-

313 3911 377 3980 γεν
396 3878 490 3979 ὕδωρ
508 3878 547 3956 ἐκ
575 3876 714 3981 πέτρας·
748 3879 953 3959 τετελέκασι
981 3878 1018 3958 δέ
1045 3884 1205 3959 πλεῖστοι
1232 3877 1304 3957 ὅσα
1333 3880 1391 3958 καὶ
1418 3877 1510 3979 πέρα

314 4067 471 4194 γαρίσμοτοδ
477 4067 594 4158 ,ἰαμάτωρ
608 4069 633 4122 al
645 4074 698 4192 ro3r1
711 4067 948 4194 ιγφσογνθθεραπείοι,
960 4067 991 4160 φτ
1001 4071 1016 4121 δ
1028 4068 1142 4191 {palm-65
1154 4067 1195 4121 διδ
1209 4069 1254 4158 τρῦ
1267 4066 1415 4192 ξγεδῦγρατος
1428 4069 1509 4191 Ιτροιειι·

314 4159 777 4278 ἀῶίῖωίαῖρίῗίθίίῗίἀῶεῶ
788 4159 1046 4264 amm:
1057 4141 1328 4278 ᾙίέἶῖἶίπία
1346 4159 1512 4262 ιῶλῶεζ

315 4278 383 4333 εἰσιν
400 4279 533 4346 οἶρετικῦν
544 4280 586 4333 καὶ
602 4281 714 4346 πλάνων,
728 4281 769 4332 καὶ
783 4281 855 4333 ποῖοι
872 4283 924 4334 τῶν
935 4278 1017 4347 ὅρθως
1033 4281 1216 4334 πιστευόντων.
1240 4279 1389 4348 χαρίσματα
1402 4277 1469 4347 (sic)
1482 4277 1512 4330 δέ

315 4350 345 4401 τὸ
357 4350 448 4401 λαλεῖν
458 4351 595 4434 γλώσσαις
606 4347 686 4403 ἶδικον
698 4349 762 4438 (df)
774 4349 816 4438 καὶ
827 4348 855 4402 ἐν
866 4353 945 4438 γεαιρῷ
958 4349 999 4402 καὶ
1011 4348 1168 4438 γρείᾳρισὶν
1180 4348 1342 4435 οίκονομρκῦς
1354 4347 1397 4413 (ut
1409 4349 1512 4434 p3289,

315 4419 345 4484 8)
369 4439 580 4488 κεχορηγημενον.
607 4417 684 4472 ἄλλοι
708 4419 736 4472 δε
761 4439 806 4472 ουκ
827 4417 939 4474 ι’λαλουν
958 4419 1011 4473 ἀλλ
1038 4420 1176 4487 ἐρμηνενον
1194 4419 1227 4472 τδ
1246 4419 1345 4486 ἐτιραις
1365 4421 1512 4504 λαλουμεγα

314 4489 460 4609 γέιάἅσέις·
478 4487 519 4609 {a
567 4487 617 4542 ῖδέ
629 4489 760 4558 διαφόρως
772 4487 799 4542 ἐν
811 4489 912 4560 ἐκάστφ
922 4490 953 4543 τδ
967 4491 1069 4558 Πνεῦμα
1081 4489 1128 4557 τὴν
1139 4493 1191 4544 τῶν
1201 4490 1370 4558 χαρισμάτων
1382 4489 1511 4556 διανομην.

316 4573 330 4610 0
354 4573 362 4608 l
420 4573 486 4610 enlm
542 4595 548 4609 ι
