3294 5150
159 358 215 423 xii.
231 379 251 446 3
267 382 332 444 sqq.
379 359 433 424 IN
458 359 523 425 ΕΡ.
547 358 576 423 Ι.
601 357 666 423 AD
692 356 985 424 CORINTHIOS.
1024 355 1113 421 LIB.
1134 355 1175 421 V.
1289 357 1353 421 285

1383 467 1515 535 [⁶4M·]

577 797 838 875 ΤΟΜΟΣ
895 798 940 872 Ε.

620 1008 817 1085 ΛΟΓΟΣ
859 1009 904 1085 Α.

166 1243 281 1310 Οὺδείο
304 1245 341 1313 ὲν
368 1247 527 1324 πνεύματι
552 1245 636 1311 Θεοῦ
661 1244 772 1312 λαλῶν
800 1245 887 1319 λέπει
904 1244 1068 1320 Ἀνάθεμα
1092 1244 1220 1311 Ἰιισοῡν
1246 1248 1358 1315 κ.τ.λ.
1373 1213 1516 1380 §gssq‘ff'

220 1410 269 1488 Ὀ
297 1413 488 1489 ΚΥΡΙΟΣ
516 1409 617 1507 ἡμῶν
632 1409 777 1508 Ἰησοῦς
803 1403 1004 1510 ἁΧριστὸς
1022 1406 1268 1508 ἐπηγγέλλετο
1294 1409 1360 1506 μὲν

132 1529 331 1612 5ἁπελθῶν
352 1530 508 1637 πέμψειν
525 1530 609 1629 ἡμῖν
627 1528 691 1610 τὸν
709 1527 956 1633 παράκλητον·
990 1530 1195 1633 προσετίθει
1213 1529 1251 1610 δέ
1272 1529 1357 1610 πού·

163 1687 238 1738 τοις
255 1651 297 1734 τό
325 1664 348 1701 “
360 1656 518 1737 Ἐκεῖνος
536 1652 596 1754 ἐμὲ
614 1651 792 1759 δοξάσει.”
826 1654 992 1753 συνίεμεν
1011 1652 1047 1733 δέ
1066 1654 1165 1752 ἡμεῖς
1183 1655 1241 1733 καὶ
1259 1653 1361 1752 μάλα
1372 1659 1484 1789 ξἯῦζῖ·

165 1779 280 1880 ὀρθῶς
308 1777 363 1857 ὅτι
390 1777 528 1884 δοξάζει
551 1774 716 1880 Χριστὸν
742 1774 784 1855 τῦ
814 1781 963 1874 Πνεῦμα
991 1777 1110 1873 αὑτοῦ,
1136 1779 1193 1855 καὶ
1221 1775 1361 1883 σοφοὺς
1417 1764 1424 1777 ’

165 1903 366 1981 ἀποτελοῦν
383 1899 465 1983 τοῦς
484 1902 522 1978 ἐν
540 1897 591 1983 οῖς
611 1895 654 1978 ἂν
673 1898 822 1998 γε’νοιτο,
841 1901 900 1977 καὶ
919 1897 1027 1978 αὐτὸν
1044 1906 1117 1983 τοῖς
1137 1901 1251 2000 ἁγίοις
1268 1901 1358 1978 ἐνοι-

166 2021 260 2124 κίζον
278 2024 322 2103 δι’
341 2025 476 2102 ἑαυτοῦ·
506 2023 586 2102 ἐστι
604 2020 676 2124 γὰρ
694 2023 731 2100 ἐν
750 2021 833 2121 ἡμῖν
853 2020 911 2100 διὰ
928 2029 991 2100 τοῦ
1009 2023 1126 2122 Ἁγίου
1142 2023 1360 2122 Πνεῦματος·

114 2145 304 2252 ιοδοξὰζει
331 2145 370 2226 δέ
397 2149 454 2226 καὶ
481 2144 616 2248 ἐπέριος,
634 2147 771 2248 ἐνεργεῖ
794 2143 867 2246 γὰρ
890 2143 936 2223 τὰ
959 2150 1006 2229 εἰς
1034 2143 1147 2252 δόξαν
1165 2147 1274 2225 αὑτοῦ
1303 2143 1363 2223 διὰ

165 2267 283 2373 χειρὸς
308 2270 430 2368 ἁγίων·
468 2273 497 2348 εί
516 2267 553 2349 δέ
572 2266 711 2374 δοξάζει
730 2265 793 2347 τὸν
812 2266 902 2346 Υῖὸν
920 2265 962 2346 τὸ
980 2273 1130 2365 Πνεῦμα
1148 2269 1266 2366 αὐτοῦ,
1285 2275 1363 2351 πῶς

167 2389 213 2470 ἁν
240 2397 288 2477 εῖς
316 2391 424 2470 αὐτὸν
452 2389 724 2498 δυσφημήσειέυ
750 2424 803 2474 τις
833 2395 959 2468 λαλῶν
982 2393 1020 2469 ἐν
1043 2390 1252 2490 Πνεῦματι;
1295 2394 1367 2493 ἐρεῖ

166 2511 238 2619 γὰρ
257 2522 403 2614 μᾶλλον
422 2515 475 2594 ὅτι
495 2514 607 2622 Κύριος
626 2517 760 2609 Ἰησοῦς.
797 2515 923 2594 οὐκοῦν
940 2518 973 2593 οῖ
997 2518 1042 2618 τῇ
1066 2515 1180 2592 κτίσει
1204 2514 1360 2593 συντάτ-

165 2670 288 2722 τοντες
311 2635 375 2717 τὸν
392 2637 436 2717 δι’
456 2638 497 2717 οῦ
516 2636 561 2717 τὰ
578 2635 699 2717 πάντα
716 2640 895 2736 παρῆκται
919 2635 1010 2738 πρὸς
1027 2634 1177 2736 γε’νεσιν,
1195 2634 1364 2741 ἁμέτοχοι

116 2785 154 2845 ¹5
166 2767 352 2844 παντελῶς
371 2757 438 2840 εἶεν
455 2758 500 2839 ἂν
518 2769 583 2840 τοῦ
599 2761 726 2862 Ἀγίου
746 2760 966 2858 Πνεῦματος·
998 2755 1147 2860 λέγουσι
1165 2759 1237 2862 γὰρ
1255 2761 1359 2863 ἐναρ-

167 2889 242 2983 γῶς
276 2881 450 2990 'Ardeam‘
476 2888 613 2978 Ἰησοῦς·
658 2888 692 2964 οῖ
724 2881 763 2963 δέ
795 2886 1054 2984 ὁμολογοῦντες
1092 2881 1146 2961 ὅτι
1176 2880 1270 2965 θεὸς
1305 2885 1363 2962 καὶ

169 3006 302 3107 Κύριος
333 3005 485 3108 Ἰησοῦς,
519 3009 679 3102 εὐσεβῶς
707 3006 751 3113 ἐξ
784 3007 894 3086 αὐτοῦ
930 3001 1268 3108 μαρτυρηθήσονται
1300 3012 1364 3085 τοῦ

166 3125 391 3231 πράγματος,
423 3130 477 3210 ὅτι
506 3135 570 3229 τῆς
597 3131 650 3209 ἐπ’
677 3131 773 3238 αὐτῷ
803 3129 968 3213 θεοπτίας
990 3125 1057 3229 τὴν
1084 3134 1224 3231 γνῶσιν
1249 3161 1362 3228 μεμυ·

167 3251 423 3354 σταγοῖγηνται
441 3252 500 3332 διὰ
513 3253 732 3351 Πνεῦματος·
761 3262 784 3300 “
796 3250 838 3332 τῦ
856 3251 927 3354 γὰρ
944 3259 1084 3349 πνεῦμα
1100 3250 1220 3331 πὰντα
1233 3251 1364 3358 ἐρευνᾷ,
1377 3281 1532 3348 ειρηίιιο.

115 3383 190 3439 ²0“
208 3378 267 3454 καὶ
289 3373 336 3453 τὰ
360 3372 458 3475 βάθη
480 3383 543 3456 τοῦ
562 3378 692 3457 Θεοῦ.”
722 3376 821 3459 είδῶς
849 3375 887 3454 δέ
913 3372 956 3455 τὸ
980 3380 1129 3476 Πνεῦμα
1156 3374 1202 3456 τὰ
1225 3377 1263 3455 ἐν
1282 3380 1366 3484 Θεῷ

167 3499 399 3602 κεκρυμμένα,
416 3506 492 3584 ταῖς
519 3505 591 3578 τῶν
619 3500 732 3600 ἁγίων
757 3497 848 3578 αὐτοὶ
873 3499 1120 3600 διαπορθμεύει
1141 3504 1287 3605 ψυχαῖς,
1306 3501 1366 3579 καὶ

168 3623 312 3719 ἀπλανῆ
341 3626 398 3701 καὶ
430 3623 625 3722 ἀμώμητον
657 3623 779 3705 αὐτοῖς
811 3621 925 3722 ἐνίησι
955 3627 1104 3723 γνῶσιν.
1150 3625 1208 3700 καὶ
1238 3621 1366 3702 τούτου

207 3809 230 3859 1,
241 3808 266 3848 2.
286 3793 328 3848 lta
341 3793 379 3848 H.
521 3811 599 3862 4-11.
618 3793 760 3866 ἁ-ἁγίυν]
775 3793 858 3850 Paulo
870 3795 944 3850 aliter
955 3792 1109 3864 Ἐπειδίγπερ
1121 3798 1136 3848 ὁ
1148 3791 1234 3865 κύριος
1245 3793 1365 3864 ἐπαγγει-

168 3865 278 3954 λόμηνος
297 3863 406 3954 πέμπειν
428 3868 481 3952 τοῖς
501 3864 583 3952 ἁγίοις
604 3865 762 3921 ἀποστόλοις
780 3867 826 3954 τὸη
848 3867 1026 3954 ψριῦιλητον,
1045 3865 1173 3954 ἐπήγαγεν
1191 3863 1302 3950 Ἐκεῖνος
1321 3863 1365 3932 ι’μέ

169 3933 287 4002 θοξασει,
300 3955 367 3988 ουτοι
382 3955 485 4003 νοητεον
498 3957 585 4001 τουτο,
597 3935 637 3990 ὅτι
650 3935 721 4004 ἡνίκα
739 3937 842 4007 σοφους
859 3936 982 3988 αποτελει
1000 3935 1110 3990 ἐκείνους
1127 3957 1155 3988 εν
1166 3931 1205 3990 οῖς
1221 3933 1253 3988 ἃν
1264 3955 1365 4004 γινοιτο

169 4003 296 4070 ἐνοικίζυν
308 4003 340 4058 δι’
353 4005 444 4059 ἐαυτοῦ
456 4006 501 4060 τὸν
512 4007 625 4076 Χριστὸν
636 4006 665 4061 ἐν
676 4005 788 4068 ἐκείνοις,
797 4006 856 4059 τότε
868 4004 969 4073 δοξάζει
978 4004 1024 4059 τὸν
1031 4005 1156 4075 Χριστὸν,
1168 4005 1269 4072 δοξόζει
1280 4002 1310 4057 δέ
1323 4003 1365 4057 καὶ

169 4072 244 4128 οὗτος
256 4073 333 4129 αι’πῦν
344 4073 405 4129 ὅταν
416 4075 506 4146 ἐνεργῇ
519 4076 562 4130 διὰ
571 4081 623 4131 τῶν
633 4075 713 4147 ἁγίων
723 4076 756 4129 τὰ
768 4075 804 4131 εἷς
816 4074 894 4143 δόξαν
905 4077 951 4128 τοῦ
963 4076 1033 4128 Υίοῦ.
1047 4076 1070 4128 εἰ
1083 4074 1121 4129 H.
1227 4090 1268 4127 11.
1286 4074 1365 4126 αῦτοῦ

169 4155 227 4198 om.'
239 4142 277 4197 H.
363 4144 578 4215 ια.δνσφημίγση
592 4145 631 4200 H.
678 4146 732 4216 ἐρεῖ
744 4144 782 4199 H.
795 4145 860 4213 ἐρεῖς
873 4145 935 4214 (εἰς)
949 4144 982 4197 Α.
996 4143 1048 4199 Ed.
1127 4160 1168 4210 14.
1182 4141 1214 4197 δι’
1226 4142 1258 4198 οῦ
1273 4142 1309 4196 H.
1323 4142 1366 4196 διὰ

169 4216 216 4267 τοῦ
230 4211 280 4269 Ed.
327 4215 392 4283 πρὸς
403 4215 506 4285 γίνεσιν
517 4233 571 4270 om.
586 4215 623 4270 H.
709 4229 750 4283 15.
768 4216 868 4271 πάντων
879 4214 947 4270 εἰσὶν
958 4231 1007 4284 pro
1019 4216 1152 4269 παντελῶς
1163 4210 1314 4268 είενᾶντοῦ
1327 4211 1365 4267 H.

170 4281 399 4374 πνεῦμητοςὰγίηυ
413 4284 450 4340 H.
499 4284 609 4368 λέγουσι
615 4286 654 4410 a«)
671 4283 807 4372 -Ἰησοῦς
818 4293 999 4372 αεευυιρυεριι
1014 4283 1051 4338 H.
1125 4283 1166 4365 ¹⁶:
1179 4285 1366 4365 όμολογοῦνηες

170 4353 440 4437 ὅτιθεοςκοικιγριος
452 4355 604 4411 hocordme
645 4359 848 4427 ,ὁμολογοῦντες
856 4363 917 4438 post
925 4363 1018 4425 Κυριος
1028 4362 1178 4424 transpomt
1187 4352 1238 4408 Ed.
1269 4353 1366 4409 Staum

171 4421 273 4493 Ἰησοῦς
285 4433 395 4479 neceam
406 4443 439 4479 ex
453 4425 490 4479 H.
575 4442 617 4496 η.
631 4425 696 4482 Post
708 4427 786 4481 αὐτοῦ
797 4430 885 4496 perffit
895 4428 941 4480 τοῦ
952 4426 1102 4496 πράγματος
1113 4425 1233 4491 δηλονότι
1245 4424 1275 4493 ἐξ
1286 4423 1366 4477 αὐτοῦ

172 4497 220 4548 τοῦ
231 4493 380 4562 Πνεῦματος
397 4518 498 4565 μεμυστ
533 4499 643 4568 ἁγηνται
658 4499 703 4567 τῆς
715 4496 754 4552 ἐπ’
766 4497 834 4570 αῦτηῖ
846 4496 965 4552 ommim
977 4496 1023 4564 τὴν
1033 4501 1130 4567 γνῶσιν
1141 4495 1178 4550 ita
1190 4494 1313 4551 delineas
1326 4493 1365 4549 H.

176 4565 218 4620 18.
237 4565 305 4637 αὐτῷ
318 4564 388 4621 edidi
400 4583 432 4621 ex
448 4566 484 4622 H.
497 4589 513 4621 α
545 4567 588 4624 οῦς
601 4566 652 4624 Ed.
795 4583 837 4622 20.
855 4567 887 4621 τὰ
899 4567 973 4638 prius
985 4583 1038 4623 om.
1052 4567 1086 4621 A.
