3278 5130
360 339 425 402 336
527 336 566 400 Β.
590 332 779 399 CYRILLI
805 332 1070 398 ALEXANDR.
1099 335 1385 400 FRAGMENTA
1460 335 1510 398 iii.
1528 355 1569 419 13·

249 439 312 490 τΜ.

208 438 247 507 [9
325 439 444 582 ]ούτε
468 506 540 582 τῶν
559 503 743 603 ἀκροατῶν
764 498 806 580 τὸ
833 499 991 604 ἄσοφον·
1029 501 1089 578 καὶ
1116 498 1188 602 γάρ
1210 499 1391 603 τδἍγιον
1412 505 1569 597 Πνεῦμα

362 623 540 727 ε’νιδρυθέν
567 626 605 704 ἐν
629 630 706 708 ταῖς
736 629 807 702 τῶν
839 628 980 702 πιστῶν
1011 626 1159 727 ψυχαῖς,
1185 631 1282 704 ποιεῖ
1309 621 1447 706 αὐτοῦς
1482 631 1568 703 νοεῖν

364 745 519 832 εὐκόλως
538 751 595 829 καὶ
612 746 695 832 τοὺς
711 751 833 842 βαθεῖς
850 744 994 848 λόγους.

317 1007 353 1064 13
370 987 427 1053 Καὶ
449 990 486 1054 οὐ
509 988 656 1079 καθάπερ
673 988 797 1055 Μωσῆς
819 985 919 1053 ἐτίθει
938 987 1087 1064 κάλυμμα
1105 987 1160 1054 ἐπί
1178 985 1216 1055 τό
1234 990 1415 1076 πρόσωπον
1434 989 1566 1054 ἑαυτοῦ.

423 1162 505 1240 Κάν
541 1159 656 1268 τούτῳ
688 1158 801 1240 πάλιν
834 1163 867 1238 οῖ
898 1164 1064 1262 Χριστοῦ
1095 1161 1253 1259 μαθηταὶ
1286 1159 1582 1264 διαφανέστερος

365 1282 465 1390 δόξῃ,
485 1283 539 1364 ὅτι
562 1283 706 1386 γέγονεν
724 1284 842 1366 αὐτοῖς
861 1281 880 1360 ὁ
899 1288 963 1360 τοῦ
988 1280 1214 1384 κηρύγματος
1239 1281 1351 1383 λόγος
1374 1281 1509 1388 σαφής
1530 1315 1563 1358 τε

366 1410 424 1486 καῖ
452 1405 699 1489 ἀνυπόστατος
728 1408 786 1484 καί
810 1401 911 1484 οῦδέν
934 1404 1027 1507 ἔχων
1045 1405 1227 1483 δύσκολον
1254 1401 1417 1503 καθάπερ
1445 1403 1492 1483 τὸ
1512 1401 1562 1482 διὰ

368 1528 547 1613 Μῶσεως.
579 1525 697 1626 ἐπειδὴ
723 1524 795 1629 γὰρ
820 1523 916 1625 ἦσαν
938 1523 1101 1625 ἀδόκιμοι
1128 1532 1161 1606 οῖ
1191 1529 1257 1606 υίοὶ
1288 1525 1448 1630 Ἰσραὴλ
1477 1525 1561 1624 μετὰ

367 1650 547 1734 τοσαύτας
565 1649 816 1752 τερατουργίας
839 1647 1185 1753 μοσχοποιήσαντες,
1205 1657 1439 1750 προσωπεῖον
1463 1649 1560 1728 ἐτίθει

369 1776 482 1879 ἑαυτῷ
505 1777 669 1871 Μωυσῆς
699 1775 758 1851 καὶ
784 1771 847 1852 τὸν
873 1777 966 1851 θεῖον
993 1772 1112 1855 αύτοῖς
1141 1777 1268 1850 λαλῶν
1297 1770 1409 1869 νόμον
1432 1775 1559 1876 ε’χρῆτο
1571 1803 1588 1842 ιι

369 1895 593 1992 καλύμμασι,
609 1894 651 1974 δι’
667 1893 883 1996 αἰνιγμάτων
895 1891 1075 1973 διδάσκων
1090 1896 1138 1979 ὡς
1156 1894 1198 1973 τό
1216 1891 1348 1994 ἀληθές
1367 1903 1432 1974 τοῦ
1454 1895 1559 1992 νόμου

368 2014 577 2118 πρόσωπον,
605 2017 769 2098 τουτέστι
793 2016 967 2120 Χριστὸν,
995 2017 1059 2096 οῦκ
1084 2014 1129 2097 ἂν
1151 2017 1342 2122 ῖσχύσειαν
1365 2021 1463 2114 ῖδεῖν,
1483 2023 1556 2096 δευ-

369 2139 458 2245 τέριρ
486 2137 523 2218 δέ
552 2137 677 2242 ὥσπερ
705 2141 992 2244 προσβάλλουσι
1025 2140 1214 2247 προσώπῳ
1246 2139 1364 2238 μόλις,
1395 2143 1441 2244 τῇ
1476 2144 1558 2244 σκιᾷ

369 2263 480 2368 δόξαν
508 2265 672 2363 οὐδεμίαν
698 2262 843 2370 ἐχούσῃ,
865 2265 940 2364 ἥτις
968 2268 1026 2344 καῖ
1053 2270 1279 2367 καταργεῖται
1301 2264 1325 2363 ἦ
1345 2262 1435 2343 σκιὰ
1462 2267 1557 2343 καῖό

368 2385 490 2470 τύπος.
520 2385 695 2468 πέπαυται
714 2386 786 2490 γάρ
799 2392 920 2487 καινῆς
938 2387 1106 2488 διαθήκης
1120 2388 1444 2487 εῖσκεκομισμένης,
1459 2388 1557 2471 τέλος
1568 2403 1588 2472 ῐί

370 2508 408 2589 δέ
435 2518 499 2589 τοῦ
528 2511 813 2614 καταργουμένου
839 2512 948 2610 νόμον
967 2513 986 2591 ό
1005 2509 1176 2614 Χριστός.
1214 2512 1342 2591 ούκοῦν
1364 2511 1386 2610 ἡ
1409 2546 1555 2615 κεκρυμ-

369 2633 457 2732 μένη
480 2632 569 2740 δόξα
590 2634 766 2733 Μωσέως,
789 2636 808 2714 ὁ
831 2633 1002 2736 Χριστός,
1027 2634 1072 2735 ἢν
1101 2635 1137 2716 τό
1164 2632 1261 2720 τέλος
1286 2637 1341 2715 τοῦ
1368 2671 1554 2742 καταργου·

370 2757 464 2863 μένου
501 2757 622 2857 νόμου·
666 2765 696 2838 εῖ
731 2757 802 2862 γάρ
834 2793 886 2843 τις
919 2758 1040 2865 ἀφέλῃ
1072 2758 1137 2857 τὴν
1172 2759 1282 2839 σκιάν
1314 2761 1372 2838 καῖ
1410 2757 1487 2839 οῖον
1520 2757 1555 2837 τὸ

370 2877 525 2985 ἐμφανές
551 2885 610 2960 καί
637 2881 797 2984 δεύτερον
813 2880 1012 2982 πρόσωπον
1030 2880 1072 2962 τό
1094 2885 1142 2966 ὡς
1164 2883 1201 2960 έν
1229 2878 1414 2983 γράμματι
1441 2917 1553 2984 περιε-

370 3010 446 3083 λεῖν
468 3002 566 3100 αὐτὸ,
584 3002 714 3108 ὄψεται
741 3003 804 3084 τὸν
821 3003 1055 3103 Ἐμμανουήλ
1080 3002 1319 3106 πολυτρόπως
1343 3004 1401 3111 ἐφ’
1421 3004 1555 3110 ἑκάστῳ
1565 3036 1588 3076 τι

370 3125 689 3231 διαμορφούμενον,
701 3129 759 3206 καὶ
773 3125 838 3227 τὴν
855 3126 942 3230 ὑπέρ
960 3163 1001 3229 γε
1020 3135 1083 3207 τοῦ
1100 3125 1241 3222 κόσμου
1259 3125 1413 3230 σφαγὴν
1427 3127 1553 3226 ῦιτομέ·

370 3281 477 3328 νοντα
503 3253 560 3329 καὶ
578 3248 741 3352 σώζοντα
766 3247 833 3348 τὴν
858 3251 914 3330 ὑπ’
935 3250 1094 3353 ούρανὸν,
1112 3249 1171 3329 ἵνα
1189 3253 1248 3330 καῖ
1264 3249 1455 3356 δοξάζηται
1474 3250 1554 3352 πρὸς

369 3373 471 3471 ἡμῶν
499 3377 557 3453 καὶ
584 3380 656 3453 τῶν
680 3374 793 3474 ἁγίων
816 3373 983 3476 ἀγγέλων
1005 3372 1325 3475 προσκυνούμενος.
1364 3371 1554 3475 ἀπρόσιτον

370 3497 433 3577 οὖν
451 3503 527 3582 ταῖς
544 3499 725 3576 Ἰουδαίων
743 3498 910 3580 διανοίαις
928 3501 991 3594 τῆς
1009 3504 1071 3576 τοῦ
1090 3500 1258 3600 Σωτῆρος
1276 3495 1385 3602 δόξης
1408 3495 1451 3574 τὸ
1469 3503 1550 3601 φῶς.

369 3617 488 3718 ἐπειδὴ
502 3617 573 3722 γὰρ
589 3627 693 3699 πᾶσα
712 3619 840 3721 θεωρία
856 3618 1074 3718 πνευματικὴ
1087 3618 1177 3720 πρὸς
1194 3618 1237 3699 τὸ
1251 3625 1417 3721 Χριστοῦ
1436 3618 1551 3714 βλέπει
1562 3647 1583 3704 23,

369 3743 578 3846 μυστήριον,
597 3744 639 3822 ού
656 3742 866 3845 προσίενται
883 3740 920 3821 δέ
938 3740 1004 3841 τὴν
1023 3748 1071 3826 εῖς
1089 3741 1196 3822 αὑτὸν
1213 3744 1340 3823 πίστιν
1359 3747 1392 3821 οῖ
1410 3741 1552 3824 τάλανες

369 3867 543 3963 Ἰουδαῖοι,
566 3866 758 3965 μεμένηκεν
775 3866 827 3945 ἐπ’
848 3865 967 3949 αὐτοῖς
990 3863 1033 3945 τῖι
1061 3864 1243 3964 κάλυμμα,
1271 3872 1495 3968 καταργεῖται
1520 3866 1551 3943 δὲ

369 3992 407 4069 ε’ν
423 3993 588 4096 Χριστῷ.

404 4217 431 4266 4.
451 4197 513 4254 Hoc
525 4215 632 4321 ηαοηυο
645 4197 766 4252 scholion
778 4196 856 4253 nobis
869 4195 1019 4268 suppeditat
1032 4197 1080 4265 Η,
1092 4215 1147 4252 non
1158 4197 1240 4254 verba
1251 4206 1340 4252 tamen
1354 4197 1384 4252 S.
1397 4196 1486 4269 cyani
1497 4217 1550 4255 οοο·

368 4268 457 4322 tinenn
470 4267 516 4322 sed
540 4279 596 4322 οτια
608 4268 832 4338 capitulationem.
984 4284 1026 4322 20.
1044 4267 1128 4338 αὐτὰ]
1142 4267 1286 4338 legendum
1298 4278 1329 4322 ut
1340 4266 1446 4322 videtur
1457 4309 1464 4332 ‚
1476 4271 1548 4324 αὐτὸς.

371 4339 412 4392 28.
433 4337 560 4408 Sequitur
577 4337 697 4392 scholion
715 4337 795 4392 breve
812 4337 840 4390 in
858 4335 939 4391 verba
956 4336 996 4391 ὅτι
1016 4337 1043 4390 ἐν
1060 4341 1166 4410 Χριστῷ
1185 4341 1347 4408 καταργεῖται
1365 4337 1407 4392 his
1425 4337 1506 4393 verbis
1524 4341 1549 4392 οδ

369 4410 475 4462 νοοῦσιν
486 4409 510 4460 οί
522 4406 641 4462 Ἰουδαῖοι
652 4412 703 4461 τῖον
715 4413 822 4475 νομικῶν
834 4407 936 4460 ε’ννοιῶν
947 4409 976 4461 τό
987 4407 1077 4471 βάθος,
1090 4410 1179 4476 ὥσπερ
1191 4411 1259 4464 τινός
1269 4409 1357 4463 αὐτοῖς
1373 4411 1421 4462 τόν
1435 4411 1491 4463 νοῦν
1501 4411 1547 4463 ε’τι·

369 4476 552 4532 καλύπτοντος·
579 4479 741 4564 καταργεῖται
761 4477 812 4564 γάρ
832 4476 859 4530 έν
875 4478 909 4545 μό
965 4482 1081 4550 Χριστῷ,
1099 4478 1186 4562 ἐπειδὴ
1207 4481 1280 4560 πᾷσα
1298 4478 1392 4549 θεωρία
1409 4479 1546 4548 πνευματικὴ

368 4547 434 4616 πρός
444 4545 475 4599 τδ
487 4551 604 4613 Χριστον
614 4548 708 4609 βλεπει
718 4567 860 4615 μυστηριον
872 4563 887 4600 e
899 4563 927 4600 sc
948 4547 983 4601 ol.
995 4547 1162 4618 praecedent!
1174 4557 1272 4620 partlm
1283 4557 1405 4619 repetens
1419 4549 1454 4604 H.
