<?xml version="1.0" encoding="UTF-8"?>
<!DOCTYPE html PUBLIC "-//W3C//DTD XHTML 1.0 Transitional//EN"
    "http://www.w3.org/TR/xhtml1/DTD/xhtml1-transitional.dtd">
<html xmlns="http://www.w3.org/1999/xhtml" xml:lang="en" lang="en">
 <head>
  <title>
</title>
<meta http-equiv="Content-Type" content="text/html;charset=utf-8" />
  <meta name='ocr-system' content='tesseract 3.04.00' />
  <meta name='ocr-capabilities' content='ocr_page ocr_carea ocr_par ocr_line ocrx_word'/>
</head>
<body>
  <div class='ocr_page' id='page_1' title='image "./sanctipatrisnos01pusegoog_0112.png"; bbox 0 0 3284 5130; ppageno 0'>
   <div class='ocr_carea' id='block_1_1' title="bbox 129 343 1337 432">
    <p class='ocr_par' dir='ltr' id='par_1_1' title="bbox 129 343 1337 432">
     <span class='ocr_line' id='line_1_1' title="bbox 129 343 1337 432; baseline 0.002 -24"><span class='ocrx_word' id='word_1_1' title='bbox 129 343 195 410; x_wconf 78' lang='lat' dir='ltr'>xix.</span> <span class='ocrx_word' id='word_1_2' title='bbox 208 365 262 432; x_wconf 82' lang='lat'>30.</span> <span class='ocrx_word' id='word_1_3' title='bbox 415 343 472 409; x_wconf 92' lang='lat' dir='ltr'>IN</span> <span class='ocrx_word' id='word_1_4' title='bbox 499 344 533 409; x_wconf 88' lang='lat' dir='ltr'>S.</span> <span class='ocrx_word' id='word_1_5' title='bbox 556 344 578 409; x_wconf 89' lang='lat' dir='ltr'><strong>J</strong></span> <span class='ocrx_word' id='word_1_6' title='bbox 584 343 811 410; x_wconf 82' lang='lat' dir='ltr'><strong>OANNEM.</strong></span> <span class='ocrx_word' id='word_1_7' title='bbox 858 345 954 410; x_wconf 85' lang='lat' dir='ltr'><strong>LIB.</strong></span> <span class='ocrx_word' id='word_1_8' title='bbox 978 344 1058 410; x_wconf 86' lang='lat' dir='ltr'>XII.</span> <span class='ocrx_word' id='word_1_9' title='bbox 1294 347 1337 411; x_wconf 87' lang='lat'>99</span> 
     </span>
    </p>
   </div>
   <div class='ocr_carea' id='block_1_2' title="bbox 128 506 1507 618">
    <p class='ocr_par' dir='ltr' id='par_1_2' title="bbox 128 506 1507 618">
     <span class='ocr_line' id='line_1_2' title="bbox 128 506 1507 618; baseline -0.011 -23"><span class='ocrx_word' id='word_1_10' title='bbox 128 506 253 610; x_wconf 77' lang='grc' dir='ltr'>λέγων</span> <span class='ocrx_word' id='word_1_11' title='bbox 280 511 406 590; x_wconf 79' lang='grc' dir='ltr'>“”Οτι</span> <span class='ocrx_word' id='word_1_12' title='bbox 433 507 495 590; x_wconf 81' lang='grc' dir='ltr'>ἐὰν</span> <span class='ocrx_word' id='word_1_13' title='bbox 521 510 781 612; x_wconf 76' lang='grc' dir='ltr'>περιτέμνησθε</span> <span class='ocrx_word' id='word_1_14' title='bbox 805 509 968 613; x_wconf 80' lang='grc' dir='ltr'>Χριστὸς</span> <span class='ocrx_word' id='word_1_15' title='bbox 995 512 1086 610; x_wconf 83' lang='grc' dir='ltr'>ὑμᾶς</span> <span class='ocrx_word' id='word_1_16' title='bbox 1112 508 1215 591; x_wconf 77' lang='grc' dir='ltr'>οὐδέν</span> <span class='ocrx_word' id='word_1_17' title='bbox 1242 514 1335 618; x_wconf 81' lang='grc' dir='ltr'>ὠφε-</span> <span class='ocrx_word' id='word_1_18' title='bbox 1379 529 1470 582; x_wconf 74' lang='grc' dir='ltr'>οιιν.</span> <span class='ocrx_word' id='word_1_19' title='bbox 1484 544 1507 581; x_wconf 78' lang='grc' dir='ltr'>ι.</span> 
     </span>
    </p>
   </div>
   <div class='ocr_carea' id='block_1_3' title="bbox 72 631 1490 4325">
    <p class='ocr_par' dir='ltr' id='par_1_3' title="bbox 72 631 1481 4325">
     <span class='ocr_line' id='line_1_3' title="bbox 128 631 1460 743; baseline -0.002 -29"><span class='ocrx_word' id='word_1_20' title='bbox 128 643 151 680; x_wconf 89' lang='lat'>“</span> <span class='ocrx_word' id='word_1_21' title='bbox 169 631 291 732; x_wconf 81' lang='grc' dir='ltr'>λήσει.</span> <span class='ocrx_word' id='word_1_22' title='bbox 332 633 579 737; x_wconf 83' lang='grc' dir='ltr'>κατηργήθητε</span> <span class='ocrx_word' id='word_1_23' title='bbox 602 631 675 715; x_wconf 82' lang='grc' dir='ltr'>ἀπὸ</span> <span class='ocrx_word' id='word_1_24' title='bbox 698 639 864 735; x_wconf 83' lang='grc' dir='ltr'>Χριστοῦ</span> <span class='ocrx_word' id='word_1_25' title='bbox 887 636 1013 720; x_wconf 79' lang='grc' dir='ltr'>οἵτινες</span> <span class='ocrx_word' id='word_1_26' title='bbox 1036 638 1075 715; x_wconf 89' lang='grc' dir='ltr'>έν</span> <span class='ocrx_word' id='word_1_27' title='bbox 1103 633 1200 743; x_wconf 78' lang='grc' dir='ltr'>νόμῳ</span> <span class='ocrx_word' id='word_1_28' title='bbox 1225 640 1336 715; x_wconf 91' lang='grc' dir='ltr'>δικαι-</span> <span class='ocrx_word' id='word_1_29' title='bbox 1382 647 1460 711; x_wconf 63' lang='grc' dir='ltr'>ΙΙ14·</span> 
     </span>
     <span class='ocr_line' id='line_1_4' title="bbox 128 756 1336 864; baseline 0.002 -28"><span class='ocrx_word' id='word_1_30' title='bbox 128 766 152 803; x_wconf 90' lang='lat'>“</span> <span class='ocrx_word' id='word_1_31' title='bbox 167 763 296 855; x_wconf 89' lang='grc' dir='ltr'>οῦσθε,</span> <span class='ocrx_word' id='word_1_32' title='bbox 326 762 390 858; x_wconf 81' lang='grc' dir='ltr'>τῆς</span> <span class='ocrx_word' id='word_1_33' title='bbox 423 757 570 864; x_wconf 85' lang='grc' dir='ltr'>χάριτος</span> <span class='ocrx_word' id='word_1_34' title='bbox 595 756 821 864; x_wconf 81' lang='grc' dir='ltr'>ε’ξεπέσατε.”</span> <span class='ocrx_word' id='word_1_35' title='bbox 860 760 944 839; x_wconf 81' lang='grc' dir='ltr'>ἀλλ’</span> <span class='ocrx_word' id='word_1_36' title='bbox 975 758 1034 840; x_wconf 86' lang='grc' dir='ltr'>ἵνα</span> <span class='ocrx_word' id='word_1_37' title='bbox 1063 757 1127 838; x_wconf 82' lang='grc' dir='ltr'>τὸν</span> <span class='ocrx_word' id='word_1_38' title='bbox 1154 766 1219 839; x_wconf 91' lang='grc' dir='ltr'>τοῦ</span> <span class='ocrx_word' id='word_1_39' title='bbox 1245 793 1336 862; x_wconf 92' lang='grc' dir='ltr'>προ-</span> 
     </span>
     <span class='ocr_line' id='line_1_5' title="bbox 127 880 1334 986; baseline 0.003 -28"><span class='ocrx_word' id='word_1_40' title='bbox 127 881 292 978; x_wconf 87' lang='grc' dir='ltr'>κειμένου</span> <span class='ocrx_word' id='word_1_41' title='bbox 322 883 511 986; x_wconf 77' lang='grc' dir='ltr'>χρησίμως</span> <span class='ocrx_word' id='word_1_42' title='bbox 541 884 600 962; x_wconf 86' lang='grc' dir='ltr'>καὶ</span> <span class='ocrx_word' id='word_1_43' title='bbox 632 883 834 983; x_wconf 88' lang='grc' dir='ltr'>ἀναγκαίως</span> <span class='ocrx_word' id='word_1_44' title='bbox 866 881 1180 986; x_wconf 82' lang='grc' dir='ltr'>ἀναμηρυσιύμεθα</span> <span class='ocrx_word' id='word_1_45' title='bbox 1209 880 1334 984; x_wconf 88' lang='grc' dir='ltr'>λόγον,</span> 
     </span>
     <span class='ocr_line' id='line_1_6' title="bbox 94 1002 1336 1112; baseline 0.002 -29"><span class='ocrx_word' id='word_1_46' title='bbox 94 1002 293 1109; x_wconf 77' lang='grc' dir='ltr'>5οχίζεται</span> <span class='ocrx_word' id='word_1_47' title='bbox 317 1008 373 1086; x_wconf 83' lang='grc' dir='ltr'>τοῦ</span> <span class='ocrx_word' id='word_1_48' title='bbox 400 1007 476 1086; x_wconf 70' lang='grc' dir='ltr'>νααῦ</span> <span class='ocrx_word' id='word_1_49' title='bbox 501 1006 537 1086; x_wconf 73' lang='grc' dir='ltr'>τῦ</span> <span class='ocrx_word' id='word_1_50' title='bbox 565 1003 836 1112; x_wconf 76' lang='grc' dir='ltr'>καταπέτασμα</span> <span class='ocrx_word' id='word_1_51' title='bbox 860 1005 932 1088; x_wconf 78' lang='grc' dir='ltr'>ἀπῦ</span> <span class='ocrx_word' id='word_1_52' title='bbox 951 1003 1066 1087; x_wconf 80' lang='grc' dir='ltr'>ἀνωθεν</span> <span class='ocrx_word' id='word_1_53' title='bbox 1085 1005 1145 1092; x_wconf 77' lang='grc' dir='ltr'>ἕως</span> <span class='ocrx_word' id='word_1_54' title='bbox 1166 1004 1272 1105; x_wconf 80' lang='grc' dir='ltr'>καίτοι,</span> <span class='ocrx_word' id='word_1_55' title='bbox 1289 1004 1336 1086; x_wconf 87' lang='grc' dir='ltr'>τά</span> 
     </span>
     <span class='ocr_line' id='line_1_7' title="bbox 127 1125 1335 1233; baseline 0.001 -25"><span class='ocrx_word' id='word_1_56' title='bbox 127 1125 216 1230; x_wconf 77' lang='grc' dir='ltr'>ἅγια</span> <span class='ocrx_word' id='word_1_57' title='bbox 241 1135 316 1208; x_wconf 80' lang='grc' dir='ltr'>τῶν</span> <span class='ocrx_word' id='word_1_58' title='bbox 340 1129 453 1230; x_wconf 81' lang='grc' dir='ltr'><em>ἁγίων</em></span> <span class='ocrx_word' id='word_1_59' title='bbox 478 1128 793 1214; x_wconf 80' lang='grc' dir='ltr'>ἀνακαλύπτοιτος</span> <span class='ocrx_word' id='word_1_60' title='bbox 818 1127 944 1233; x_wconf 78' lang='grc' dir='ltr'>ὥσπερ</span> <span class='ocrx_word' id='word_1_61' title='bbox 971 1131 1039 1230; x_wconf 85' lang='grc' dir='ltr'>ἤδη</span> <span class='ocrx_word' id='word_1_62' title='bbox 1067 1138 1131 1210; x_wconf 89' lang='grc' dir='ltr'>τοῦ</span> <span class='ocrx_word' id='word_1_63' title='bbox 1151 1133 1257 1227; x_wconf 83' lang='grc' dir='ltr'>θεοῦ,</span> <span class='ocrx_word' id='word_1_64' title='bbox 1277 1131 1335 1209; x_wconf 78' lang='grc' dir='ltr'>καὶ</span> 
     </span>
     <span class='ocr_line' id='line_1_8' title="bbox 125 1248 1368 1355; baseline -0.002 -23"><span class='ocrx_word' id='word_1_65' title='bbox 125 1248 250 1351; x_wconf 77' lang='grc' dir='ltr'>βατήν</span> <span class='ocrx_word' id='word_1_66' title='bbox 263 1258 338 1338; x_wconf 87' lang='grc' dir='ltr'>τοῖς</span> <span class='ocrx_word' id='word_1_67' title='bbox 354 1252 590 1334; x_wconf 82' lang='grc' dir='ltr'>πιστεύουσιν</span> <span class='ocrx_word' id='word_1_68' title='bbox 608 1257 657 1337; x_wconf 83' lang='grc' dir='ltr'>είς</span> <span class='ocrx_word' id='word_1_69' title='bbox 671 1252 836 1355; x_wconf 81' lang='grc' dir='ltr'>Χριστὸν</span> <span class='ocrx_word' id='word_1_70' title='bbox 854 1251 919 1353; x_wconf 84' lang='grc' dir='ltr'>τήν</span> <span class='ocrx_word' id='word_1_71' title='bbox 938 1253 1011 1333; x_wconf 84' lang='grc' dir='ltr'>έσω</span> <span class='ocrx_word' id='word_1_72' title='bbox 1031 1251 1160 1332; x_wconf 84' lang='grc' dir='ltr'>λοιπὸν</span> <span class='ocrx_word' id='word_1_73' title='bbox 1178 1251 1368 1337; x_wconf 78' lang='grc' dir='ltr'>τιθέντοςο</span> 
     </span>
     <span class='ocr_line' id='line_1_9' title="bbox 125 1374 1334 1480; baseline -0.001 -24"><span class='ocrx_word' id='word_1_74' title='bbox 125 1375 283 1476; x_wconf 88' lang='grc' dir='ltr'>σκηνήν.</span> <span class='ocrx_word' id='word_1_75' title='bbox 333 1374 514 1480; x_wconf 87' lang='grc' dir='ltr'>πρόκειται</span> <span class='ocrx_word' id='word_1_76' title='bbox 539 1375 611 1480; x_wconf 86' lang='grc' dir='ltr'>γὰρ</span> <span class='ocrx_word' id='word_1_77' title='bbox 639 1377 706 1478; x_wconf 83' lang='grc' dir='ltr'>ήδη</span> <span class='ocrx_word' id='word_1_78' title='bbox 734 1383 808 1458; x_wconf 83' lang='grc' dir='ltr'>τῶν</span> <span class='ocrx_word' id='word_1_79' title='bbox 834 1379 938 1458; x_wconf 86' lang='grc' dir='ltr'>θείων</span> <span class='ocrx_word' id='word_1_80' title='bbox 965 1379 1050 1478; x_wconf 81' lang='grc' dir='ltr'>ἡμῖν</span> <span class='ocrx_word' id='word_1_81' title='bbox 1076 1377 1284 1479; x_wconf 90' lang='grc' dir='ltr'>μυστηρίων</span> <span class='ocrx_word' id='word_1_82' title='bbox 1310 1377 1334 1477; x_wconf 83' lang='grc' dir='ltr'><strong><em>ἡ</em></strong></span> 
     </span>
     <span class='ocr_line' id='line_1_10' title="bbox 126 1497 1333 1606; baseline -0.002 -26"><span class='ocrx_word' id='word_1_83' title='bbox 126 1505 279 1601; x_wconf 77' lang='grc' dir='ltr'>γνῶσις,</span> <span class='ocrx_word' id='word_1_84' title='bbox 297 1499 412 1580; x_wconf 90' lang='grc' dir='ltr'>ούκέτι</span> <span class='ocrx_word' id='word_1_85' title='bbox 433 1503 480 1606; x_wconf 76' lang='grc' dir='ltr'>τῇ</span> <span class='ocrx_word' id='word_1_86' title='bbox 499 1499 679 1606; x_wconf 79' lang='grc' dir='ltr'>παχύτητι</span> <span class='ocrx_word' id='word_1_87' title='bbox 697 1509 761 1582; x_wconf 92' lang='grc' dir='ltr'>τοῦ</span> <span class='ocrx_word' id='word_1_88' title='bbox 778 1509 924 1600; x_wconf 92' lang='grc' dir='ltr'>νομικοῦ</span> <span class='ocrx_word' id='word_1_89' title='bbox 942 1497 1154 1606; x_wconf 77' lang='grc' dir='ltr'>γράμματος</span> <span class='ocrx_word' id='word_1_90' title='bbox 1172 1497 1333 1602; x_wconf 82' lang='grc' dir='ltr'>καθάπερ</span> 
     </span>
     <span class='ocr_line' id='line_1_11' title="bbox 79 1623 1334 1732; baseline 0.005 -30"><span class='ocrx_word' id='word_1_91' title='bbox 79 1662 115 1702; x_wconf 86' lang='lat'>10</span> <span class='ocrx_word' id='word_1_92' title='bbox 127 1627 198 1703; x_wconf 79' lang='grc' dir='ltr'>τινὶ</span> <span class='ocrx_word' id='word_1_93' title='bbox 224 1623 522 1726; x_wconf 78' lang='grc' dir='ltr'>καταπετάσματι</span> <span class='ocrx_word' id='word_1_94' title='bbox 546 1625 849 1732; x_wconf 85' lang='grc' dir='ltr'>κατημφιεσμένη,</span> <span class='ocrx_word' id='word_1_95' title='bbox 869 1625 950 1706; x_wconf 75' lang='grc' dir='ltr'>οῦδὲ</span> <span class='ocrx_word' id='word_1_96' title='bbox 975 1623 1017 1706; x_wconf 77' lang='grc' dir='ltr'>τὸ</span> <span class='ocrx_word' id='word_1_97' title='bbox 1036 1628 1075 1705; x_wconf 84' lang='grc' dir='ltr'>ε’κ</span> <span class='ocrx_word' id='word_1_98' title='bbox 1092 1629 1156 1724; x_wconf 79' lang='grc' dir='ltr'>τῆς</span> <span class='ocrx_word' id='word_1_99' title='bbox 1173 1625 1334 1727; x_wconf 81' lang='grc' dir='ltr'>ἱστορίας</span> 
     </span>
     <span class='ocr_line' id='line_1_12' title="bbox 128 1746 1334 1856; baseline 0.006 -31"><span class='ocrx_word' id='word_1_100' title='bbox 128 1746 269 1852; x_wconf 81' lang='grc' dir='ltr'>ἔχουσα</span> <span class='ocrx_word' id='word_1_101' title='bbox 295 1747 707 1850; x_wconf 78' lang='grc' dir='ltr'>κατακάλυμμα,’ήγουν</span> <span class='ocrx_word' id='word_1_102' title='bbox 725 1747 767 1829; x_wconf 81' lang='grc' dir='ltr'>τὸ</span> <span class='ocrx_word' id='word_1_103' title='bbox 795 1751 834 1829; x_wconf 89' lang='grc' dir='ltr'>έν</span> <span class='ocrx_word' id='word_1_104' title='bbox 857 1749 982 1835; x_wconf 83' lang='grc' dir='ltr'>τύποις</span> <span class='ocrx_word' id='word_1_105' title='bbox 1009 1746 1144 1856; x_wconf 80' lang='grc' dir='ltr'>ἀφανές</span> <span class='ocrx_word' id='word_1_106' title='bbox 1172 1754 1246 1833; x_wconf 85' lang='grc' dir='ltr'>τοῖς</span> <span class='ocrx_word' id='word_1_107' title='bbox 1269 1752 1334 1848; x_wconf 81' lang='grc' dir='ltr'>τῆς</span> 
     </span>
     <span class='ocr_line' id='line_1_13' title="bbox 128 1869 1333 2027; baseline 0.001 -76"><span class='ocrx_word' id='word_1_108' title='bbox 128 1871 343 1956; x_wconf 73' lang='grc' dir='ltr'>διανοίας</span> <span class='ocrx_word' id='word_1_109' title='bbox 321 1877 423 2027; x_wconf 77' lang='grc' dir='ltr'>ημῶν</span> <span class='ocrx_word' id='word_1_110' title='bbox 460 1870 621 1971; x_wconf 83' lang='grc' dir='ltr'>ὄμμασιν</span> <span class='ocrx_word' id='word_1_111' title='bbox 658 1869 938 1976; x_wconf 64' lang='grc' dir='ltr'>ἀνατειχίῷυσα,</span> <span class='ocrx_word' id='word_1_112' title='bbox 967 1871 1054 1953; x_wconf 85' lang='grc' dir='ltr'>ἀλλ’</span> <span class='ocrx_word' id='word_1_113' title='bbox 1085 1874 1124 1952; x_wconf 88' lang='grc' dir='ltr'>έν</span> <span class='ocrx_word' id='word_1_114' title='bbox 1154 1870 1333 1972; x_wconf 82' lang='grc' dir='ltr'>ἁπλότητι</span> 
     </span>
     <span class='ocr_line' id='line_1_14' title="bbox 128 1993 1490 2151; baseline -0.001 -75"><span class='ocrx_word' id='word_1_115' title='bbox 128 1996 289 2080; x_wconf 90' lang='grc' dir='ltr'>πίστεως</span> <span class='ocrx_word' id='word_1_116' title='bbox 311 1998 371 2076; x_wconf 90' lang='grc' dir='ltr'>καὶ</span> <span class='ocrx_word' id='word_1_117' title='bbox 395 1997 433 2076; x_wconf 91' lang='grc' dir='ltr'>ε’ν</span> <span class='ocrx_word' id='word_1_118' title='bbox 457 1998 596 2097; x_wconf 88' lang='grc' dir='ltr'>ὀλίγοις</span> <span class='ocrx_word' id='word_1_119' title='bbox 617 2000 745 2102; x_wconf 82' lang='grc' dir='ltr'>κομιδῇ</span> <span class='ocrx_word' id='word_1_120' title='bbox 767 2004 841 2081; x_wconf 87' lang='grc' dir='ltr'>τοῖς</span> <span class='ocrx_word' id='word_1_121' title='bbox 862 1994 1034 2151; x_wconf 78' lang='grc' dir='ltr'>ῥήμασιν·</span> <span class='ocrx_word' id='word_1_122' title='bbox 1068 2007 1091 2043; x_wconf 87' lang='grc'><strong>“</strong></span> <span class='ocrx_word' id='word_1_123' title='bbox 1108 1993 1244 2099; x_wconf 89' lang='grc' dir='ltr'>Ἐγγῦς</span> <span class='ocrx_word' id='word_1_124' title='bbox 1261 1995 1334 2099; x_wconf 92' lang='grc' dir='ltr'>γάρ</span> <span class='ocrx_word' id='word_1_125' title='bbox 1377 2005 1452 2125; x_wconf 50' lang='lat'>{2¹2</span> <span class='ocrx_word' id='word_1_126' title='bbox 1447 2023 1490 2057; x_wconf 87' lang='lat'>··¹</span> 
     </span>
     <span class='ocr_line' id='line_1_15' title="bbox 130 2117 1333 2272; baseline 0 -74"><span class='ocrx_word' id='word_1_127' title='bbox 130 2128 253 2216; x_wconf 81' lang='grc' dir='ltr'>“σου,</span> <span class='ocrx_word' id='word_1_128' title='bbox 273 2118 438 2226; x_wconf 82' lang='grc' dir='ltr'>φησὶ,</span> <span class='ocrx_word' id='word_1_129' title='bbox 401 2154 444 2201; x_wconf 89' lang='grc' dir='ltr'>το</span> <span class='ocrx_word' id='word_1_130' title='bbox 470 2120 573 2272; x_wconf 79' lang='grc' dir='ltr'>ῥῆμά</span> <span class='ocrx_word' id='word_1_131' title='bbox 594 2123 707 2216; x_wconf 83' lang='grc' dir='ltr'>ἐστιν,</span> <span class='ocrx_word' id='word_1_132' title='bbox 727 2122 765 2199; x_wconf 88' lang='grc' dir='ltr'>έν</span> <span class='ocrx_word' id='word_1_133' title='bbox 783 2127 835 2228; x_wconf 82' lang='grc' dir='ltr'>τῷ</span> <span class='ocrx_word' id='word_1_134' title='bbox 856 2117 1015 2218; x_wconf 84' lang='grc' dir='ltr'>στόματί</span> <span class='ocrx_word' id='word_1_135' title='bbox 1038 2154 1109 2200; x_wconf 92' lang='grc' dir='ltr'>σου</span> <span class='ocrx_word' id='word_1_136' title='bbox 1136 2123 1195 2201; x_wconf 85' lang='grc' dir='ltr'>καὶ</span> <span class='ocrx_word' id='word_1_137' title='bbox 1223 2121 1261 2199; x_wconf 86' lang='grc' dir='ltr'>έν</span> <span class='ocrx_word' id='word_1_138' title='bbox 1287 2123 1333 2226; x_wconf 79' lang='grc' dir='ltr'>τῇ</span> 
     </span>
     <span class='ocr_line' id='line_1_16' title="bbox 82 2243 1332 2350; baseline 0.004 -33"><span class='ocrx_word' id='word_1_139' title='bbox 82 2273 116 2334; x_wconf 85' lang='lat'>¹5</span> <span class='ocrx_word' id='word_1_140' title='bbox 129 2243 300 2350; x_wconf 78' lang='grc' dir='ltr'>“’καρδια</span> <span class='ocrx_word' id='word_1_141' title='bbox 327 2278 410 2342; x_wconf 94' lang='grc' dir='ltr'>σου,</span> <span class='ocrx_word' id='word_1_142' title='bbox 430 2243 595 2325; x_wconf 77' lang='grc' dir='ltr'>τουτέστι</span> <span class='ocrx_word' id='word_1_143' title='bbox 612 2243 654 2324; x_wconf 84' lang='grc' dir='ltr'>τὸ</span> <span class='ocrx_word' id='word_1_144' title='bbox 678 2246 777 2348; x_wconf 79' lang='grc' dir='ltr'>ῥῆμα</span> <span class='ocrx_word' id='word_1_145' title='bbox 798 2248 862 2344; x_wconf 78' lang='grc' dir='ltr'>τῆς</span> <span class='ocrx_word' id='word_1_146' title='bbox 878 2244 1035 2328; x_wconf 89' lang='grc' dir='ltr'>πίστεως</span> <span class='ocrx_word' id='word_1_147' title='bbox 1053 2243 1073 2325; x_wconf 81' lang='grc' dir='ltr'>ὃ</span> <span class='ocrx_word' id='word_1_148' title='bbox 1091 2243 1332 2346; x_wconf 79' lang='grc' dir='ltr'>κηρύσσομεν,</span> 
     </span>
     <span class='ocr_line' id='line_1_17' title="bbox 130 2366 1363 2476; baseline 0 -30"><span class='ocrx_word' id='word_1_149' title='bbox 130 2379 152 2415; x_wconf 84' lang='grc'><strong>“</strong></span> <span class='ocrx_word' id='word_1_150' title='bbox 172 2366 229 2446; x_wconf 80' lang='grc' dir='ltr'>ὅτι</span> <span class='ocrx_word' id='word_1_151' title='bbox 259 2367 323 2447; x_wconf 86' lang='grc' dir='ltr'>ε’ἀν</span> <span class='ocrx_word' id='word_1_152' title='bbox 356 2368 456 2474; x_wconf 82' lang='grc' dir='ltr'>εἴπῃς</span> <span class='ocrx_word' id='word_1_153' title='bbox 485 2371 524 2448; x_wconf 87' lang='grc' dir='ltr'>έν</span> <span class='ocrx_word' id='word_1_154' title='bbox 551 2373 604 2476; x_wconf 77' lang='grc' dir='ltr'>τςῦ</span> <span class='ocrx_word' id='word_1_155' title='bbox 636 2367 792 2466; x_wconf 88' lang='grc' dir='ltr'>στόματι</span> <span class='ocrx_word' id='word_1_156' title='bbox 822 2401 894 2448; x_wconf 93' lang='grc' dir='ltr'>σου</span> <span class='ocrx_word' id='word_1_157' title='bbox 925 2368 1058 2471; x_wconf 88' lang='grc' dir='ltr'>Κύριος</span> <span class='ocrx_word' id='word_1_158' title='bbox 1090 2368 1243 2466; x_wconf 87' lang='grc' dir='ltr'>Ἰησοῦς,</span> <span class='ocrx_word' id='word_1_159' title='bbox 1275 2369 1363 2446; x_wconf 81' lang='grc' dir='ltr'>καὶο</span> 
     </span>
     <span class='ocr_line' id='line_1_18' title="bbox 129 2488 1333 2599; baseline -0.004 -27"><span class='ocrx_word' id='word_1_160' title='bbox 129 2502 153 2540; x_wconf 83' lang='grc'><strong>“</strong></span> <span class='ocrx_word' id='word_1_161' title='bbox 170 2490 375 2597; x_wconf 74' lang='grc' dir='ltr'>πιστεύσῃς</span> <span class='ocrx_word' id='word_1_162' title='bbox 402 2495 504 2598; x_wconf 77' lang='grc' dir='ltr'>ε’ντῇ</span> <span class='ocrx_word' id='word_1_163' title='bbox 527 2492 655 2599; x_wconf 79' lang='grc' dir='ltr'>καρδίᾳ</span> <span class='ocrx_word' id='word_1_164' title='bbox 679 2526 751 2572; x_wconf 92' lang='grc' dir='ltr'>σου</span> <span class='ocrx_word' id='word_1_165' title='bbox 776 2491 831 2572; x_wconf 78' lang='grc' dir='ltr'>ὅτι</span> <span class='ocrx_word' id='word_1_166' title='bbox 853 2492 873 2571; x_wconf 86' lang='grc' dir='ltr'><strong><em>ὁ</em></strong></span> <span class='ocrx_word' id='word_1_167' title='bbox 893 2489 986 2575; x_wconf 83' lang='grc' dir='ltr'>θεὸς</span> <span class='ocrx_word' id='word_1_168' title='bbox 1007 2490 1148 2594; x_wconf 78' lang='grc' dir='ltr'>ἤγειρεν</span> <span class='ocrx_word' id='word_1_169' title='bbox 1166 2488 1275 2569; x_wconf 84' lang='grc' dir='ltr'>αῦτῦν</span> <span class='ocrx_word' id='word_1_170' title='bbox 1294 2491 1333 2568; x_wconf 87' lang='grc' dir='ltr'>έκ</span> 
     </span>
     <span class='ocr_line' id='line_1_19' title="bbox 128 2611 1330 2722; baseline -0.002 -27"><span class='ocrx_word' id='word_1_171' title='bbox 128 2627 152 2664; x_wconf 90' lang='grc'><strong>“</strong></span> <span class='ocrx_word' id='word_1_172' title='bbox 172 2623 317 2720; x_wconf 84' lang='grc' dir='ltr'>νεκρῶν,</span> <span class='ocrx_word' id='word_1_173' title='bbox 339 2613 507 2722; x_wconf 81' lang='grc' dir='ltr'>σωθήσῃ·</span> <span class='ocrx_word' id='word_1_174' title='bbox 536 2616 664 2722; x_wconf 79' lang='grc' dir='ltr'>καρδίᾳ</span> <span class='ocrx_word' id='word_1_175' title='bbox 682 2614 754 2718; x_wconf 80' lang='grc' dir='ltr'>γὰρ</span> <span class='ocrx_word' id='word_1_176' title='bbox 777 2614 982 2696; x_wconf 89' lang='grc' dir='ltr'>πιστεύεται</span> <span class='ocrx_word' id='word_1_177' title='bbox 1011 2619 1059 2698; x_wconf 82' lang='grc' dir='ltr'>είς</span> <span class='ocrx_word' id='word_1_178' title='bbox 1087 2611 1330 2712; x_wconf 88' lang='grc' dir='ltr'>δικαιοσύνην,</span> 
     </span>
     <span class='ocr_line' id='line_1_20' title="bbox 129 2734 1334 2842; baseline -0.004 -22"><span class='ocrx_word' id='word_1_179' title='bbox 129 2749 153 2788; x_wconf 86' lang='lat'>“</span> <span class='ocrx_word' id='word_1_180' title='bbox 170 2738 331 2838; x_wconf 84' lang='grc' dir='ltr'>στόματι</span> <span class='ocrx_word' id='word_1_181' title='bbox 349 2739 386 2820; x_wconf 80' lang='grc' dir='ltr'>δέ</span> <span class='ocrx_word' id='word_1_182' title='bbox 410 2741 637 2842; x_wconf 84' lang='grc' dir='ltr'>ὁμολογεῖται</span> <span class='ocrx_word' id='word_1_183' title='bbox 660 2743 708 2823; x_wconf 83' lang='grc' dir='ltr'>είς</span> <span class='ocrx_word' id='word_1_184' title='bbox 731 2738 950 2841; x_wconf 87' lang='grc' dir='ltr'>σωτηρίαν.”</span> <span class='ocrx_word' id='word_1_185' title='bbox 988 2735 1077 2817; x_wconf 84' lang='grc' dir='ltr'>ὅλον</span> <span class='ocrx_word' id='word_1_186' title='bbox 1101 2734 1174 2840; x_wconf 88' lang='grc' dir='ltr'>γάρ</span> <span class='ocrx_word' id='word_1_187' title='bbox 1192 2736 1277 2835; x_wconf 81' lang='grc' dir='ltr'>ἡμῖν</span> <span class='ocrx_word' id='word_1_188' title='bbox 1295 2739 1334 2815; x_wconf 89' lang='grc' dir='ltr'>έν</span> 
     </span>
     <span class='ocr_line' id='line_1_21' title="bbox 77 2857 1334 2966; baseline -0.008 -17"><span class='ocrx_word' id='word_1_189' title='bbox 77 2907 116 2949; x_wconf 75' lang='grc' dir='ltr'>ιο</span> <span class='ocrx_word' id='word_1_190' title='bbox 128 2863 270 2948; x_wconf 89' lang='grc' dir='ltr'>τούτοις</span> <span class='ocrx_word' id='word_1_191' title='bbox 295 2864 422 2966; x_wconf 81' lang='grc' dir='ltr'>ὁρᾶται</span> <span class='ocrx_word' id='word_1_192' title='bbox 449 2862 491 2944; x_wconf 88' lang='grc' dir='ltr'>τὸ</span> <span class='ocrx_word' id='word_1_193' title='bbox 519 2865 583 2963; x_wconf 75' lang='grc' dir='ltr'>τῆς</span> <span class='ocrx_word' id='word_1_194' title='bbox 610 2863 793 2957; x_wconf 84' lang='grc' dir='ltr'>εὐσεβείας</span> <span class='ocrx_word' id='word_1_195' title='bbox 821 2857 1031 2964; x_wconf 87' lang='grc' dir='ltr'>μυστήριον.</span> <span class='ocrx_word' id='word_1_196' title='bbox 1068 2863 1154 2941; x_wconf 84' lang='grc' dir='ltr'>ἀλλ’</span> <span class='ocrx_word' id='word_1_197' title='bbox 1174 2861 1240 2946; x_wconf 83' lang='grc' dir='ltr'>ἕως</span> <span class='ocrx_word' id='word_1_198' title='bbox 1267 2858 1334 2958; x_wconf 78' lang='grc' dir='ltr'>μὲν</span> 
     </span>
     <span class='ocr_line' id='line_1_22' title="bbox 129 2982 1333 3090; baseline -0.002 -22"><span class='ocrx_word' id='word_1_199' title='bbox 129 2989 232 3068; x_wconf 77' lang='grc' dir='ltr'>οὔπω</span> <span class='ocrx_word' id='word_1_200' title='bbox 246 2991 312 3087; x_wconf 76' lang='grc' dir='ltr'>τῆς</span> <span class='ocrx_word' id='word_1_201' title='bbox 331 2987 501 3090; x_wconf 85' lang='grc' dir='ltr'>ἡμετέρας</span> <span class='ocrx_word' id='word_1_202' title='bbox 518 2985 775 3090; x_wconf 83' lang='grc' dir='ltr'>ῦπεραθλήσας</span> <span class='ocrx_word' id='word_1_203' title='bbox 791 2985 883 3090; x_wconf 78' lang='grc' dir='ltr'>ζωῆς</span> <span class='ocrx_word' id='word_1_204' title='bbox 900 2983 964 3066; x_wconf 80' lang='grc' dir='ltr'>τὸν</span> <span class='ocrx_word' id='word_1_205' title='bbox 983 2989 1047 3080; x_wconf 82' lang='grc' dir='ltr'>τῆς</span> <span class='ocrx_word' id='word_1_206' title='bbox 1065 2982 1202 3088; x_wconf 83' lang='grc' dir='ltr'>σαρκὸς</span> <span class='ocrx_word' id='word_1_207' title='bbox 1221 2982 1333 3066; x_wconf 89' lang='grc' dir='ltr'>θάνα-</span> 
     </span>
     <span class='ocr_line' id='line_1_23' title="bbox 128 3107 1329 3216; baseline -0.001 -25"><span class='ocrx_word' id='word_1_208' title='bbox 128 3146 195 3191; x_wconf 92' lang='grc' dir='ltr'>τον</span> <span class='ocrx_word' id='word_1_209' title='bbox 214 3111 398 3211; x_wconf 73' lang='grc' dir='ltr'>ὑπέμεινεν</span> <span class='ocrx_word' id='word_1_210' title='bbox 417 3113 437 3191; x_wconf 87' lang='grc' dir='ltr'><strong>ὁ</strong></span> <span class='ocrx_word' id='word_1_211' title='bbox 456 3110 633 3214; x_wconf 82' lang='grc' dir='ltr'>Χριστὸς,</span> <span class='ocrx_word' id='word_1_212' title='bbox 652 3107 802 3210; x_wconf 84' lang='grc' dir='ltr'>ἥπλωτά</span> <span class='ocrx_word' id='word_1_213' title='bbox 822 3143 900 3192; x_wconf 89' lang='grc' dir='ltr'>πως</span> <span class='ocrx_word' id='word_1_214' title='bbox 918 3109 969 3189; x_wconf 88' lang='grc' dir='ltr'>έτι</span> <span class='ocrx_word' id='word_1_215' title='bbox 988 3107 1026 3190; x_wconf 78' lang='grc' dir='ltr'>τῦ</span> <span class='ocrx_word' id='word_1_216' title='bbox 1049 3111 1329 3216; x_wconf 77' lang='grc' dir='ltr'>καταπέτασμα·</span> 
     </span>
     <span class='ocr_line' id='line_1_24' title="bbox 128 3230 1331 3338; baseline -0.002 -23"><span class='ocrx_word' id='word_1_217' title='bbox 128 3232 270 3338; x_wconf 86' lang='grc' dir='ltr'>ε’κριίτει</span> <span class='ocrx_word' id='word_1_218' title='bbox 298 3232 371 3337; x_wconf 82' lang='grc' dir='ltr'>γὰρ</span> <span class='ocrx_word' id='word_1_219' title='bbox 393 3234 445 3314; x_wconf 80' lang='grc' dir='ltr'>ἔτι</span> <span class='ocrx_word' id='word_1_220' title='bbox 472 3238 537 3334; x_wconf 81' lang='grc' dir='ltr'>τῆς</span> <span class='ocrx_word' id='word_1_221' title='bbox 560 3231 652 3314; x_wconf 79' lang='grc' dir='ltr'>κατὰ</span> <span class='ocrx_word' id='word_1_222' title='bbox 679 3233 788 3332; x_wconf 88' lang='grc' dir='ltr'>νόμον</span> <span class='ocrx_word' id='word_1_223' title='bbox 806 3235 954 3332; x_wconf 78' lang='grc' dir='ltr'>ἐντολῆς</span> <span class='ocrx_word' id='word_1_224' title='bbox 973 3232 995 3331; x_wconf 83' lang='grc' dir='ltr'><strong><em>ἡ</em></strong></span> <span class='ocrx_word' id='word_1_225' title='bbox 1014 3234 1172 3331; x_wconf 86' lang='grc' dir='ltr'>δύναμις.</span> <span class='ocrx_word' id='word_1_226' title='bbox 1212 3230 1331 3332; x_wconf 80' lang='grc' dir='ltr'>ἐπειδή</span> 
     </span>
     <span class='ocr_line' id='line_1_25' title="bbox 130 3353 1332 3462; baseline -0.002 -24"><span class='ocrx_word' id='word_1_227' title='bbox 130 3357 170 3438; x_wconf 79' lang='grc' dir='ltr'>δέ</span> <span class='ocrx_word' id='word_1_228' title='bbox 194 3357 318 3440; x_wconf 78' lang='grc' dir='ltr'>πάντα</span> <span class='ocrx_word' id='word_1_229' title='bbox 344 3353 537 3438; x_wconf 84' lang='grc' dir='ltr'>τετέλεστο</span> <span class='ocrx_word' id='word_1_230' title='bbox 565 3354 611 3437; x_wconf 85' lang='grc' dir='ltr'>τά</span> <span class='ocrx_word' id='word_1_231' title='bbox 635 3358 693 3438; x_wconf 82' lang='grc' dir='ltr'>ἐπὶ</span> <span class='ocrx_word' id='word_1_232' title='bbox 716 3361 869 3462; x_wconf 76' lang='grc' dir='ltr'>Χριστῷ</span> <span class='ocrx_word' id='word_1_233' title='bbox 898 3354 1115 3456; x_wconf 88' lang='grc' dir='ltr'>τολμήματα</span> <span class='ocrx_word' id='word_1_234' title='bbox 1140 3354 1241 3459; x_wconf 88' lang='grc' dir='ltr'>παρά</span> <span class='ocrx_word' id='word_1_235' title='bbox 1269 3361 1332 3456; x_wconf 82' lang='grc' dir='ltr'>τῆς</span> 
     </span>
     <span class='ocr_line' id='line_1_26' title="bbox 76 3478 1331 3588; baseline 0.002 -30"><span class='ocrx_word' id='word_1_236' title='bbox 76 3517 114 3576; x_wconf 83' lang='lat'>²5</span> <span class='ocrx_word' id='word_1_237' title='bbox 127 3481 315 3562; x_wconf 85' lang='grc' dir='ltr'>Ἰουδαίων</span> <span class='ocrx_word' id='word_1_238' title='bbox 341 3478 584 3581; x_wconf 78' lang='grc' dir='ltr'>ἀνοσιότητος,</span> <span class='ocrx_word' id='word_1_239' title='bbox 612 3484 670 3561; x_wconf 80' lang='grc' dir='ltr'>καὶ</span> <span class='ocrx_word' id='word_1_240' title='bbox 702 3478 832 3561; x_wconf 84' lang='grc' dir='ltr'>λοιπὸν</span> <span class='ocrx_word' id='word_1_241' title='bbox 861 3478 1031 3588; x_wconf 75' lang='grc' dir='ltr'>ἐξέπνευσε</span> <span class='ocrx_word' id='word_1_242' title='bbox 1064 3481 1106 3558; x_wconf 83' lang='grc' dir='ltr'>δι’</span> <span class='ocrx_word' id='word_1_243' title='bbox 1135 3480 1243 3579; x_wconf 84' lang='grc' dir='ltr'>ἡμᾶς,</span> <span class='ocrx_word' id='word_1_244' title='bbox 1273 3484 1331 3560; x_wconf 78' lang='grc' dir='ltr'>καὶ</span> 
     </span>
     <span class='ocr_line' id='line_1_27' title="bbox 127 3601 1362 3708; baseline -0.001 -22"><span class='ocrx_word' id='word_1_245' title='bbox 127 3615 237 3686; x_wconf 84' lang='grc' dir='ltr'>τοῦτο</span> <span class='ocrx_word' id='word_1_246' title='bbox 263 3602 390 3686; x_wconf 75' lang='grc' dir='ltr'>παθὼν</span> <span class='ocrx_word' id='word_1_247' title='bbox 416 3601 700 3704; x_wconf 82' lang='grc' dir='ltr'>ὁἘμμανουὴλ,</span> <span class='ocrx_word' id='word_1_248' title='bbox 720 3603 840 3708; x_wconf 81' lang='grc' dir='ltr'>καιρὸς</span> <span class='ocrx_word' id='word_1_249' title='bbox 865 3603 910 3705; x_wconf 85' lang='grc' dir='ltr'>ἦν</span> <span class='ocrx_word' id='word_1_250' title='bbox 934 3602 1003 3703; x_wconf 84' lang='grc' dir='ltr'>ήδη</span> <span class='ocrx_word' id='word_1_251' title='bbox 1025 3601 1362 3708; x_wconf 80' lang='grc' dir='ltr'>περιῤῥήγνυσθαιᾶ</span> 
     </span>
     <span class='ocr_line' id='line_1_28' title="bbox 128 3725 1327 3834; baseline -0.003 -25"><span class='ocrx_word' id='word_1_252' title='bbox 128 3727 262 3811; x_wconf 80' lang='grc' dir='ltr'>λοιπὸν</span> <span class='ocrx_word' id='word_1_253' title='bbox 279 3726 322 3809; x_wconf 79' lang='grc' dir='ltr'>τὸ</span> <span class='ocrx_word' id='word_1_254' title='bbox 341 3731 490 3834; x_wconf 85' lang='grc' dir='ltr'>ἀρχαῖον</span> <span class='ocrx_word' id='word_1_255' title='bbox 508 3731 617 3809; x_wconf 87' lang='grc' dir='ltr'>έκεῖνο</span> <span class='ocrx_word' id='word_1_256' title='bbox 638 3731 697 3808; x_wconf 78' lang='grc' dir='ltr'>καὶ</span> <span class='ocrx_word' id='word_1_257' title='bbox 713 3725 837 3809; x_wconf 87' lang='grc' dir='ltr'>πλατῦ</span> <span class='ocrx_word' id='word_1_258' title='bbox 855 3728 1130 3827; x_wconf 89' lang='grc' dir='ltr'>καταπέτασμα,</span> <span class='ocrx_word' id='word_1_259' title='bbox 1149 3727 1327 3824; x_wconf 89' lang='grc' dir='ltr'>τουτέστι,</span> 
     </span>
     <span class='ocr_line' id='line_1_29' title="bbox 127 3849 1330 3957; baseline -0.002 -24"><span class='ocrx_word' id='word_1_260' title='bbox 127 3852 197 3954; x_wconf 85' lang='grc' dir='ltr'>τήν</span> <span class='ocrx_word' id='word_1_261' title='bbox 215 3861 281 3933; x_wconf 90' lang='grc' dir='ltr'>τοῦ</span> <span class='ocrx_word' id='word_1_262' title='bbox 305 3859 450 3950; x_wconf 89' lang='grc' dir='ltr'>νομικοῦ</span> <span class='ocrx_word' id='word_1_263' title='bbox 476 3851 687 3954; x_wconf 80' lang='grc' dir='ltr'>γράμματος</span> <span class='ocrx_word' id='word_1_264' title='bbox 708 3849 925 3957; x_wconf 80' lang='grc' dir='ltr'>ἀσφάλειαν,</span> <span class='ocrx_word' id='word_1_265' title='bbox 944 3852 1003 3931; x_wconf 83' lang='grc' dir='ltr'>καὶ</span> <span class='ocrx_word' id='word_1_266' title='bbox 1032 3854 1330 3953; x_wconf 85' lang='grc' dir='ltr'>ἀπογυμνοῦσθαι</span> 
     </span>
     <span class='ocr_line' id='line_1_30' title="bbox 127 3972 1329 4081; baseline -0.004 -23"><span class='ocrx_word' id='word_1_267' title='bbox 127 3985 206 4062; x_wconf 83' lang='grc' dir='ltr'>τοῖς</span> <span class='ocrx_word' id='word_1_268' title='bbox 229 3973 290 4056; x_wconf 81' lang='grc' dir='ltr'>διὰ</span> <span class='ocrx_word' id='word_1_269' title='bbox 312 3977 470 4059; x_wconf 88' lang='grc' dir='ltr'>πίστεως</span> <span class='ocrx_word' id='word_1_270' title='bbox 496 3975 727 4075; x_wconf 82' lang='grc' dir='ltr'>ἡγιασμένοις</span> <span class='ocrx_word' id='word_1_271' title='bbox 755 3977 792 4054; x_wconf 90' lang='grc' dir='ltr'>έν</span> <span class='ocrx_word' id='word_1_272' title='bbox 820 3978 973 4081; x_wconf 78' lang='grc' dir='ltr'>Χριστῷ</span> <span class='ocrx_word' id='word_1_273' title='bbox 1001 3979 1064 4074; x_wconf 74' lang='grc' dir='ltr'>τῆς</span> <span class='ocrx_word' id='word_1_274' title='bbox 1091 3975 1260 4077; x_wconf 81' lang='grc' dir='ltr'>ἀληθείας</span> <span class='ocrx_word' id='word_1_275' title='bbox 1287 3972 1329 4054; x_wconf 87' lang='grc' dir='ltr'>τὸ</span> 
     </span>
     <span class='ocr_line' id='line_1_31' title="bbox 72 4095 1330 4204; baseline -0.002 -23"><span class='ocrx_word' id='word_1_276' title='bbox 72 4132 113 4190; x_wconf 81' lang='lat'>30</span> <span class='ocrx_word' id='word_1_277' title='bbox 128 4099 282 4185; x_wconf 80' lang='grc' dir='ltr'>κάλλος.</span> <span class='ocrx_word' id='word_1_278' title='bbox 321 4099 482 4204; x_wconf 79' lang='grc' dir='ltr'>σχίζεται</span> <span class='ocrx_word' id='word_1_279' title='bbox 501 4097 539 4178; x_wconf 80' lang='grc' dir='ltr'>δὲ</span> <span class='ocrx_word' id='word_1_280' title='bbox 559 4097 683 4180; x_wconf 85' lang='grc' dir='ltr'>διόλου</span> <span class='ocrx_word' id='word_1_281' title='bbox 701 4097 743 4178; x_wconf 88' lang='grc' dir='ltr'>τὸ</span> <span class='ocrx_word' id='word_1_282' title='bbox 762 4096 1031 4197; x_wconf 89' lang='grc' dir='ltr'>καταπέτασμα,</span> <span class='ocrx_word' id='word_1_283' title='bbox 1049 4097 1091 4178; x_wconf 82' lang='grc' dir='ltr'>τὸ</span> <span class='ocrx_word' id='word_1_284' title='bbox 1109 4095 1330 4200; x_wconf 47' lang='grc' dir='ltr'>γάρνΑνωθεν</span> 
     </span>
     <span class='ocr_line' id='line_1_32' title="bbox 128 4218 1331 4325; baseline -0.004 -19"><span class='ocrx_word' id='word_1_285' title='bbox 128 4224 193 4310; x_wconf 77' lang='grc' dir='ltr'>ἕως</span> <span class='ocrx_word' id='word_1_286' title='bbox 215 4222 313 4304; x_wconf 85' lang='grc' dir='ltr'>ιιιίτω</span> <span class='ocrx_word' id='word_1_287' title='bbox 331 4223 370 4302; x_wconf 92' lang='grc' dir='ltr'>τί</span> <span class='ocrx_word' id='word_1_288' title='bbox 384 4221 430 4302; x_wconf 89' lang='grc' dir='ltr'>ἀν</span> <span class='ocrx_word' id='word_1_289' title='bbox 449 4222 568 4325; x_wconf 78' lang='grc' dir='ltr'>ἕτερον</span> <span class='ocrx_word' id='word_1_290' title='bbox 587 4223 671 4322; x_wconf 83' lang='grc' dir='ltr'>ἡμῖν</span> <span class='ocrx_word' id='word_1_291' title='bbox 688 4222 711 4324; x_wconf 81' lang='grc' dir='ltr'>ἢ</span> <span class='ocrx_word' id='word_1_292' title='bbox 729 4228 834 4302; x_wconf 92' lang='grc' dir='ltr'>τοῦτο</span> <span class='ocrx_word' id='word_1_293' title='bbox 852 4221 1041 4321; x_wconf 74' lang='grc' dir='ltr'>σημαίνεις</span> <span class='ocrx_word' id='word_1_294' title='bbox 1070 4223 1129 4300; x_wconf 84' lang='grc' dir='ltr'>καὶ</span> <span class='ocrx_word' id='word_1_295' title='bbox 1147 4218 1206 4300; x_wconf 82' lang='grc' dir='ltr'>διὰ</span> <span class='ocrx_word' id='word_1_296' title='bbox 1222 4220 1331 4302; x_wconf 88' lang='grc' dir='ltr'>ποίαν</span> 
     </span>
    </p>
   </div>
   <div class='ocr_carea' id='block_1_4' title="bbox 164 4397 1331 4484">
    <p class='ocr_par' dir='ltr' id='par_1_4' title="bbox 164 4397 1331 4484">
     <span class='ocr_line' id='line_1_33' title="bbox 164 4397 1331 4484; baseline -0.009 -24.974"><span class='ocrx_word' id='word_1_297' title='bbox 164 4413 194 4484; x_wconf 90' lang='grc'>7.</span> <span class='ocrx_word' id='word_1_298' title='bbox 211 4399 341 4472; x_wconf 59' lang='lat' dir='ltr'>&amp;uss-</span> <span class='ocrx_word' id='word_1_299' title='bbox 352 4399 500 4470; x_wconf 76' lang='grc' dir='ltr'>ρίτηνΕδ.</span> <span class='ocrx_word' id='word_1_300' title='bbox 553 4399 769 4456; x_wconf 77' lang='grc' dir='ltr'>τιθέντοςαοιαιυ</span> <span class='ocrx_word' id='word_1_301' title='bbox 788 4407 846 4454; x_wconf 88' lang='lat' dir='ltr'>tum</span> <span class='ocrx_word' id='word_1_302' title='bbox 860 4397 939 4453; x_wconf 81' lang='lat' dir='ltr'><strong>exE.</strong></span> <span class='ocrx_word' id='word_1_303' title='bbox 1127 4413 1169 4471; x_wconf 84' lang='lat'>13.</span> <span class='ocrx_word' id='word_1_304' title='bbox 1186 4400 1217 4454; x_wconf 75' lang='grc' dir='ltr'>τὸ</span> <span class='ocrx_word' id='word_1_305' title='bbox 1247 4401 1331 4484; x_wconf 63' lang='lat' dir='ltr'>xpm!</span> 
     </span>
    </p>
   </div>
   <div class='ocr_carea' id='block_1_5' title="bbox 129 4469 1330 4684">
    <p class='ocr_par' dir='ltr' id='par_1_5' title="bbox 129 4469 1330 4684">
     <span class='ocr_line' id='line_1_34' title="bbox 129 4469 1330 4562; baseline -0.001 -36"><span class='ocrx_word' id='word_1_306' title='bbox 129 4471 236 4562; x_wconf 74' lang='lat' dir='ltr'><strong>Migne.</strong></span> <span class='ocrx_word' id='word_1_307' title='bbox 426 4469 467 4526; x_wconf 86' lang='lat'>16.</span> <span class='ocrx_word' id='word_1_308' title='bbox 485 4491 536 4526; x_wconf 81' lang='grc' dir='ltr'>σου</span> <span class='ocrx_word' id='word_1_309' title='bbox 548 4480 717 4541; x_wconf 76' lang='lat' dir='ltr'><strong>assumptum</strong></span> <span class='ocrx_word' id='word_1_310' title='bbox 729 4488 808 4526; x_wconf 81' lang='lat' dir='ltr'>ex.</span> <span class='ocrx_word' id='word_1_311' title='bbox 986 4485 1029 4536; x_wconf 82' lang='lat'>24.</span> <span class='ocrx_word' id='word_1_312' title='bbox 1046 4473 1097 4524; x_wconf 78' lang='grc' dir='ltr'>τῶν</span> <span class='ocrx_word' id='word_1_313' title='bbox 1109 4487 1157 4540; x_wconf 81' lang='lat' dir='ltr'>pro</span> <span class='ocrx_word' id='word_1_314' title='bbox 1109 4473 1215 4541; x_wconf 75' lang='grc' dir='ltr'>ρτῆς</span> <span class='ocrx_word' id='word_1_315' title='bbox 1259 4471 1330 4543; x_wconf 76' lang='lat' dir='ltr'><strong>igne.</strong></span> 
     </span>
     <span class='ocr_line' id='line_1_35' title="bbox 131 4538 1330 4615; baseline 0 -17"><span class='ocrx_word' id='word_1_316' title='bbox 131 4541 212 4598; x_wconf 80' lang='lat'>28.&#39;</span> <span class='ocrx_word' id='word_1_317' title='bbox 293 4562 347 4597; x_wconf 78' lang='grc' dir='ltr'>ειου</span> <span class='ocrx_word' id='word_1_318' title='bbox 365 4540 431 4596; x_wconf 55' lang='grc' dir='ltr'>ΕΗἙ</span> <span class='ocrx_word' id='word_1_319' title='bbox 443 4563 487 4613; x_wconf 90' lang='grc' dir='ltr'>γρ.</span> <span class='ocrx_word' id='word_1_320' title='bbox 505 4542 636 4614; x_wconf 76' lang='grc' dir='ltr'>ἀσάφειαν</span> <span class='ocrx_word' id='word_1_321' title='bbox 653 4541 735 4608; x_wconf 75' lang='lat' dir='ltr'>(recte</span> <span class='ocrx_word' id='word_1_322' title='bbox 752 4549 784 4596; x_wconf 80' lang='lat' dir='ltr'>ut</span> <span class='ocrx_word' id='word_1_323' title='bbox 802 4539 919 4610; x_wconf 74' lang='lat' dir='ltr'>videtur)</span> <span class='ocrx_word' id='word_1_324' title='bbox 933 4538 1022 4612; x_wconf 77' lang='lat' dir='ltr'><strong>Fmg.</strong></span> <span class='ocrx_word' id='word_1_325' title='bbox 1039 4539 1112 4597; x_wconf 74' lang='lat' dir='ltr'>unde</span> <span class='ocrx_word' id='word_1_326' title='bbox 1128 4539 1260 4615; x_wconf 75' lang='grc' dir='ltr'>ἀσάφειαν</span> <span class='ocrx_word' id='word_1_327' title='bbox 1278 4541 1330 4598; x_wconf 81' lang='lat' dir='ltr'>Ed.</span> 
     </span>
     <span class='ocr_line' id='line_1_36' title="bbox 131 4611 562 4684; baseline -0.005 -16"><span class='ocrx_word' id='word_1_328' title='bbox 131 4629 176 4684; x_wconf 81' lang='lat'>²9·</span> <span class='ocrx_word' id='word_1_329' title='bbox 194 4613 236 4668; x_wconf 81' lang='grc' dir='ltr'>διδ</span> <span class='ocrx_word' id='word_1_330' title='bbox 269 4611 421 4681; x_wconf 70' lang='grc' dir='ltr'>ΙΙ-τῆςῦιθ.</span> <span class='ocrx_word' id='word_1_331' title='bbox 433 4611 562 4668; x_wconf 80' lang='lat' dir='ltr'><strong>invitoE.</strong></span> 
     </span>
    </p>
   </div>
   <div class='ocr_carea' id='block_1_6' title="bbox 708 4699 764 4748">
    <p class='ocr_par' dir='ltr' id='par_1_6' title="bbox 708 4699 764 4748">
     <span class='ocr_line' id='line_1_37' title="bbox 708 4699 764 4748; baseline 0.071 -4"><span class='ocrx_word' id='word_1_332' title='bbox 708 4699 764 4748; x_wconf 83' lang='lat'>02</span> 
     </span>
    </p>
   </div>
   <div class='ocr_carea' id='block_1_7' title="bbox 0 0 1646 5130">
    <p class='ocr_par' dir='ltr' id='par_1_7' title="bbox 0 0 1646 5130">
     <span class='ocr_line' id='line_1_38' title="bbox 0 0 1646 5130; baseline 0 0"><span class='ocrx_word' id='word_1_333' title='bbox 0 0 1646 5130; x_wconf 95' lang='lat' dir='ltr'> </span> 
     </span>
    </p>
   </div>
  </div>
 </body>
</html>
