3278 5130
292 255 359 320 σοι
462 255 502 320 ιι.
527 252 717 318 cmm
743 252 1011 318 ιιισιιιιτοιι.
1038 253 1321 318 FRAGMENTA
1379 253 1425 316 iii.
1441 226 1499 316 10'.

205 360 242 410 ιι.

137 361 194 427 [⁹⁰
255 359 267 425 ]
292 418 446 527 ἐννόμῳ
463 417 649 516 τύπος,τά
671 421 719 503 ὡς
744 420 782 498 ε’ν
800 427 919 504 σκιαῖς
937 420 988 499 ἔτι
1011 418 1256 521 πληρούμενα·
1286 419 1423 522 πτῶμα
1441 415 1499 505 δὲ,

292 547 359 643 τῆς
384 547 422 622 ἐν
440 545 594 649 Χριστῷ
621 544 788 645 λατρείας
816 545 839 642 ἡ
867 541 1024 640 δύναμις,
1042 540 1300 642 πνευματικοάς
1327 541 1495 645 ἀποφαί-

295 700 411 745 νουσα
437 663 520 749 τοίις
547 662 766 764 προσιόντας
794 666 885 771 σία-ᾖ
911 664 971 745 διά
998 670 1062 766 τῆς
1088 665 1259 749 πίστεως·
1294 663 1373 769 όσερ
1391 664 1428 740 δ’
1447 659 1501 740 ἀν

295 788 412 887 ἥττων
440 791 504 887 τῆς
533 789 702 886 ἀληθείας
735 789 756 867 ό
788 787 910 884 τύπος,
941 796 1119 868 τοσοῦτον
1149 784 1248 883 οἶμαι
1275 785 1429 866 κατόπιν
1460 788 1500 864 σί

296 916 539 994 διακονοῦντες
566 906 674 990 αὐτόν
699 916 773 991 τῶν
794 910 1072 1013 ἱερουργούντων
1099 910 1166 1010 τὴν
1183 909 1367 1010 ἀλήθειαν·
1401 910 1493 1010 ραν
1517 929 1539 986 5

128 1068 285 1129 τιτυλυς.
295 1034 379 1137 τίζει
388 1033 459 1137 γάρ
470 1033 561 1134 ἡμᾶς
572 1032 733 1135 Χριστός
745 1034 868 1132 αἵματι
879 1040 931 1141 τῷ
941 1035 1029 1142 ἰδίῳ,
1040 1034 1098 1114 καί
1112 1035 1154 1114 οὐ
1166 1031 1257 1135 πρὸς
1269 1030 1384 1132 μόνην
1394 1041 1417 1078 “
1426 1029 1498 1129 τὴν

296 1169 318 1204 “
336 1161 400 1257 τῆς
417 1157 554 1261 σαρκὸς
578 1156 836 1259 καθαρόπητα,”
863 1157 1025 1259 καθάπερ
1045 1157 1168 1255 ἀμέλει
1186 1159 1247 1236 καὶ
1263 1155 1311 1236 τά
1327 1159 1364 1235 ἐν
1383 1154 1496 1262 νόμῳ,

128 1302 169 1354 lb.
181 1316 219 1367 ιι
297 1280 472 1384 καθαρίζει
497 1278 535 1358 δὲ
553 1285 699 1378 μᾶλλον
716 1283 775 1359 καὶ
798 1290 821 1326 “
835 1279 901 1379 τὴν
918 1283 1127 1379 συνείδησιν
1143 1279 1244 1379 ἡμῶν
1261 1277 1334 1359 ἀπὸ
1359 1283 1496 1380 νεκρῶν

297 1414 319 1453 “
337 1404 482 1506 ἔργων,”
509 1407 567 1483 καὶ
589 1403 759 1508 ἐξίστησι
779 1403 1099 1504 πλημμελήματος·
1132 1403 1310 1509 χαρίζεται
1338 1399 1376 1482 δὲ
1401 1399 1496 1503 πρὸς

182 1560 223 1614 91
237 1557 284 1615 u.
296 1527 411 1633 τούτῳ
442 1529 502 1605 καὶ
538 1524 627 1627 ζωῆς
665 1526 806 1606 ἐλπίδα·
849 1530 909 1606 καὶ
937 1526 1010 1630 γάρ
1044 1529 1146 1606 ἐστιν
1180 1523 1313 1626 ἀληθὲς
1349 1528 1399 1610 ὦς
1430 1535 1453 1572 “
1472 1527 1495 1604 ό
1516 1556 1560 1594 10

129 1633 284 1746 s'ffm'ffi'
297 1660 318 1698 ‘⁶
336 1648 516 1730 πιστεύων
546 1653 595 1732 είς
626 1645 691 1728 τὸν
714 1647 805 1728 Υίδν
835 1649 907 1754 ἔχει
932 1649 1024 1754 ζωὴν
1056 1649 1233 1729 αίοίνιον·”
1273 1648 1496 1750 ἐπήγγελται

296 1774 367 1878 γάρ
395 1775 453 1851 καὶ
480 1772 692 1850 αὐτῶντῶν
719 1771 900 1870 σωμάτων
927 1770 994 1872 τὴν
1021 1772 1226 1852 ἀνάστασιν
1252 1777 1312 1852 καὶ
1339 1772 1493 1878 ἀναφοί-

297 1930 404 1997 τησιν
415 1894 488 1998 τὴν
506 1899 555 1978 είς
572 1897 782 2002 ἀφθαρσίαν
800 1897 858 1975 καί
878 1900 927 1980 είς
944 1897 1151 2000 μακραίωνα
1169 1897 1262 1993 βίον.

250 2181 287 2221 ιο
301 2154 359 2220 Καὶ
385 2155 445 2246 τὰρ
467 2156 543 2223 οὐδὲ
571 2155 764 2224 δεδόξασται
789 2155 827 2224 τὸ
855 2155 1094 2231 δεδοξασμένον
1120 2155 1157 2220 ὲν
1183 2155 1291 2239 τούτῳ
1316 2157 1365 2240 τῷ
1391 2153 1494 2242 μέρει,

578 2282 703 2347 εἵνεκεν
728 2290 786 2348 τῆς
812 2281 1079 2370 ὑπερβαλλούσας
1106 2279 1215 2348 δόξιιι.
1515 2301 1556 2360 ¹5

352 2450 545 2558 Ἀναφίρει
568 2451 681 2533 πάλιν
699 2454 757 2533 ε’πὶ
776 2449 817 2530 τδ
836 2453 1062 2554 ἀσυγκρίτως
1085 2452 1298 2552 ύπερτεροῦν
1315 2453 1379 2548 τῆς
1397 2449 1493 2532 θείας

299 2577 510 2674 ἀποστολῆς
542 2574 584 2656 τὸ
615 2575 758 2682 ἀξίωμα
789 2577 847 2655 καὶ
881 2581 954 2654 τῶν
984 2577 1170 2654 διακονιῶν
1200 2571 1267 2672 τὴν
1298 2572 1495 2674 σύγκρισιν

299 2696 540 2798 ποιησάμενος
558 2700 675 2779 καὶτὸ
694 2697 859 2800 ἑκατέρας
877 2697 966 2777 ’ίδιον
984 2697 1023 2777 εὖ
1039 2695 1142 2794 μάλα
1165 2692 1393 2800 παρενεγκάιν
1412 2699 1489 2774 δια-

301 2821 526 2926 φανεστέραν
550 2823 739 2928 ἀποφαίνει
764 2821 829 2921 τὴν
851 2824 889 2900 ἐν
907 2825 1060 2927 Χριστῷ
1077 2818 1136 2900 διά
1153 2819 1366 2916 πνεύματος.
1397 2817 1494 2895 καὶὸ

300 2943 366 3043 μὲν
383 2949 446 3042 τῆς
464 2944 598 3028 ἐννοίας
616 2946 712 3052 αὐτῷ
730 2942 788 3024 διὰ
805 2942 942 3024 τούτων
960 2943 1099 3048 ἔρχεται
1117 2941 1266 3038 σκότος,
1284 2940 1495 3045 πέφρασται
1514 2975 1557 3016 20

299 3066 412 3166 γεμην
431 3069 472 3145 ού
498 3065 645 3174 σφόδρα
672 3074 803 3175 σαφῶς
822 3067 863 3148 τὸ
880 3068 1001 3171 ῥητόν·
1037 3066 1146 3145 ἔοικεν
1164 3064 1236 3167 γάρ
1255 3061 1346 3144 εἶναί
1358 3098 1434 3147 πως
1452 3064 1496 3141 ού

300 3189 383 3268 λίαν
406 3187 623 3270 εὐκάτοπτον
645 3193 724 3270 οὔτε
753 3191 824 3290 μὴν
849 3196 922 3274 τοῖς
949 3189 1135 3270 ἐθέλουσιν
1163 3189 1304 3286 ἕτοιμον
1333 3193 1429 3270 ἰδεῖν.
1459 3186 1500 3267 τί

300 3412 398 3481 φάνθαι
415 3421 503 3506 καινῆς
519 3415 648 3484 διαθήκης,
665 3418 697 3467 οδ
713 3417 863 3484 γράμματος
879 3419 949 3470 άλλδ
965 3418 1114 3486 πνεύματος.
1136 3412 1221 3484 λε’γων
1238 3411 1267 3466 δὲ
1285 3411 1397 3481 “mbr
1412 3432 1496 3465 πεπο-

302 3487 320 3512 “
332 3482 441 3537 λοίωκεν
459 3505 505 3552 την
522 3485 653 3552 πράτην,”
674 3485 715 3537 καὶ
735 3483 855 3552 δισθίμην
871 3485 1001 3553 ὀνομάζων
1018 3486 1105 3553 αὐτὴν,
1121 3485 1166 3538 τὸν
1186 3487 1232 3537 τοῦ
1251 3486 1367 3552 Χριστοῦ
1386 3482 1496 3535 θάνατον

302 3549 481 3607 δπαινίττετοι·
499 3559 517 3584 “
524 3555 630 3622 διαθήκη
639 3554 690 3624 γάρ
699 3553 741 3609 ε’πί
750 3557 847 3623 νεκροῖς
854 3557 974 3619 βεβοίο”
986 3556 1028 3610 καί
1036 3557 1066 3610 τδ
1075 3551 1138 3623 οἶμα
1144 3554 1223 3610 αὑτοῦ
1232 3552 1296 3621 άπερ
1305 3550 1496 3623 [legendumne

302 3625 375 3678 ὥσπε
400 3621 424 3694 ὶ]
444 3624 632 3693 δπεροκοντίζει
649 3626 679 3678 τά
696 3629 747 3678 τῶν
761 3625 864 3695 τράγον
874 3623 945 3695 αίρα,
957 3628 988 3680 οὐ
1005 3629 1083 3695 μόνον
1100 3625 1129 3679 δὲ
1147 3622 1253 3680 τούτους
1269 3623 1391 3687 βελτίους
1408 3623 1432 3675 οί
1449 3625 1496 3690 τῆς

291 3692 360 3750 ’νέαι
372 3645 491 3761 διάκονοι,
504 3694 574 3747 ἀλλὰ
586 3695 628 3748 καί
639 3696 669 3748 τδ
685 3695 835 3763 ίιιονωθῆναι
846 3698 916 3767 παρδ
928 3700 996 3750 θεοῦ
1006 3698 1072 3765 πρὸς
1083 3695 1219 3756 διακονίαν,
1234 3694 1264 3747 οίι
1293 3694 1425 3762 ράμμοτος
1436 3714 1495 3746 του-

302 3763 376 3819 τίστι
388 3766 435 3818 τοῦ
447 3767 525 3833 νόμον
537 3762 565 3820 δς
576 3763 607 3832 ἦν
618 3763 697 3820 πόντος
709 3766 749 3819 καί
762 3766 823 3818 σκιά
835 3766 904 3820 ἀλλὰ
915 3766 1057 3834 πνεύματος
1069 3765 1084 3818 ὅ
1096 3766 1154 3820 ε’στι
1165 3768 1211 3834 τῆς
1223 3766 1263 3832 (2)
1308 3802 1315 3816 .
1410 3779 1437 3832 3.
1449 3762 1495 3815 αὖ·

302 3836 348 3916 τῆς
361 3833 399 3889 Η.
464 3904 470 3924 μ
517 3853 551 3926 4.ι
562 3831 657 3905 ἥττων]
670 3835 779 3925 ἧπιρτδ
793 3834 831 3889 Η.
943 3850 973 3928 §-
991 3836 1114 3926 ἀλήθειαν
1125 3833 1235 3924 θυαμ.
1333 3833 1376 3920 ’8.
1394 3831 1496 3922 φίατοια

302 3904 1497 4047 ιισιιιιικιιιιιιμέτιθι-τιμητείαςιιιιιιιι

303 4043 319 4112 ἡ
338 4045 366 4099 ίν
382 4048 487 4116 Χριστῷ
505 4044 639 4102 παίδευσις
657 4047 698 4099 καί
715 4049 746 4100 τδ
762 4046 880 4118 κηρυγμα
896 4050 926 4101 τὸ
939 4048 1106 4119 είιαγγελικδν
1117 4047 1159 4100 καί
1173 4047 1250 4114 αίιιῆς
1267 4047 1312 4112 τῆς
1329 4043 1497 4111 πνευματικῆς

302 4116 423 4184 λατρείας
434 4113 449 4183 ἦ
461 4114 566 4182 δύναμις
576 4114 766 4170 ἀπαλλάττεται
776 4117 823 4185 μὲν
835 4117 1009 4187 ἐγκλημάτων,
1020 4118 1152 4190 χαρίζεται
1164 4117 1207 4186 (ut
1218 4118 1248 4186 9)
1262 4113 1300 4167 H.
1394 4128 1434 4194 ιο.
1451 4112 1495 4164 ε’λ·

303 4183 379 4278 πίδο]
393 4187 479 4255 pergit
490 4186 532 4239 καί
544 4186 669 4253 σωμάτων
680 4185 823 4242 ἀνάστασιν
836 4188 894 4257 (12)
910 4187 947 4242 H.
1200 4203 1241 4256 13.
1258 4181 1332 4252 βίον]
1345 4182 1420 4236 adtht
1431 4182 1496 4236 τίνες

304 4253 411 4325 σύνορα
427 4255 656 4323 λοιπδνάμείνονς,
668 4257 692 4308 οί
709 4257 756 4324 την
772 4260 819 4311 τοῦ
836 4257 946 4313 θανάτου
959 4259 1031 4327 δίκην
1048 4261 1102 4314 τοῖς
1118 4256 1254 4311 πταίουσιν
1271 4253 1438 4324 ἐπιφέροντες
1455 4251 1496 4305 καί

304 4327 360 4416 ταῖς
377 4325 440 4378 κατὰ
457 4328 535 4394 νόμον
544 4325 694 4394 άποτορίοις
708 4327 841 4418 ὑπηρετεῖν
855 4328 1012 4400 τεταγμένοι,
1026 4328 1040 4396 ἢ
1052 4330 1154 4397 μᾶλλον
1164 4327 1190 4379 οί
1202 4327 1266 4394 ζωῆς
1277 4323 1383 4394 κήρυκες
1394 4323 1434 4377 καί
1451 4323 1495 4446 'ff

304 4394 401 4449 ονωθεν
416 4394 570 4464 ᾗμιράτητος
587 4399 641 4452 τοῖς
657 4396 717 4466 παρ’
733 4402 818 4452 ουτῶν
833 4397 1092 4471 μυστογωγουμίνοις
1104 4398 1279 4452 διακονοῦντες
1292 4398 1338 4465 τὴν
1352 4395 1438 4464 χάριν.
1486 4430 1494 4445 ·

308 4481 348 4531 14.
369 4462 430 4519 Hoc
442 4465 563 4521 scholion
574 4466 652 4522 nobis
665 4467 816 4538 suppeditat
830 4469 867 4522 H.
