3280 5142
125 341 193 406 xix.
203 342 279 428 5‚6.
393 342 452 409 IN
482 342 797 409 S.JOANNEM.
844 341 1045 409 LIB.XII.
1287 341 1330 406 63

124 505 217 610 ὅπερ
244 504 290 588 ἀν
316 507 416 607 ἴσως,
444 514 474 588 εί
499 507 708 611 ἐπενήνεκτο
734 514 787 618 τῷ
815 511 958 611 Σωτῆρι
975 507 1140 615 Χριστῷ,
1160 505 1330 607 κατακρί-

125 631 259 711 νεσθαί
282 665 321 712 τε
350 634 492 717 δικαίως
521 635 630 715 ἐποίει
660 636 824 717 καὶτοῖς
853 632 937 736 παρ’
965 633 1075 712 αὐτοῦ
1102 630 1331 732 κατηγορίαις

124 754 266 860 ἔνοχον.
305 756 414 859 όνπερ
433 759 496 837 οὖν
514 756 649 861 τρόπον
667 760 705 839 ἐν
724 755 847 857 Ἀδάμ
865 756 957 856 όλην
975 757 1012 836 ἐν
1031 756 1081 835 ἑνὶ
1100 751 1167 854 τὴν
1185 751 1326 855 ἀνθρά-

123 913 198 959 που
221 881 378 980 νενίκηκε
400 881 529 986 φύσιν,
550 881 759 990 κατάφορον
782 880 971 984 ἁμαρτίαις·
993 879 1184 986 ἀποδείξας
1207 875 1329 978 αὐτὴν,

94 1005 221 1095 ςοῦτω
251 1005 405 1085 κάνθάδε
432 1006 609 1107 νενίκηται
633 1009 717 1110 παρ’
747 1007 867 1106 αὐτῆς.
911 1005 1100 1108 ἅνθρωπος
1127 1001 1199 1106 γάρ
1227 1000 1272 1102 ἦν
1300 1005 1329 1082 εί

125 1131 185 1208 καὶ
216 1127 329 1234 φάσει
348 1128 442 1213 Θεὸς
469 1131 490 1210 ὁ
517 1129 567 1230 μὴ
597 1127 761 1236 ἐσχηκὼς
785 1128 975 1234 ἁμαρτίαν,
997 1132 1057 1208 καὶ
1086 1125 1212 1230 ὥσπερ
1239 1126 1262 1226 ἡ
1289 1127 1329 1207 ἐκ

125 1259 193 1331 τοῦ
218 1257 427 1355 παραβῆναι
454 1252 664 1357 κατάκρισις
692 1256 734 1334 δι’
756 1251 834 1338 ἑνός
851 1259 900 1338 εὶς
927 1251 1066 1337 πάντας
1090 1259 1156 1332 τοῦ
1184 1250 1330 1353 πρώτον

126 1373 353 1474 τετέλεσται,
374 1375 466 1458 κατά
489 1376 554 1458 τόν
578 1378 661 1459 ίσον
686 1377 730 1478 δὴ
753 1375 889 1481 τρόπον
908 1377 931 1477 ἡ
956 1377 995 1456 ἐκ
1014 1383 1078 1456 τοῦ
1100 1378 1329 1473 δικαιωθῆναι

125 1500 296 1604 Χριστὸν
316 1500 462 1602 εὐλογία
489 1504 532 1582 δι’
553 1503 631 1586 ἑνός
657 1510 721 1583 τοῦ
749 1502 912 1606 δευτέρου
935 1498 1026 1604 πρός
1052 1496 1191 1582 πάντας
1215 1498 1325 1577 ἐκτεί-

80 1660 114 1702 ιο
127 1655 234 1704 νεται.
266 1625 325 1703 καὶ
344 1624 473 1706 τούτου
491 1623 628 1729 μάρτυς
646 1627 667 1706 ό
688 1631 838 1711 Παῦλος
855 1623 975 1727 λέγων
992 1633 1014 1670 “
1027 1620 1176 1724 Ὥσπερ
1193 1618 1264 1725 γάρ
1283 1624 1326 1703 δι’
1378 1694 1416 1742 18.
1443 1665 1449 1679 ·
1477 1663 1484 1678 ·

127 1754 149 1792 “
167 1745 247 1830 ἑνὸς
274 1751 322 1830 είς
348 1745 487 1834 πάντας
510 1747 720 1854 ἀνθρώπους
748 1755 797 1835 εἰς
824 1744 1035 1851 κατάκριμα,
1065 1749 1159 1827 οὕτω
1187 1747 1231 1826 δι’
1250 1745 1328 1832 ἑνός
1341 1763 1497 1821 αιοασλ.

127 1879 148 1916 “
167 1875 217 1956 είς
243 1868 382 1956 πάντας
410 1871 619 1975 ἀνθρώπους
647 1878 696 1957 εἰς
718 1873 905 1952 δικαίωσιν
923 1870 1042 1974 ζωής.”
1077 1872 1205 1951 οὐκοῦν
1224 1905 1326 1951 νενο-

126 1992 291 2093 σήκαμεν
309 1993 369 2074 διά
391 1994 457 2095 μὲν
474 1995 595 2095 Ἀδάμ
620 2005 684 2077 τοῦ
704 1997 850 2099 πριότου
876 1993 942 2096 τήν
962 1993 1149 2098 παρακοήν
1176 1997 1235 2074 καὶ
1263 1992 1329 2095 τὴν

127 2117 260 2218 ἐκείνης
287 2116 391 2221 ἀράν,
422 2118 723 2220 πεπλουτήκαμεν
748 2117 787 2200 δὲ
815 2119 874 2200 διά
904 2154 948 2221 γε
978 2127 1043 2200 τοῦ
1074 2116 1235 2220 δευτέρου
1263 2116 1330 2217 τὴν

83 2267 115 2326 ¹⁵
128 2240 289 2342 ὑπακοὴν
321 2245 381 2322 καὶ
415 2241 482 2344 τὴν
514 2243 558 2351 ἐξ
592 2246 701 2343 αἶα-ἦς
733 2246 915 2346 εὐλογίαν.
965 2245 985 2324 ό
1015 2243 1087 2348 γὰρ
1116 2253 1181 2325 τοῦ
1219 2242 1330 2342 νόμον

128 2365 263 2468 Κύρων
284 2369 333 2450 ὡς
352 2365 457 2466 Θεὸς,
476 2367 604 2470 γε’γονε
631 2369 714 2468 μεθ’
740 2369 841 2468 ἡμῶν
862 2368 1083 2476 νομοφύλαξ
1108 2371 1157 2453 ὡς
1185 2369 1326 2471 ἀνθρω-

126 2521 207 2573 πος.
250 2492 310 2570 καὶ
333 2499 422 2592 γοῦν
445 2490 643 2597 εὑρήσομεν
661 2491 818 2596 λε’γοντα
842 2493 933 2596 πρὸς
951 2493 1044 2593 ἡμᾶς
1069 2503 1091 2540 “
1108 2494 1158 2573 ‘O
1177 2493 1330 2594 ἀγαπῶν
1376 2491 1502 2570 ⁰.f·⁸¹¹P‘⁸

1375 2573 1426 2608 nv.
1442 2571 1481 2620 ²³·

128 2621 152 2661 “
169 2647 216 2711 με
238 2613 304 2698 τάς
327 2614 477 2700 ε’ντολάς
501 2649 571 2714 μου
589 2613 750 2720 τηρήσει,
770 2614 889 2701 καθάις
908 2613 980 2718 ἐγὼ
997 2613 1062 2700 τάς
1089 2612 1238 2699 ἐντολάς
1265 2621 1330 2694 τοῦ
1374 2623 1467 2738 {31³ss-

128 2747 151 2784 ‘⁶
171 2735 318 2841 Πατρός
349 2772 419 2837 μου
449 2739 627 2843 τετήρηκα
657 2743 716 2821 καὶ
743 2740 838 2841 με’νω
870 2741 979 2820 αὑτοῦ
1015 2741 1054 2820 ἐν
1085 2744 1131 2845 τῇ
1168 2736 1327 2844 ἀγάττῃ.”

79 2892 115 2934 ²0
126 2861 244 2955 βλέπε
263 2859 335 2965 γάρ
352 2860 450 2947 ὅπως
468 2863 675 2944 ἐντέταλται
693 2862 759 2964 μὲν
777 2864 861 2963 ἡμῖν
880 2867 928 2949 ὦς
946 2861 1139 2965 νομοθέτης
1157 2864 1216 2944 καὶ
1235 2857 1330 2945 Θεδς

126 2983 192 3068 τάς
227 2985 337 3065 αὑτοῦ
371 2992 492 3089 τηρεῖν
521 2985 680 3086 ἐντολάς,
713 2990 761 3072 ὡς
790 2986 829 3069 δὲ
858 2988 940 3086 μεθ’
974 2988 1076 3088 ήμῶν
1112 2984 1364 3094 νομοφύλαξι)

126 3112 285 3212 τηρῆσαι
303 3109 555 3215 διισχυρίζεται
572 3114 631 3191 καὶ
649 3107 757 3196 αι’πδς
774 3108 841 3212 τὴν
861 3119 925 3192 τοῦ
944 3112 1033 3192 ἰδίου
1052 3108 1209 3215 Πατρός.

124 3353 284 3423 Ἐξῆλθεν
315 3349 372 3420 οὖν
401 3355 420 3423 ὁ
450 3355 577 3423 Ἰασοῦς
611 3357 689 3438 ἔξω,
720 3357 835 3447 φορῶν
867 3355 923 3424 τόν
955 3356 1131 3422 ἀκάνθινον
1163 3354 1360 3441 στέφανονε

179 3477 233 3545 καί
260 3478 298 3547 τό
324 3485 515 3569 πορφυροῦν
543 3479 680 3564 ἱμάτιον,
708 3482 762 3548 καί
788 3482 877 3555 λε’τει
904 3476 1014 3549 αὐτοῖς
1040 3479 1127 3546 Ἰδοὺ
1154 3481 1173 3548 ὁ
1199 3479 1328 3569 ἀνθρω-

77 3621 112 3684 ι5
177 3627 252 3672 noc.
286 3607 343 3672 ὅτι·
370 3600 427 3671 οὖν
454 3599 543 3674 εἶδον
570 3608 670 3675 αὐτόν
698 3604 728 3674 οἱ
756 3603 919 3698 ἀρχιερεῖς
945 3605 999 3672 καὶ
1025 3603 1056 3672 οἶ
1078 3607 1248 3694 ὑπιιρὲται,
1274 3606 1362 3670 ἐκ-6

179 3731 345 3821 ραὺταοαν
372 3731 523 3807 λίτουτεο
549 3733 748 3824 Σταύρωσον
776 3735 978 3822 σταύρωσον.

180 3900 366 4009 Ἐπέδειξε
389 3899 456 4001 μὲν
474 3903 627 3988 ἀνοσίιος
652 3903 924 4010 κατηκισμείιον,
942 3905 1001 3983 καὶ
1026 3909 1100 3988 τοῖς
1117 3909 1192 3984 τῶν
1209 3935 1323 4005 στρα·

124 4032 265 4108 τιωτῶν
291 4025 538 4129 ἐμπαίγμασιν
566 4025 757 4132 ἀφορήτως
783 4025 1044 4133 ἐξυβρισμένον
1068 4025 1133 4108 τὸν
1159 4022 1360 4111 ἀπάντωνι

126 4149 275 4255 Κύριον,
289 4149 678 4255 κατακορεσθήσεσθαί
692 4185 769 4236 πως
787 4154 846 4231 καὶ
869 4149 1087 4256 καταλήξειν
1100 4149 1168 4251 ἤδη
1181 4147 1331 4230 πιστεύ-

71 4307 198 4364 3οσας
224 4273 290 4356 τόν
317 4274 474 4380 ἄκρατον
500 4281 574 4357 τῶν
591 4276 774 4357 Ἰουδαίων
796 4272 910 4373 θυμόν
941 4276 1000 4354 καὶ
1027 4272 1100 4353 ἀπὸ
1127 4270 1239 4375 μόνης
1266 4277 1332 4375 τῆς

162 4522 226 4582 7-9.
243 4509 291 4564 τοῦ
301 4509 506 4592 πρίων-πρός
516 4511 614 4568 πάντας
626 4518 795 4568 accesserunt
806 4527 839 4564 ex
852 4508 885 4564 Ε.
954 4524 996 4564 11.
1015 4507 1072 4565 ίνδς
1083 4505 1171 4580 ptius]
1184 4514 1213 4574 ÷
1227 4529 1330 4580 παραπ-

124 4577 406 4652 τύματοςΕδ.ιιιτιιο
419 4579 452 4636 Ε.
597 4597 638 4640 ις.
655 4581 693 4648 εἷς
703 4582 800 4640 πάντας
811 4579 962 4652 ἀνθρώπους
973 4588 1189 4653 mumptumex
1203 4579 1237 4637 Ε.
