3294 5150
320 335 385 400 306
495 335 533 401 B.
556 335 743 402 CYRILLI
770 333 1032 400 ALEXANDR.
1058 331 1339 398 FRAGMENTA
1398 351 1450 392 xv.
1465 327 1516 394 28.

232 432 271 485 Μ.

152 429 295 596 υλίιίινιί.
322 509 434 600 λητον
464 507 516 609 τῷ
543 503 621 609 Υἰῷ
648 499 691 581 τό
724 511 744 546 “
757 497 826 580 ὑπό
857 496 939 582 τοὺς
968 495 1082 581 πόδας
1113 498 1222 578 αὐτοῦ
1252 499 1394 594 τεθῆναι
1429 489 1512 572 τοὺς

156 611 194 661 ²⁵¹
321 632 344 670 “
357 623 505 727 ἐχθροὺς
523 621 663 722 αὖτοῦ,”
683 623 717 704 εἰ
731 657 772 725 γε
792 631 855 702 νῦν
871 623 937 722 μὲν
950 619 1210 720 συμβασιλεόει
1224 623 1275 728 τῷ
1289 621 1419 720 Πατρὶ,
1433 613 1513 696 τότε

152 743 285 873 ἓξὲξ,
321 745 360 826 δὲ
386 751 449 846 τῆς
477 747 667 841 βασιλείας
694 747 864 827 ἐκπίπτει.
901 745 996 843 ὅμως
1021 745 1087 824 κᾶν
1115 744 1359 825 ὑποτάσσεται
1387 737 1514 822 όΥἰδς

153 889 207 938 ’(Ν·
320 875 372 976 τῷ
391 873 510 971 Πατρί
537 871 579 948 οὐ
603 869 694 950 κατὰ
721 878 827 949 τοῦτο
855 870 971 969 ἥττων
992 870 1070 948 ε’στί
1098 876 1162 948 τοῦ
1182 866 1336 971 Πατρός·
1371 863 1415 945 τό
1443 861 1514 965 γάρ

320 997 384 1091 τῆς
415 995 596 1094 ὑποταγῆς
629 998 759 1098 χρῆμα,
791 995 832 1072 οὐ
865 991 1010 1097 φύσεως
1043 995 1102 1070 καί
1133 992 1258 1076 οὐσίας
1291 991 1372 1094 ὄρος
1403 991 1547 1095 ε’στὶν,5

319 1115 419 1195 ἀλλὰ
450 1116 663 1218 πράγματος
699 1116 909 1222 ι’κιτεμφαίνει
941 1115 1087 1217 τρόπον.
1129 1121 1158 1194 εἰ
1190 1116 1328 1215 γε’νοιτο
1364 1117 1422 1192 καὶ
1457 1112 1513 1216 ἐφ’

318 1240 420 1339 ἡμῶν
442 1241 509 1345 οὐχ
527 1241 767 1342 ἑτεροουσίους
794 1237 900 1321 ὄντας
927 1237 1105 1336 ἀλλήλοις
1132 1239 1335 1344 ἀποφαίνει·
1374 1235 1512 1328 πόθεν;

320 1360 551 1443 ὑποτάττεται
588 1359 661 1464 γάρ
696 1363 804 1464 πατρί
840 1360 906 1460 μὲν
938 1363 958 1440 ὁ
989 1359 1073 1456 υἰδς,
1104 1361 1264 1466 δεσπότῃ
1298 1359 1335 1439 δὲ
1374 1362 1513 1454 δοῦλος,

319 1484 528 1593 διδασκάλῳ
557 1484 594 1565 δὲ
622 1484 794 1585 μαθητὴς,
813 1483 996 1591 ἡγουμένῳ
1015 1483 1060 1562 δέ
1079 1517 1133 1566 τις
1160 1490 1232 1564 τῶν
1249 1481 1318 1562 ὑπὸ
1336 1490 1438 1587 χεῖρα
1456 1486 1514 1561 καὶ

319 1608 593 1711 ὑπεζευγμείιων.
626 1610 710 1688 ἀλλ’
741 1603 842 1687 οὐδὲν
874 1609 912 1686 ἐν
939 1606 1076 1690 τούτοις
1105 1608 1125 1686 ό
1149 1610 1213 1706 τῆς
1238 1604 1513 1706 ὁμοουσιότητος
1528 1633 1567 1673 ¹0

318 1734 486 1809 ἀδικεῖται
510 1731 632 1832 λόγος·
667 1733 737 1810 εἰσί
761 1729 833 1832 γάρ
854 1729 1032 1829 ἀλλήλοις
1056 1731 1233 1828 ὁμοειδεῖς,
1252 1726 1319 1808 κᾶν
1336 1735 1365 1806 εἰ
1387 1737 1514 1808 τοῦτον

319 1853 432 1956 ἔχοιεν
458 1851 521 1933 τὸν
543 1853 687 1956 τρόπον,
707 1852 856 1936 ε’ίκοντές
884 1887 921 1932 τε
950 1849 1126 1952 ἀλλήλοις
1154 1855 1212 1932 καί
1240 1849 1514 1948 ὑπσταττόμενοι

909 1975 920 2004 λ
975 1972 987 2001 λ
1059 1974 1069 2001 Ι

318 1976 437 2056 καὶτὸ
461 1975 512 2074 μὴ
535 1979 598 2057 οὐκ
616 1974 841 2078 ἀτιμάζοντες
867 1980 925 2055 δια
950 2009 994 2054 το
1018 1982 1216 2082 συμφερον.
1246 1976 1289 2055 τὸ
1313 1975 1431 2055 τοίνυν
1456 1980 1513 2054 καὶ

317 2099 374 2202 ἐφ’
392 2100 493 2198 ἡμῶν
511 2102 688 2179 άσθενοῦν
708 2106 786 2183 πῶς
808 2101 866 2180 ε’πί
885 2104 981 2178 Θεοῦ
1003 2100 1238 2202 κρατύνουσιν
1255 2133 1265 2197 ;
1294 2103 1323 2178 εἰ
1347 2098 1419 2200 γὰρ
1438 2097 1510 2202 φό-

318 2254 411 2305 σειυς
425 2222 556 2321 ἰδιότης
569 2221 646 2322 ἤτοι
659 2223 789 2325 με’τρον
803 2219 896 2302 καθά
915 2228 1011 2327 φασι
1028 2220 1069 2302 τό
1086 2221 1350 2303 ότοτάττεσθαί
1365 2224 1443 2300 ε’στι
1461 2223 1513 2327 τῷ
1528 2245 1567 2303 15

318 2345 411 2450 Υἰῷ,
432 2342 474 2423 τό
490 2341 541 2444 μὴ
560 2343 823 2425 ὑποτάττεσθαι
842 2345 988 2450 φύσεως
1006 2343 1125 2445 ε’τέρας
1143 2341 1274 2442 ἰδιότης
1290 2346 1389 2425 ε’στίν
1407 2346 1513 2452 αὐτῷ,

317 2464 412 2570 τάχα
438 2501 509 2547 που
536 2467 579 2547 τὸ
606 2467 750 2565 ἄμεινον
776 2466 861 2571 παρ’
881 2468 1015 2567 ε’κείνην
1033 2468 1200 2572 ἐχούσης,
1223 2469 1320 2572 εἰπερ
1348 2471 1450 2548 ἐστὶν
1475 2470 1514 2546 ἐν

317 2590 502 2688 μείοσινὴ
529 2588 703 2692 ὑποταγή·
740 2595 967 2688 οἰκονομικῶς
992 2589 1065 2692 γὰρ
1084 2590 1316 2670 ὑποτάττεται
1342 2592 1385 2670 δι’
1406 2592 1511 2689 ἡμᾶς.

318 2711 339 2789 ό
373 2710 411 2791 δὲ
448 2720 520 2793 τῶν
551 2716 669 2817 ῥητῶν
700 2716 824 2797 οὕτως·
870 2712 988 2812 ἐπειδὴ
1021 2713 1042 2791 ό
1079 2713 1265 2817 ἅνθρωπος
1302 2712 1515 2818 ἁμαρτήσας

318 2834 463 2936 γε’γονεν
483 2835 550 2916 ὑπὸ
569 2836 712 2942 φθορὰν
729 2841 787 2917 καὶ
808 2836 876 2918 ὑπὸ
894 2845 958 2917 τοῦ
976 2837 1151 2932 διαβόλου
1169 2842 1227 2918 καὶ
1245 2845 1318 2918 τῶν
1337 2835 1514 2935 δαιμόνων
1527 2863 1571 2904 ²0

318 2957 483 3041 ἀποστὰς
500 2966 565 3037 τοῦ
584 2958 694 3064 φύσει
714 2965 820 3056 θεοῦ,
836 2961 960 3063 γε’γονε
979 2963 1022 3041 δι’
1038 2962 1130 3060 ἡμᾶς
1149 2961 1335 3064 ἅνθρωπος
1354 2961 1374 3040 ό
1390 2966 1514 3040 Μονο-

319 3081 424 3181 γενὴς
442 3084 500 3159 καὶ
525 3080 724 3182 κατήργηκε
748 3092 813 3163 τοῦ
831 3083 985 3164 θανάτου
1004 3085 1046 3166 τὸ
1073 3083 1216 3188 κράτος,
1237 3085 1341 3191 ε’ξῆρε
1365 3087 1423 3164 καί
1447 3081 1513 3184 τὴν

320 3210 385 3281 τοῦ
406 3202 562 3282 θανάτου
585 3204 683 3306 ῥίζαν
709 3203 776 3304 τὴν
797 3206 983 3310 ἁμαρτίαν,
1007 3208 1158 3314 ἐξέβαλε
1184 3207 1246 3287 τὸν
1268 3208 1425 3313 ἄρχοντα
1449 3215 1513 3288 τοῦ

321 3327 447 3406 αἰῶνος
471 3325 611 3406 τούτου.
652 3337 764 3409 ταῦτα
793 3328 831 3409 δὲ
861 3330 980 3410 πάντα
1011 3331 1213 3434 πεποιηκὼς
1242 3333 1300 3413 καὶ
1329 3336 1391 3431 τῆς
1424 3330 1513 3430 ὅλης

320 3447 520 3546 οἰκονομίας
540 3453 897 3554 συμπεπεροσμένης,
915 3459 1142 3558 παραδίδωσι
1164 3457 1327 3536 τουτέστι
1347 3487 1509 3558 προσκο-
1526 3475 1569 3535 25

319 3570 417 3667 μίσει
450 3572 502 3678 τῷ
534 3576 651 3676 Πατρί
683 3573 750 3674 τὴν
782 3578 976 3666 βασιλείαν
1006 3577 1072 3678 τὴν
1100 3577 1369 3682 διηρπασμένην
1397 3575 1513 3657 πάλαι

319 3695 378 3770 καὶ
405 3693 464 3798 ὑφ’
484 3693 613 3796 ἕτεροις
640 3698 886 3798 γεγενημένην,
904 3699 946 3780 τὸ
969 3700 1254 3808 κατεξουσιάζειν
1271 3699 1416 3781 πάντων
1440 3705 1514 3779 τῶν

318 3815 376 3894 ε’πὶ
405 3821 472 3916 γῆς
499 3818 805 3920 ἀποκαταστήσας
836 3825 942 3931 αὐτῷ,
972 3826 1239 3928 κατηργημένου
1268 3833 1331 3904 τοῦ
1358 3820 1514 3903 θανάτου

319 3939 376 4016 καί
405 3947 468 4018 τοῦ
496 3939 782 4042 τυραννήσαντος
810 3947 886 4025 κατ’
916 3948 1033 4026 αὐτῶν
1067 3954 1219 4046 σατανᾶ,
1248 3947 1319 4054 ἕξει
1350 3945 1463 4026 πάλιν
1492 3949 1513 4026 ό

318 4059 405 4144 Υἱὸς
427 4065 485 4141 καί
509 4069 557 4146 εἰς
581 4063 643 4144 τὸν
660 4066 844 4166 μέλλοντα
863 4075 974 4149 αἰῶνα
993 4075 1055 4168 τῆς
1074 4067 1165 4149 κατὰ
1183 4070 1329 4150 πάντων
1346 4069 1514 4178 ἐξουσίας
1527 4107 1570 4163 30

317 4181 383 4281 τὴν
403 4185 593 4290 ὑπεροχήν.

356 4411 396 4449 11.
416 4399 531 4466 ὁμοειδής
545 4398 612 4454 cod.
744 4421 785 4474 13.
804 4407 844 4459 καὶ
857 4407 886 4461 τὸ
897 4406 932 4476 μὴ
945 4407 1004 4479 οὐκ]
1019 4408 1060 4462 lta
1073 4407 1141 4462 cod.
1154 4408 1299 4479 legendum
1311 4418 1341 4464 ut
1353 4407 1459 4464 videtur
1471 4411 1514 4464 καὶ

319 4463 495 4546 τδμεῐονούκ.
587 4485 630 4536 25.
649 4475 810 4542 παραδίδωσι
823 4477 943 4532 τουτέστι
955 4477 1141 4548 προσκομίσει]
1158 4479 1198 4532 lta
1212 4479 1280 4534 Cod.
1371 4479 1413 4534 26.
1431 4480 1515 4535 πάλαι

319 4531 464 4587 emendam.
475 4537 554 4591 πάλιν
567 4537 634 4593 cod.
