3244 5146
312 329 377 406 55'6
636 341 676 406 B.
699 341 888 408 CYRILLI
913 339 1176 406 ALEXANDR.

314 507 372 585 καὶ
396 510 444 589 εἰς
468 513 574 587 τοῦτο
592 505 761 611 παρήχθη
779 504 879 609 παρὰ
898 510 1007 601 Θεοῦ,
1025 503 1092 606 τὴν
1111 505 1218 585 αὐτοῦ
1236 508 1413 610 φοροῦσα
1431 501 1526 602 μόρ-

314 632 436 734 φωσιν
468 631 527 708 καί
558 633 622 728 τῆς
654 628 875 732 ἀγαθότητος
906 628 1036 710 εἰκόνα.
1085 630 1145 709 καί
1176 625 1248 730 γόιρ
1277 624 1322 728 ἦν
1357 624 1469 726 ἅγιος
1504 627 1525 704 6

280 757 456 853 ἀπρῶτος
474 755 536 851 τῆς
561 752 752 855 ἀνθρώπου
769 753 858 855 ζωῆς
875 749 1015 858 χρόνος·
1050 748 1374 852 παρεισβαλούοης
1394 747 1438 828 δὲ
1457 753 1525 846 τῆς

314 873 500 975 ἁμαρτίας,
520 878 554 953 οἰ
580 879 645 974 τῆς
666 872 755 979 πρὸς
775 873 870 956 Θεὸν
892 875 1096 976 ὁμοιώσεως
1121 876 1342 980 χαρακτῆρες
1369 873 1441 952 ούκ
1469 871 1523 950 ἔτι

316 1000 476 1098 λαμπροί
503 996 744 1097 μεμενήκασιν
761 999 800 1078 ἐν
818 999 915 1099 ἡμῖν.
956 996 1077 1097 ἐπειδὴ
1102 995 1140 1080 δὲ
1158 998 1306 1101 γέγονεν
1324 995 1551 1098 ἅνθρινιτος5

314 1121 335 1198 6
367 1119 578 1224 Μονογενής
606 1130 670 1201 τοῦ
707 1127 803 1202 Θεοῦ
840 1119 974 1224 Λόγος,
1006 1121 1093 1224 ἁγία
1121 1120 1234 1203 πόλιν
1265 1119 1289 1220 ή
1320 1119 1522 1222 ἀνθρώπου

313 1243 461 1346 γέγονεν
501 1243 623 1350 φύσις,
654 1244 954 1350 ἀναμορφονμένη
986 1240 1077 1349 πρός
1113 1242 1222 1325 αὐτὸν
1254 1241 1298 1323 δι’
1328 1243 1521 1344 ἁγιασμοῦ

315 1371 372 1446 καί
402 1369 637 1467 δικαιοσύνης.
680 1370 773 1448 οὕτω
794 1402 865 1450 που
890 1371 1007 1474 φησὶν
1028 1369 1048 1447 6
1071 1364 1264 1471 πόνσοφος
1284 1371 1438 1449 Παῦλος
1463 1364 1521 1444 ὅτι

149 1509 270 1560 τῦοτόῑὶ·
315 1500 338 1537 “
355 1491 483 1589 Ἡμεῖς
514 1487 552 1570 δὲ
579 1491 710 1574 πάντες
737 1491 1062 1597 ἀνακεκαλυμμένῳ
1090 1490 1278 1598 προσώπῳ
1306 1487 1373 1590 τήν
1403 1487 1521 1595 δόξαν

150 1575 188 1628 ¹8'
315 1623 337 1660 ‘⁶
358 1614 493 1716 Κυρίου
525 1612 846 1717 κατοπτριζόμενοι,
875 1611 942 1712 τὴν
974 1613 1084 1713 αῦτήν
1114 1612 1231 1693 εἰκόνα
1260 1609 1517 1718 μεταμορφού·
1537 1651 1573 1690 10

285 1746 337 1816 e“
355 1743 447 1834 μεθα
465 1738 537 1817 ἀπὸ
557 1734 664 1844 δόξης
683 1742 731 1821 εἰς
750 1736 874 1842 δόξαν,
890 1734 1051 1839 καθάπερ
1069 1733 1141 1816 ἀπὸ
1160 1738 1281 1840 κυρίου
1298 1735 1518 1833 πνεύματος.

148 1885 185 1934 1b.
198 1897 234 1950 ¹⁷·
316 1869 337 1906 “
355 1860 374 1938 6
394 1859 431 1937 δὲ
457 1857 576 1959 κύριος
593 1857 635 1939 τό
660 1861 804 1958 πνεῦμοί
822 1860 959 1940 ἐστιν.”
994 1863 1121 1940 ούκοῦν
1139 1860 1336 1944 ἀνανέωσις
1359 1863 1418 1940 καί
1440 1857 1522 1940 οἷον

315 1982 556 2081 ἀναπλασμὸς
576 1985 619 2088 τῇ
637 1983 828 2086 ἀνθρώπου
847 1982 957 2089 φύσει
976 1982 1123 2085 γέγονεν
1142 1987 1180 2062 έν
1198 1988 1363 2090 Χριστῷ,
1381 1986 1520 2088 καταῤ-

315 2105 566 2209 ρυθμιζομένης
584 2107 685 2206 ἡμῶν
703 2110 767 2207 τῆς
790 2105 927 2210 σαρκός
952 2113 1001 2190 εἰς
1019 2106 1127 2207 ἁγίαν
1145 2104 1237 2206 ζωήν
1254 2110 1292 2186 ἐν
1312 2106 1516 2206 Πνεῦματι.

148 2236 237 2287 ΕΜ·
315 2235 345 2310 εἰ
373 2229 411 2310 δὲ
438 2231 510 2338 ἔφη
537 2265 609 2312 που
636 2228 678 2312 τό
707 2227 801 2333 ἱερὸν
828 2229 990 2332 γράμμα,
1009 2229 1065 2309 ὅτι
1088 2232 1280 2329 πεποίηκεν
1299 2231 1320 2330 6
1339 2229 1433 2314 Θεὸς
1453 2229 1570 2311 r6v15

149 2315 188 2364 ²7’
325 2353 343 2382 ν
591 2356 600 2381 ι
640 2359 649 2384 ²
682 2353 691 2378 ι
763 2354 772 2379 ς
864 2361 880 2380 a
984 2354 994 2384 ι
1123 2351 1133 2380 κ
1183 2351 1193 2378 ι
1301 2353 1346 2378 ει
1405 2353 1416 2381 ι

147 2375 210 2432 878
225 2372 265 2430 Δ.
285 2360 509 2457 οανθρωπονΙ
525 2388 593 2434 κατ
621 2387 737 2434 εικονα
755 2386 891 2453 εαυτου,
904 2387 1076 2456 σεσιγηκε
1096 2354 1133 2431 δε
1151 2387 1194 2432 το
1215 2358 1299 2432 Κοθ
1330 2387 1519 2452 ομοιωσιν,

315 2479 482 2577 ἐννοῆσαι
510 2476 579 2581 χρὴ
608 2475 662 2558 ὅτι
689 2475 849 2580 ἠρκέσθη
877 2475 919 2557 τό
938 2474 1028 2556 Κατ’
1052 2473 1170 2556 εἰκόνα
1199 2481 1317 2574 εἰπεῖν,
1337 2479 1386 2561 ὡς
1415 2474 1521 2556 οὐδέν

315 2601 435 2702 ἕτερον
449 2603 644 2700 δηλοῦντος
661 2607 724 2681 τοῦ
742 2601 827 2680 καθ’
849 2602 1035 2699 ὁμοίωσιν.
1065 2598 1231 2701 περιττόν
1250 2598 1322 2700 γοίρ
1334 2597 1377 2678 τό
1395 2599 1521 2702 λέγειν

315 2721 370 2802 ὅτι
389 2731 492 2803 τοῦτο
513 2721 596 2821 ήμΐν
614 2721 801 2825 τετήρηται
819 2729 869 2807 εἰς
887 2729 998 2803 αἰῶνα
1020 2721 1085 2802 τόν
1102 2720 1295 2821 μέλλοντα.
1325 2726 1421 2802 Θεοῦ
1443 2723 1519 2826 γῦρ

316 2844 477 2929 εἰπόντος
503 2845 556 2926 ότι
578 2845 796 2945 Ποιήσωμεν
820 2846 1011 2949 ἄνθρωπον
1032 2847 1105 2925 κατ’
1126 2844 1243 2926 εἰκόνα
1264 2843 1438 2948 ἡμετέραν
1458 2850 1519 2925 καί
1535 2867 1570 2906 ²⁰

316 2970 396 3047 καθ’
430 2969 612 3067 ὁμοίωσιν,
644 2968 697 3053 τίς
730 2969 749 3048 ό
778 2967 889 3076 φάναι
921 2975 1067 3066 τολμῶν
1100 2967 1153 3048 ότι
1183 2969 1309 3071 γέγονε
1338 2967 1405 3068 μέν
1435 2969 1519 3050 κατ’

231 3133 234 3142 ·
316 3089 443 3187 εἰκόνα,
471 3092 512 3170 ού
538 3091 609 3189 μήν
636 3092 686 3172 ἔτι
715 3094 796 3172 καθ’
820 3092 1018 3189 όμοίωσιν;
1059 3090 1173 3189 ὅμοιοι
1204 3091 1242 3172 δὲ
1275 3092 1433 3190 ἐσόμεθα
1464 3098 1519 3198 τῷ

316 3215 469 3318 Χριστῷ
497 3212 588 3293 κατά
615 3249 656 3316 γε
674 3214 740 3314 τὴν
758 3213 983 3321 ἀφθαρσίαν,
1006 3217 1064 3294 καί
1091 3214 1133 3295 τό
1160 3214 1319 3296 ἐπέκεινα
1345 3213 1519 3317 γενέσθω

283 3333 483 3432 ἰιθανάτου,
501 3339 558 3414 καί
586 3334 658 3435 μὴν
676 3340 734 3416 καὶ
762 3337 853 3417 κατοί
874 3335 940 3437 τὴν
958 3337 1070 3444 δόξαν
1087 3335 1132 3438 ἣν
1151 3335 1197 3417 ἂν
1214 3339 1298 3437 ἡμῖν
1315 3337 1421 3422 αύτός
1441 3373 1515 3444 χα-

321 3455 475 3559 ρίσαιτο.
515 3455 647 3562 γράφει
671 3457 743 3562 γὰρ
756 3457 909 3540 πάλινό
935 3460 1143 3546 ἀπόστολος
1163 3463 1313 3545 Παῦλος
1336 3459 1424 3542 ποτὲ
1450 3461 1518 3562 μὲν
1535 3485 1571 3544 ²5

317 3714 518 3856 ...iffiz'ffffff
537 3717 607 3842 622⁶
623 3716 946 3860 fssfissfssssffss‘ssffia
988 3719 1035 3788 τὴν
1054 3719 1133 3774 Μ
1154 3719 1519 3860 Amww‘tssffi

318 3855 369 3909 hoc
382 3855 475 3910 ordine
488 3809 539 3911 Αἰο
603 3810 623 3857 μ
638 3810 653 3858 ρ
706 3875 732 3928 3.
750 3861 795 3926 τῆς
807 3859 942 3928 ἀνθρώπου
954 3861 1018 3928 ζωῆς
1029 3861 1122 3930 χρόνος
1133 3859 1184 3914 hoc
1197 3813 1290 3914 όίίίἰαε
1301 3858 1335 3912 A.
1346 3811 1443 3927 mutos
1455 3869 1519 3913 αοιε

318 3928 364 3993 τῆς
376 3929 527 3996 transponit
541 3927 591 3982 Ed.
746 3943 772 3999 5.
790 3927 832 4000 δί]
850 3935 878 3993 †
892 3931 972 3983 πόλιν
986 3928 1036 3983 Ed.
1049 3930 1133 3983 invito
1146 3931 1180 3982 A.
1224 3928 1331 4000 γέγονεν
1342 3929 1479 3998 ἅνθρωπος
1490 3935 1518 3983 et

317 3999 364 4050 τοῦ
377 3999 444 4050 Θεοῦ
458 3999 541 4066 Λόγος
553 3998 603 4052 hoc
616 3996 709 4053 ordine
721 3999 755 4052 A.
950 3998 976 4054 6.
994 4001 1073 4054 πόλιν
1084 3998 1100 4066 ή
1112 4000 1248 4068 ιίνθρόιπου
1257 3998 1350 4070 γέγονε
1363 3999 1397 4052 A.
1409 3999 1519 4069 γέγονεν

317 4065 391 4122 αὖθις
403 4066 417 4135 ή
430 4067 567 4138 ἀνθρώπου
581 4068 631 4122 Ed.
793 4079 818 4138 7.
837 4067 1249 4140 ἄνομορφουμίιοη-όικαιοσύνης
1261 4070 1296 4123 A.
1308 4071 1374 4139 πρός
1385 4070 1464 4123 αὐτόν
1476 4070 1518 4122 διὰ

318 4136 481 4204 δικαιοσύνης
493 4138 705 4209 όναμορφουμίυη
718 4139 759 4192 καί
770 4137 901 4208 όγιασμοῦ
915 4137 965 4192 Ed.
1102 4157 1128 4211 9.
1148 4139 1219 4209 ήμιίς
1231 4139 1260 4193 δέ
1272 4138 1323 4193 hoc
1336 4139 1430 4193 ordine
1441 4140 1516 4193 A.D.

322 4221 363 4276 15.
383 4209 413 4261 τὸ
426 4209 495 4275 ἰερόν
506 4211 611 4279 γράμμα
624 4210 657 4264 A.
670 4210 700 4264 τὸ
711 4210 816 4279 γράμμα
827 4210 858 4262 τό
871 4210 891 4261 ίε
909 4210 938 4262 όν
952 4207 1002 4262 Ed.
1114 4223 1154 4279 17.
1172 4209 1214 4280 τό]
1228 4231 1264 4281 τφ
1278 4210 1312 4263 A.
1421 4225 1465 4263 22.
1480 4211 1518 4262 ἔτι

224 4301 227 4308 ·
318 4277 415 4330 retinui
437 4295 469 4330 ex
492 4279 542 4332 Ed.
564 4281 669 4333 favente
692 4278 751 4332 Cat.
773 4277 831 4331 ἐστι
851 4231 923 4332 A6.
967 4279 1093 4346 «ἐσόμεθα
1111 4283 1147 4352 τῷ
1168 4283 1274 4352 Χριστῷ
1294 4279 1345 4332 hoc
1364 4277 1460 4332 ordine
1482 4282 1517 4332 A.

320 4362 363 4415 23.
382 4349 412 4400 τὸ
424 4348 539 4402 ἐπέκεινα
555 4349 675 4420 γενέσθαι
688 4349 798 4404 θανάτου
810 4349 844 4403 Α.
858 4350 888 4402 τὸ
915 4352 961 4402 τοῦ
975 4346 1047 4472 ΕόφἸ
1055 4349 1165 4404 θανᾶτου
1176 4349 1298 4420 γενέσθαι
1309 4349 1453 4418 κρείττονες
1466 4349 1518 4404 Ed.

320 4431 363 4481 24.
383 4417 423 4469 καὶ
442 4419 487 4471 alt.
507 4429 676 4490 assumptum
695 4419 812 4473 exA.D.
867 4417 925 4486 ἡμῖν
938 4419 1014 4474 αὐτὸς
1049 4437 1081 4472 oc
1098 4419 1190 4473 ordine
1203 4421 1237 4473 A.
1290 4419 1430 4490 χαρίσαιτο
1444 4419 1517 4474 AD.

318 4485 460 4553 ἐχαρίσατο
475 4487 523 4542 Ed.
762 4503 804 4558 25.
823 4488 972 4545 ἀπόστολος
985 4489 1018 4542 Α.
1032 4489 1173 4546 θεσπέσιος
1185 4489 1237 4544 Ed.
1287 4490 1350 4545 ποτὶ
1362 4489 1410 4557 μίν
1422 4488 1465 4544 ὅτι
1476 4507 1517 4544 as·

320 4566 459 4624 sumptum
472 4575 503 4610 ex
517 4561 550 4612 Α.
