<?xml version="1.0" encoding="UTF-8"?>
<!DOCTYPE html PUBLIC "-//W3C//DTD XHTML 1.0 Transitional//EN"
    "http://www.w3.org/TR/xhtml1/DTD/xhtml1-transitional.dtd">
<html xmlns="http://www.w3.org/1999/xhtml" xml:lang="en" lang="en">
 <head>
  <title>
</title>
<meta http-equiv="Content-Type" content="text/html;charset=utf-8" />
  <meta name='ocr-system' content='tesseract 3.04.00' />
  <meta name='ocr-capabilities' content='ocr_page ocr_carea ocr_par ocr_line ocrx_word'/>
</head>
<body>
  <div class='ocr_page' id='page_1' title='image "./sanctipatrisnos01pusegoog_0061.png"; bbox 0 0 3280 5142; ppageno 0'>
   <div class='ocr_carea' id='block_1_1' title="bbox 256 315 1626 404">
    <p class='ocr_par' dir='ltr' id='par_1_1' title="bbox 256 315 1626 404">
     <span class='ocr_line' id='line_1_1' title="bbox 256 315 1626 404; baseline 0.007 -24"><span class='ocrx_word' id='word_1_1' title='bbox 256 321 259 329; x_wconf 89' lang='lat'><strong>·</strong></span> <span class='ocrx_word' id='word_1_2' title='bbox 319 317 363 380; x_wconf 75' lang='grc' dir='ltr'>ιο</span> <span class='ocrx_word' id='word_1_3' title='bbox 623 315 891 382; x_wconf 64' lang='lat' dir='ltr'>nomm</span> <span class='ocrx_word' id='word_1_4' title='bbox 921 315 1211 383; x_wconf 77' lang='lat' dir='ltr'><strong>ALEXANDR.</strong></span> <span class='ocrx_word' id='word_1_5' title='bbox 1297 317 1519 404; x_wconf 49' lang='grc' dir='ltr'>κήτημα.</span> <span class='ocrx_word' id='word_1_6' title='bbox 1624 363 1626 390; x_wconf 76' lang='grc'>.</span> 
     </span>
    </p>
   </div>
   <div class='ocr_carea' id='block_1_2' title="bbox 318 477 1521 707">
    <p class='ocr_par' dir='ltr' id='par_1_2' title="bbox 318 477 1521 707">
     <span class='ocr_line' id='line_1_2' title="bbox 319 477 1521 583; baseline -0.001 -24"><span class='ocrx_word' id='word_1_7' title='bbox 319 489 342 526; x_wconf 87' lang='grc'><strong>“</strong></span> <span class='ocrx_word' id='word_1_8' title='bbox 359 478 414 559; x_wconf 81' lang='grc' dir='ltr'>ὅτι</span> <span class='ocrx_word' id='word_1_9' title='bbox 438 478 630 580; x_wconf 77' lang='grc' dir='ltr'>ἠσέβησαν</span> <span class='ocrx_word' id='word_1_10' title='bbox 647 487 695 565; x_wconf 85' lang='grc' dir='ltr'>είς</span> <span class='ocrx_word' id='word_1_11' title='bbox 719 481 793 579; x_wconf 86' lang='grc' dir='ltr'>ε’μέ·</span> <span class='ocrx_word' id='word_1_12' title='bbox 823 480 895 582; x_wconf 80' lang='grc' dir='ltr'>ἐγὼ</span> <span class='ocrx_word' id='word_1_13' title='bbox 919 477 957 560; x_wconf 75' lang='grc' dir='ltr'>δὲ</span> <span class='ocrx_word' id='word_1_14' title='bbox 981 479 1243 583; x_wconf 85' lang='grc' dir='ltr'>ε’λυτρωσάμην</span> <span class='ocrx_word' id='word_1_15' title='bbox 1260 483 1398 578; x_wconf 84' lang='grc' dir='ltr'>αῦτοῦς,</span> <span class='ocrx_word' id='word_1_16' title='bbox 1416 481 1521 560; x_wconf 81' lang='grc' dir='ltr'>αὐτοὶ</span> 
     </span>
     <span class='ocr_line' id='line_1_3' title="bbox 318 600 1312 707; baseline 0.001 -25"><span class='ocrx_word' id='word_1_17' title='bbox 318 613 340 649; x_wconf 93' lang='lat'><strong>“</strong></span> <span class='ocrx_word' id='word_1_18' title='bbox 359 602 397 683; x_wconf 75' lang='grc' dir='ltr'>δὲ</span> <span class='ocrx_word' id='word_1_19' title='bbox 416 600 673 705; x_wconf 83' lang='grc' dir='ltr'>κατελάλησαν</span> <span class='ocrx_word' id='word_1_20' title='bbox 689 602 766 684; x_wconf 86' lang='grc' dir='ltr'>κατ’</span> <span class='ocrx_word' id='word_1_21' title='bbox 784 605 871 704; x_wconf 83' lang='grc' dir='ltr'>ἐμοῦ</span> <span class='ocrx_word' id='word_1_22' title='bbox 888 602 1041 707; x_wconf 74' lang='grc' dir='ltr'>ψενδῆ.”</span> <span class='ocrx_word' id='word_1_23' title='bbox 1307 629 1312 639; x_wconf 90' lang='grc'><strong><em>·</em></strong></span> 
     </span>
    </p>
   </div>
   <div class='ocr_carea' id='block_1_3' title="bbox 267 822 1484 1043">
    <p class='ocr_par' dir='ltr' id='par_1_3' title="bbox 267 822 1484 1043">
     <span class='ocr_line' id='line_1_4' title="bbox 356 822 1479 894; baseline 0 -44"><span class='ocrx_word' id='word_1_24' title='bbox 356 822 394 894; x_wconf 65' lang='grc' dir='ltr'>Ε,</span> <span class='ocrx_word' id='word_1_25' title='bbox 502 827 519 892; x_wconf 77' lang='grc' dir='ltr'><strong>ὗ</strong></span> <span class='ocrx_word' id='word_1_26' title='bbox 593 830 601 850; x_wconf 70' lang='grc' dir='ltr'>ἱ</span> <span class='ocrx_word' id='word_1_27' title='bbox 645 824 658 842; x_wconf 71' lang='lat'>&#39;⁸</span> <span class='ocrx_word' id='word_1_28' title='bbox 822 829 829 850; x_wconf 75' lang='grc' dir='ltr'>θ</span> <span class='ocrx_word' id='word_1_29' title='bbox 952 829 959 849; x_wconf 95' lang='grc' dir='ltr'><strong><em>Ι</em></strong></span> <span class='ocrx_word' id='word_1_30' title='bbox 1092 829 1100 852; x_wconf 73' lang='lat'><em>2</em></span> <span class='ocrx_word' id='word_1_31' title='bbox 1133 829 1140 852; x_wconf 68' lang='grc' dir='ltr'>λ</span> <span class='ocrx_word' id='word_1_32' title='bbox 1195 831 1203 852; x_wconf 72' lang='grc' dir='ltr'>ι</span> <span class='ocrx_word' id='word_1_33' title='bbox 1252 826 1265 844; x_wconf 75' lang='lat'>&#39;⁸</span> <span class='ocrx_word' id='word_1_34' title='bbox 1366 830 1373 850; x_wconf 69' lang='grc' dir='ltr'>θ</span> <span class='ocrx_word' id='word_1_35' title='bbox 1472 829 1479 850; x_wconf 67' lang='grc' dir='ltr'>θ</span> 
     </span>
     <span class='ocr_line' id='line_1_5' title="bbox 267 829 1484 910; baseline 0.001 -18"><span class='ocrx_word' id='word_1_36' title='bbox 267 851 302 909; x_wconf 82' lang='lat'>3¹</span> <span class='ocrx_word' id='word_1_37' title='bbox 384 852 454 895; x_wconf 86' lang='grc' dir='ltr'>ατεν</span> <span class='ocrx_word' id='word_1_38' title='bbox 482 852 538 895; x_wconf 94' lang='grc' dir='ltr'>ον</span> <span class='ocrx_word' id='word_1_39' title='bbox 566 851 677 895; x_wconf 85' lang='grc' dir='ltr'>αυτοιο</span> <span class='ocrx_word' id='word_1_40' title='bbox 702 830 721 896; x_wconf 89' lang='grc' dir='ltr'>δ</span> <span class='ocrx_word' id='word_1_41' title='bbox 747 829 891 895; x_wconf 83' lang='grc' dir='ltr'>Πιλατοι</span> <span class='ocrx_word' id='word_1_42' title='bbox 917 831 1038 908; x_wconf 85' lang='grc' dir='ltr'>Λαβετε</span> <span class='ocrx_word' id='word_1_43' title='bbox 1065 853 1164 897; x_wconf 90' lang='grc' dir='ltr'>αυτον</span> <span class='ocrx_word' id='word_1_44' title='bbox 1191 852 1292 910; x_wconf 80' lang='grc' dir='ltr'>υμειε,</span> <span class='ocrx_word' id='word_1_45' title='bbox 1321 851 1374 894; x_wconf 90' lang='grc' dir='ltr'>και</span> <span class='ocrx_word' id='word_1_46' title='bbox 1401 851 1484 895; x_wconf 89' lang='grc' dir='ltr'>κατα</span> 
     </span>
     <span class='ocr_line' id='line_1_6' title="bbox 618 953 1216 1043; baseline 0.013 -25"><span class='ocrx_word' id='word_1_47' title='bbox 618 953 675 1020; x_wconf 83' lang='grc' dir='ltr'>τὸν</span> <span class='ocrx_word' id='word_1_48' title='bbox 703 953 803 1030; x_wconf 85' lang='grc' dir='ltr'>νόμον</span> <span class='ocrx_word' id='word_1_49' title='bbox 830 954 921 1030; x_wconf 80' lang='grc' dir='ltr'>ὑμῶν</span> <span class='ocrx_word' id='word_1_50' title='bbox 949 955 1078 1043; x_wconf 85' lang='grc' dir='ltr'>κρίνατε</span> <span class='ocrx_word' id='word_1_51' title='bbox 1106 954 1216 1026; x_wconf 86' lang='grc' dir='ltr'>αὐτόν.</span> 
     </span>
    </p>
   </div>
   <div class='ocr_carea' id='block_1_4' title="bbox 282 1087 1575 2340">
    <p class='ocr_par' dir='ltr' id='par_1_4' title="bbox 316 1087 1555 1471">
     <span class='ocr_line' id='line_1_7' title="bbox 372 1087 1555 1223; baseline 0.003 -27"><span class='ocrx_word' id='word_1_52' title='bbox 372 1115 449 1196; x_wconf 82' lang='grc' dir='ltr'>Τὸν</span> <span class='ocrx_word' id='word_1_53' title='bbox 482 1118 536 1197; x_wconf 77' lang='grc' dir='ltr'>ἐπ’</span> <span class='ocrx_word' id='word_1_54' title='bbox 567 1119 693 1215; x_wconf 79' lang='grc' dir='ltr'>οὐδενί,</span> <span class='ocrx_word' id='word_1_55' title='bbox 724 1121 830 1223; x_wconf 79' lang='grc' dir='ltr'>φησὶ,</span> <span class='ocrx_word' id='word_1_56' title='bbox 860 1124 933 1197; x_wconf 82' lang='grc' dir='ltr'>τῶν</span> <span class='ocrx_word' id='word_1_57' title='bbox 961 1087 1381 1219; x_wconf 42' lang='grc' dir='ltr'>ἀτόπωνῖέληλεγμένον,</span> <span class='ocrx_word' id='word_1_58' title='bbox 1410 1119 1555 1200; x_wconf 84' lang='grc' dir='ltr'>άδιά-5</span> 
     </span>
     <span class='ocr_line' id='line_1_8' title="bbox 316 1239 1520 1346; baseline 0.001 -27"><span class='ocrx_word' id='word_1_59' title='bbox 316 1275 439 1344; x_wconf 88' lang='grc' dir='ltr'>κριτον</span> <span class='ocrx_word' id='word_1_60' title='bbox 466 1239 503 1321; x_wconf 75' lang='grc' dir='ltr'>δὲ</span> <span class='ocrx_word' id='word_1_61' title='bbox 530 1242 615 1344; x_wconf 85' lang='grc' dir='ltr'>παρ’</span> <span class='ocrx_word' id='word_1_62' title='bbox 646 1243 744 1340; x_wconf 81' lang='grc' dir='ltr'>ὑμῶν</span> <span class='ocrx_word' id='word_1_63' title='bbox 772 1241 994 1341; x_wconf 80' lang='grc' dir='ltr'>ῦπομένοντα</span> <span class='ocrx_word' id='word_1_64' title='bbox 1026 1241 1092 1343; x_wconf 77' lang='grc' dir='ltr'>τὴν</span> <span class='ocrx_word' id='word_1_65' title='bbox 1120 1241 1341 1346; x_wconf 85' lang='grc' dir='ltr'>κατοῖῤῥησιν</span> <span class='ocrx_word' id='word_1_66' title='bbox 1368 1248 1445 1326; x_wconf 91' lang='grc' dir='ltr'>ταῖς</span> <span class='ocrx_word' id='word_1_67' title='bbox 1477 1245 1520 1321; x_wconf 79' lang='grc' dir='ltr'>ἐκ</span> 
     </span>
     <span class='ocr_line' id='line_1_9' title="bbox 316 1364 1519 1471; baseline 0.001 -28"><span class='ocrx_word' id='word_1_68' title='bbox 316 1364 436 1463; x_wconf 89' lang='grc' dir='ltr'>νόμων</span> <span class='ocrx_word' id='word_1_69' title='bbox 472 1366 654 1446; x_wconf 74' lang='grc' dir='ltr'>ὑποθεῖναι</span> <span class='ocrx_word' id='word_1_70' title='bbox 689 1371 839 1462; x_wconf 75' lang='grc' dir='ltr'>ποιναῖς,</span> <span class='ocrx_word' id='word_1_71' title='bbox 871 1367 948 1463; x_wconf 78' lang='grc' dir='ltr'>ἐμοὶ</span> <span class='ocrx_word' id='word_1_72' title='bbox 985 1365 1052 1464; x_wconf 77' lang='grc' dir='ltr'>μὲν</span> <span class='ocrx_word' id='word_1_73' title='bbox 1087 1367 1129 1445; x_wconf 88' lang='grc' dir='ltr'>οῦ</span> <span class='ocrx_word' id='word_1_74' title='bbox 1166 1366 1274 1465; x_wconf 84' lang='grc' dir='ltr'>θέμις,</span> <span class='ocrx_word' id='word_1_75' title='bbox 1315 1368 1441 1471; x_wconf 77' lang='grc' dir='ltr'>κρίνατε</span> <span class='ocrx_word' id='word_1_76' title='bbox 1478 1365 1519 1444; x_wconf 76' lang='grc' dir='ltr'>δέ</span> 
     </span>
    </p>

    <p class='ocr_par' dir='ltr' id='par_1_5' title="bbox 282 1487 1575 2340">
     <span class='ocr_line' id='line_1_10' title="bbox 282 1487 1516 1594; baseline -0.002 -26"><span class='ocrx_word' id='word_1_77' title='bbox 282 1494 462 1587; x_wconf 77' lang='grc' dir='ltr'>δμιῖλλον</span> <span class='ocrx_word' id='word_1_78' title='bbox 495 1489 595 1568; x_wconf 81' lang='grc' dir='ltr'>αὐτοὶ</span> <span class='ocrx_word' id='word_1_79' title='bbox 626 1487 723 1568; x_wconf 77' lang='grc' dir='ltr'>κατῖι</span> <span class='ocrx_word' id='word_1_80' title='bbox 750 1489 801 1570; x_wconf 78' lang='grc' dir='ltr'>τδν</span> <span class='ocrx_word' id='word_1_81' title='bbox 835 1489 1003 1592; x_wconf 83' lang='grc' dir='ltr'>ὑμέτερον</span> <span class='ocrx_word' id='word_1_82' title='bbox 1033 1491 1134 1594; x_wconf 73' lang='grc' dir='ltr'>νόμον,</span> <span class='ocrx_word' id='word_1_83' title='bbox 1163 1487 1260 1592; x_wconf 83' lang='grc' dir='ltr'>εἴπερ</span> <span class='ocrx_word' id='word_1_84' title='bbox 1293 1489 1374 1590; x_wconf 78' lang='grc' dir='ltr'>ἄρα,</span> <span class='ocrx_word' id='word_1_85' title='bbox 1405 1491 1516 1594; x_wconf 79' lang='grc' dir='ltr'>φησὶ,</span> 
     </span>
     <span class='ocr_line' id='line_1_11' title="bbox 315 1609 1515 1717; baseline 0.002 -28"><span class='ocrx_word' id='word_1_86' title='bbox 315 1613 375 1690; x_wconf 81' lang='grc' dir='ltr'>καὶ</span> <span class='ocrx_word' id='word_1_87' title='bbox 406 1609 471 1691; x_wconf 86' lang='grc' dir='ltr'>τδν</span> <span class='ocrx_word' id='word_1_88' title='bbox 503 1611 711 1692; x_wconf 82' lang='grc' dir='ltr'>ἀνοπαίτιον</span> <span class='ocrx_word' id='word_1_89' title='bbox 741 1619 929 1696; x_wconf 84' lang='grc' dir='ltr'>παντελῶς</span> <span class='ocrx_word' id='word_1_90' title='bbox 961 1610 1179 1715; x_wconf 79' lang='grc' dir='ltr'>κολάζεσθαι</span> <span class='ocrx_word' id='word_1_91' title='bbox 1210 1616 1284 1692; x_wconf 85' lang='grc' dir='ltr'>δεῖν</span> <span class='ocrx_word' id='word_1_92' title='bbox 1313 1611 1515 1717; x_wconf 76' lang='grc' dir='ltr'>διετάξατο.</span> 
     </span>
     <span class='ocr_line' id='line_1_12' title="bbox 313 1732 1575 1839; baseline -0.003 -26"><span class='ocrx_word' id='word_1_93' title='bbox 313 1732 432 1835; x_wconf 80' lang='grc' dir='ltr'>γέλως</span> <span class='ocrx_word' id='word_1_94' title='bbox 464 1733 502 1813; x_wconf 76' lang='grc' dir='ltr'>δὲ</span> <span class='ocrx_word' id='word_1_95' title='bbox 534 1733 646 1818; x_wconf 86' lang='grc' dir='ltr'>ὅντως</span> <span class='ocrx_word' id='word_1_96' title='bbox 678 1736 720 1815; x_wconf 87' lang='grc' dir='ltr'>οῦ</span> <span class='ocrx_word' id='word_1_97' title='bbox 753 1734 888 1838; x_wconf 82' lang='grc' dir='ltr'>μικρὸς,</span> <span class='ocrx_word' id='word_1_98' title='bbox 920 1743 1068 1836; x_wconf 79' lang='grc' dir='ltr'>μᾶλλον</span> <span class='ocrx_word' id='word_1_99' title='bbox 1101 1735 1139 1816; x_wconf 81' lang='grc' dir='ltr'>δέ</span> <span class='ocrx_word' id='word_1_100' title='bbox 1172 1734 1306 1839; x_wconf 87' lang='grc' dir='ltr'>θρήνου</span> <span class='ocrx_word' id='word_1_101' title='bbox 1337 1741 1518 1836; x_wconf 84' lang='grc' dir='ltr'>διηνεκοῦς</span> <span class='ocrx_word' id='word_1_102' title='bbox 1536 1771 1575 1810; x_wconf 87' lang='grc' dir='ltr'>ιο</span> 
     </span>
     <span class='ocr_line' id='line_1_13' title="bbox 314 1851 1515 1963; baseline 0.001 -27"><span class='ocrx_word' id='word_1_103' title='bbox 314 1856 428 1962; x_wconf 77' lang='grc' dir='ltr'>ἄξιον,</span> <span class='ocrx_word' id='word_1_104' title='bbox 447 1861 477 1936; x_wconf 82' lang='grc' dir='ltr'>εἰ</span> <span class='ocrx_word' id='word_1_105' title='bbox 503 1864 536 1938; x_wconf 83' lang='grc' dir='ltr'>οῖ</span> <span class='ocrx_word' id='word_1_106' title='bbox 560 1857 626 1958; x_wconf 77' lang='grc' dir='ltr'>μέν</span> <span class='ocrx_word' id='word_1_107' title='bbox 649 1859 734 1962; x_wconf 77' lang='grc' dir='ltr'>παρ’</span> <span class='ocrx_word' id='word_1_108' title='bbox 747 1854 914 1957; x_wconf 80' lang='grc' dir='ltr'>Ἕλλησι</span> <span class='ocrx_word' id='word_1_109' title='bbox 942 1851 1118 1939; x_wconf 79' lang='grc' dir='ltr'>δικαιοῦσι</span> <span class='ocrx_word' id='word_1_110' title='bbox 1147 1857 1250 1956; x_wconf 84' lang='grc' dir='ltr'>νόμοι</span> <span class='ocrx_word' id='word_1_111' title='bbox 1277 1857 1341 1939; x_wconf 87' lang='grc' dir='ltr'>τῦν</span> <span class='ocrx_word' id='word_1_112' title='bbox 1361 1858 1515 1963; x_wconf 79' lang='grc' dir='ltr'>Κύριον,</span> 
     </span>
     <span class='ocr_line' id='line_1_14' title="bbox 313 1979 1518 2085; baseline 0.004 -24"><span class='ocrx_word' id='word_1_113' title='bbox 313 1984 363 2065; x_wconf 75' lang='grc' dir='ltr'>ὥς</span> <span class='ocrx_word' id='word_1_114' title='bbox 387 1984 446 2061; x_wconf 78' lang='grc' dir='ltr'>καὶ</span> <span class='ocrx_word' id='word_1_115' title='bbox 469 1979 632 2085; x_wconf 77' lang='grc' dir='ltr'>κολάζειν</span> <span class='ocrx_word' id='word_1_116' title='bbox 654 1982 806 2083; x_wconf 80' lang='grc' dir='ltr'>ὀκνῆσαι</span> <span class='ocrx_word' id='word_1_117' title='bbox 829 1981 995 2062; x_wconf 87' lang='grc' dir='ltr'>Πιλάτου</span> <span class='ocrx_word' id='word_1_118' title='bbox 1017 1979 1126 2062; x_wconf 83' lang='grc' dir='ltr'>αῦτδν</span> <span class='ocrx_word' id='word_1_119' title='bbox 1151 1983 1203 2064; x_wconf 81' lang='grc' dir='ltr'>ἐπ’</span> <span class='ocrx_word' id='word_1_120' title='bbox 1224 1982 1378 2083; x_wconf 84' lang='grc' dir='ltr'>ἀσήμοις</span> <span class='ocrx_word' id='word_1_121' title='bbox 1403 1984 1518 2066; x_wconf 75' lang='grc' dir='ltr'>οὕτως</span> 
     </span>
     <span class='ocr_line' id='line_1_15' title="bbox 313 2104 1514 2212; baseline 0 -27"><span class='ocrx_word' id='word_1_122' title='bbox 313 2105 519 2208; x_wconf 77' lang='grc' dir='ltr'>ἐγκλήμασι</span> <span class='ocrx_word' id='word_1_123' title='bbox 540 2107 806 2208; x_wconf 79' lang='grc' dir='ltr'>προσηγμένον,</span> <span class='ocrx_word' id='word_1_124' title='bbox 828 2111 862 2186; x_wconf 82' lang='grc' dir='ltr'>οὶ</span> <span class='ocrx_word' id='word_1_125' title='bbox 890 2104 928 2185; x_wconf 77' lang='grc' dir='ltr'>δέ</span> <span class='ocrx_word' id='word_1_126' title='bbox 956 2109 1015 2187; x_wconf 82' lang='grc' dir='ltr'>καὶ</span> <span class='ocrx_word' id='word_1_127' title='bbox 1043 2109 1116 2187; x_wconf 84' lang='grc' dir='ltr'>δεῖν</span> <span class='ocrx_word' id='word_1_128' title='bbox 1138 2105 1377 2188; x_wconf 82' lang='grc' dir='ltr'>ἀποτεθνάναι</span> <span class='ocrx_word' id='word_1_129' title='bbox 1400 2109 1514 2212; x_wconf 83' lang='grc' dir='ltr'>φασὶ,</span> 
     </span>
     <span class='ocr_line' id='line_1_16' title="bbox 314 2229 1399 2340; baseline 0.001 -31"><span class='ocrx_word' id='word_1_130' title='bbox 314 2230 428 2311; x_wconf 87' lang='grc' dir='ltr'>καίτοι</span> <span class='ocrx_word' id='word_1_131' title='bbox 445 2229 544 2339; x_wconf 86' lang='grc' dir='ltr'>νόμιρ</span> <span class='ocrx_word' id='word_1_132' title='bbox 562 2235 614 2339; x_wconf 77' lang='grc' dir='ltr'>τῷ</span> <span class='ocrx_word' id='word_1_133' title='bbox 631 2231 714 2340; x_wconf 86' lang='grc' dir='ltr'>θείιρ</span> <span class='ocrx_word' id='word_1_134' title='bbox 731 2235 1039 2333; x_wconf 84' lang='grc' dir='ltr'>παιδαγωγεῖσθαι</span> <span class='ocrx_word' id='word_1_135' title='bbox 1056 2231 1399 2336; x_wconf 85' lang='grc' dir='ltr'>ριεγαλαυχοιίμενοι.</span> 
     </span>
    </p>
   </div>
   <div class='ocr_carea' id='block_1_5' title="bbox 262 2449 1571 2670">
    <p class='ocr_par' dir='ltr' id='par_1_6' title="bbox 262 2449 1571 2670">
     <span class='ocr_line' id='line_1_17' title="bbox 316 2449 1571 2540; baseline -0.003 -19"><span class='ocrx_word' id='word_1_136' title='bbox 316 2449 416 2521; x_wconf 84' lang='grc' dir='ltr'>Εἶπον</span> <span class='ocrx_word' id='word_1_137' title='bbox 453 2453 509 2521; x_wconf 85' lang='grc' dir='ltr'>οὖν</span> <span class='ocrx_word' id='word_1_138' title='bbox 545 2455 636 2540; x_wconf 85' lang='grc' dir='ltr'>αὐτῷ</span> <span class='ocrx_word' id='word_1_139' title='bbox 671 2453 702 2521; x_wconf 86' lang='grc' dir='ltr'>οἶ</span> <span class='ocrx_word' id='word_1_140' title='bbox 732 2451 889 2521; x_wconf 86' lang='grc' dir='ltr'>Ἰουδαῖοι</span> <span class='ocrx_word' id='word_1_141' title='bbox 919 2454 1017 2531; x_wconf 84' lang='grc' dir='ltr'>Ἠμῖν</span> <span class='ocrx_word' id='word_1_142' title='bbox 1058 2455 1117 2520; x_wconf 87' lang='grc' dir='ltr'>οὐκ</span> <span class='ocrx_word' id='word_1_143' title='bbox 1156 2457 1281 2524; x_wconf 78' lang='grc' dir='ltr'>ἔξεστιν</span> <span class='ocrx_word' id='word_1_144' title='bbox 1321 2451 1514 2522; x_wconf 85' lang='grc' dir='ltr'>ἀποκτεῖναι</span> <span class='ocrx_word' id='word_1_145' title='bbox 1533 2474 1571 2535; x_wconf 77' lang='lat'>¹5</span> 
     </span>
     <span class='ocr_line' id='line_1_18' title="bbox 262 2574 1513 2670; baseline 0 -23"><span class='ocrx_word' id='word_1_146' title='bbox 262 2599 298 2658; x_wconf 78' lang='lat'>32</span> <span class='ocrx_word' id='word_1_147' title='bbox 363 2581 492 2664; x_wconf 82' lang='grc' dir='ltr'>οὐδένα,</span> <span class='ocrx_word' id='word_1_148' title='bbox 519 2582 572 2648; x_wconf 78' lang='grc' dir='ltr'>ἵνα</span> <span class='ocrx_word' id='word_1_149' title='bbox 600 2580 618 2650; x_wconf 85' lang='grc' dir='ltr'>ὁ</span> <span class='ocrx_word' id='word_1_150' title='bbox 645 2581 743 2656; x_wconf 80' lang='grc' dir='ltr'>λότοι</span> <span class='ocrx_word' id='word_1_151' title='bbox 769 2585 826 2647; x_wconf 85' lang='grc' dir='ltr'>τοῦ</span> <span class='ocrx_word' id='word_1_152' title='bbox 847 2581 955 2647; x_wconf 79' lang='grc' dir='ltr'>Ἰιισοῦ</span> <span class='ocrx_word' id='word_1_153' title='bbox 982 2585 1154 2670; x_wconf 69' lang='grc' dir='ltr'>πληρωθῇ,</span> <span class='ocrx_word' id='word_1_154' title='bbox 1179 2581 1217 2647; x_wconf 87' lang='grc' dir='ltr'>ὃν</span> <span class='ocrx_word' id='word_1_155' title='bbox 1243 2574 1317 2645; x_wconf 84' lang='grc' dir='ltr'>εἶπε</span> <span class='ocrx_word' id='word_1_156' title='bbox 1343 2581 1513 2657; x_wconf 86' lang='grc' dir='ltr'>οιιμαίνων</span> 
     </span>
    </p>
   </div>
   <div class='ocr_carea' id='block_1_6' title="bbox 282 2683 1031 2793">
    <p class='ocr_par' dir='ltr' id='par_1_7' title="bbox 282 2683 1031 2793">
     <span class='ocr_line' id='line_1_19' title="bbox 282 2683 1031 2793; baseline 0.003 -19"><span class='ocrx_word' id='word_1_157' title='bbox 282 2683 300 2726; x_wconf 73' lang='lat'><strong>⁰</strong></span> <span class='ocrx_word' id='word_1_158' title='bbox 362 2709 448 2793; x_wconf 86' lang='grc' dir='ltr'>ποίῳ</span> <span class='ocrx_word' id='word_1_159' title='bbox 475 2709 606 2792; x_wconf 84' lang='grc' dir='ltr'>θανάτῳ</span> <span class='ocrx_word' id='word_1_160' title='bbox 633 2707 775 2786; x_wconf 67' lang='grc' dir='ltr'>ἤμελλεν</span> <span class='ocrx_word' id='word_1_161' title='bbox 800 2706 1031 2776; x_wconf 74' lang='grc' dir='ltr'>ἀποθνήσκειν.</span> 
     </span>
    </p>
   </div>
   <div class='ocr_carea' id='block_1_7' title="bbox 140 2866 1569 4482">
    <p class='ocr_par' dir='ltr' id='par_1_8' title="bbox 308 2866 1569 3592">
     <span class='ocr_line' id='line_1_20' title="bbox 369 2866 1513 2975; baseline -0.002 -25"><span class='ocrx_word' id='word_1_162' title='bbox 369 2870 533 2970; x_wconf 80' lang='grc' dir='ltr'>Κώλυμα</span> <span class='ocrx_word' id='word_1_163' title='bbox 553 2869 721 2972; x_wconf 75' lang='grc' dir='ltr'>γενέσθω</span> <span class='ocrx_word' id='word_1_164' title='bbox 740 2873 857 2975; x_wconf 84' lang='grc' dir='ltr'>φασὶν</span> <span class='ocrx_word' id='word_1_165' title='bbox 874 2869 1003 2964; x_wconf 89' lang='grc' dir='ltr'>αῦτοῖς,</span> <span class='ocrx_word' id='word_1_166' title='bbox 1023 2871 1081 2948; x_wconf 75' lang='grc' dir='ltr'>καί</span> <span class='ocrx_word' id='word_1_167' title='bbox 1099 2867 1224 2972; x_wconf 77' lang='grc' dir='ltr'>ὥσπερ</span> <span class='ocrx_word' id='word_1_168' title='bbox 1248 2903 1284 2949; x_wconf 87' lang='grc' dir='ltr'>τι</span> <span class='ocrx_word' id='word_1_169' title='bbox 1303 2866 1513 2966; x_wconf 81' lang='grc' dir='ltr'>βιαιότατον</span> 
     </span>
     <span class='ocr_line' id='line_1_21' title="bbox 308 2989 1513 3099; baseline -0.003 -25"><span class='ocrx_word' id='word_1_170' title='bbox 308 2993 571 3096; x_wconf 88' lang='grc' dir='ltr'>παραπόδισμα</span> <span class='ocrx_word' id='word_1_171' title='bbox 589 2997 653 3093; x_wconf 79' lang='grc' dir='ltr'>τῆς</span> <span class='ocrx_word' id='word_1_172' title='bbox 671 2994 821 3074; x_wconf 83' lang='grc' dir='ltr'>ἀνοσίου</span> <span class='ocrx_word' id='word_1_173' title='bbox 843 2993 1060 3099; x_wconf 83' lang='grc' dir='ltr'>μιαιφονίας,</span> <span class='ocrx_word' id='word_1_174' title='bbox 1077 2990 1142 3073; x_wconf 86' lang='grc' dir='ltr'>τὸν</span> <span class='ocrx_word' id='word_1_175' title='bbox 1160 2994 1218 3074; x_wconf 76' lang='grc' dir='ltr'>ἐπὶ</span> <span class='ocrx_word' id='word_1_176' title='bbox 1239 3001 1305 3073; x_wconf 90' lang='grc' dir='ltr'>τοῦ</span> <span class='ocrx_word' id='word_1_177' title='bbox 1324 2989 1513 3097; x_wconf 80' lang='grc' dir='ltr'>προβάτου</span> 
     </span>
     <span class='ocr_line' id='line_1_22' title="bbox 309 3113 1569 3222; baseline -0.003 -26"><span class='ocrx_word' id='word_1_178' title='bbox 309 3120 441 3222; x_wconf 77' lang='grc' dir='ltr'>σφαγῇ</span> <span class='ocrx_word' id='word_1_179' title='bbox 458 3116 710 3218; x_wconf 81' lang='grc' dir='ltr'>πληρούμενον</span> <span class='ocrx_word' id='word_1_180' title='bbox 728 3116 919 3220; x_wconf 80' lang='grc' dir='ltr'>ἁγνισμὸν,</span> <span class='ocrx_word' id='word_1_181' title='bbox 938 3115 1036 3219; x_wconf 80' lang='grc' dir='ltr'>εἴπερ</span> <span class='ocrx_word' id='word_1_182' title='bbox 1053 3151 1108 3200; x_wconf 89' lang='grc' dir='ltr'>τις</span> <span class='ocrx_word' id='word_1_183' title='bbox 1129 3113 1174 3216; x_wconf 83' lang='grc' dir='ltr'>ἦν</span> <span class='ocrx_word' id='word_1_184' title='bbox 1193 3115 1289 3200; x_wconf 80' lang='grc' dir='ltr'>ὅλως</span> <span class='ocrx_word' id='word_1_185' title='bbox 1312 3114 1411 3218; x_wconf 84' lang='grc' dir='ltr'>παρὰ</span> <span class='ocrx_word' id='word_1_186' title='bbox 1435 3121 1511 3200; x_wconf 89' lang='grc' dir='ltr'>τοῖς</span> <span class='ocrx_word' id='word_1_187' title='bbox 1529 3152 1569 3192; x_wconf 82' lang='lat'>20</span> 
     </span>
     <span class='ocr_line' id='line_1_23' title="bbox 309 3239 1506 3346; baseline 0 -29"><span class='ocrx_word' id='word_1_188' title='bbox 309 3240 423 3319; x_wconf 83' lang='grc' dir='ltr'>ἐκεῖνα</span> <span class='ocrx_word' id='word_1_189' title='bbox 449 3239 722 3342; x_wconf 84' lang='grc' dir='ltr'>τετολμηκόσιν.</span> <span class='ocrx_word' id='word_1_190' title='bbox 762 3240 786 3343; x_wconf 81' lang='grc' dir='ltr'><strong><em>ἦ</em></strong></span> <span class='ocrx_word' id='word_1_191' title='bbox 813 3241 886 3346; x_wconf 82' lang='grc' dir='ltr'>γὰρ</span> <span class='ocrx_word' id='word_1_192' title='bbox 914 3239 959 3321; x_wconf 82' lang='grc' dir='ltr'>ἂν</span> <span class='ocrx_word' id='word_1_193' title='bbox 981 3245 1040 3321; x_wconf 89' lang='grc' dir='ltr'>καὶ</span> <span class='ocrx_word' id='word_1_194' title='bbox 1066 3240 1150 3320; x_wconf 87' lang='grc' dir='ltr'>λίαν</span> <span class='ocrx_word' id='word_1_195' title='bbox 1173 3240 1321 3340; x_wconf 85' lang='grc' dir='ltr'>ἑτοίμως</span> <span class='ocrx_word' id='word_1_196' title='bbox 1345 3245 1393 3323; x_wconf 82' lang='grc' dir='ltr'>είς</span> <span class='ocrx_word' id='word_1_197' title='bbox 1418 3239 1506 3318; x_wconf 80' lang='grc' dir='ltr'>ἀσέ-</span> 
     </span>
     <span class='ocr_line' id='line_1_24' title="bbox 308 3360 1511 3469; baseline -0.001 -27"><span class='ocrx_word' id='word_1_198' title='bbox 308 3368 411 3458; x_wconf 84' lang='grc' dir='ltr'>βειαν</span> <span class='ocrx_word' id='word_1_199' title='bbox 445 3360 543 3463; x_wconf 81' lang='grc' dir='ltr'>ἦσαν</span> <span class='ocrx_word' id='word_1_200' title='bbox 583 3367 784 3469; x_wconf 75' lang='grc' dir='ltr'>αὐτουργοί,</span> <span class='ocrx_word' id='word_1_201' title='bbox 819 3371 883 3465; x_wconf 77' lang='grc' dir='ltr'>τῆς</span> <span class='ocrx_word' id='word_1_202' title='bbox 924 3366 1045 3468; x_wconf 84' lang='grc' dir='ltr'>ἑτέρου</span> <span class='ocrx_word' id='word_1_203' title='bbox 1087 3364 1291 3462; x_wconf 88' lang='grc' dir='ltr'>συμπνοίας</span> <span class='ocrx_word' id='word_1_204' title='bbox 1330 3362 1511 3462; x_wconf 85' lang='grc' dir='ltr'>δεηθέντες</span> 
     </span>
     <span class='ocr_line' id='line_1_25' title="bbox 309 3484 1510 3592; baseline 0 -26"><span class='ocrx_word' id='word_1_205' title='bbox 309 3487 484 3585; x_wconf 86' lang='grc' dir='ltr'>οῦδαμῦς.</span> <span class='ocrx_word' id='word_1_206' title='bbox 531 3490 788 3574; x_wconf 79' lang='grc' dir='ltr'>εῦπετείττατος</span> <span class='ocrx_word' id='word_1_207' title='bbox 816 3487 887 3592; x_wconf 84' lang='grc' dir='ltr'>γὰρ</span> <span class='ocrx_word' id='word_1_208' title='bbox 916 3495 989 3570; x_wconf 83' lang='grc' dir='ltr'>τῶν</span> <span class='ocrx_word' id='word_1_209' title='bbox 1015 3487 1196 3569; x_wconf 89' lang='grc' dir='ltr'>Ἰουδαίων</span> <span class='ocrx_word' id='word_1_210' title='bbox 1223 3489 1245 3567; x_wconf 85' lang='grc' dir='ltr'>ὁ</span> <span class='ocrx_word' id='word_1_211' title='bbox 1274 3495 1355 3571; x_wconf 91' lang='grc' dir='ltr'>νοῦς</span> <span class='ocrx_word' id='word_1_212' title='bbox 1386 3492 1434 3570; x_wconf 86' lang='grc' dir='ltr'>είς</span> <span class='ocrx_word' id='word_1_213' title='bbox 1466 3484 1510 3566; x_wconf 85' lang='grc' dir='ltr'>τῦ</span> 
     </span>
    </p>

    <p class='ocr_par' dir='ltr' id='par_1_9' title="bbox 140 3609 1566 4332">
     <span class='ocr_line' id='line_1_26' title="bbox 140 3609 1510 3717; baseline 0.002 -31"><span class='ocrx_word' id='word_1_214' title='bbox 140 3614 384 3690; x_wconf 80' lang='grc' dir='ltr'>ιοθθΔ.ιπιῖν</span> <span class='ocrx_word' id='word_1_215' title='bbox 401 3611 519 3693; x_wconf 85' lang='grc' dir='ltr'>ὁτιοῦν</span> <span class='ocrx_word' id='word_1_216' title='bbox 537 3609 748 3716; x_wconf 79' lang='grc' dir='ltr'>ἐργάζεσθαι</span> <span class='ocrx_word' id='word_1_217' title='bbox 767 3611 937 3717; x_wconf 84' lang='grc' dir='ltr'>πονηρὸν,</span> <span class='ocrx_word' id='word_1_218' title='bbox 955 3615 1014 3692; x_wconf 81' lang='grc' dir='ltr'>καὶ</span> <span class='ocrx_word' id='word_1_219' title='bbox 1038 3609 1188 3712; x_wconf 79' lang='grc' dir='ltr'>μηδενὸς</span> <span class='ocrx_word' id='word_1_220' title='bbox 1215 3610 1415 3717; x_wconf 82' lang='grc' dir='ltr'>φείσασθαι</span> <span class='ocrx_word' id='word_1_221' title='bbox 1436 3617 1510 3690; x_wconf 81' lang='grc' dir='ltr'>τῶν</span> 
     </span>
     <span class='ocr_line' id='line_1_27' title="bbox 309 3731 1566 3841; baseline -0.005 -27"><span class='ocrx_word' id='word_1_222' title='bbox 309 3731 478 3832; x_wconf 77' lang='grc' dir='ltr'>ἐκτόπων,</span> <span class='ocrx_word' id='word_1_223' title='bbox 515 3733 628 3838; x_wconf 79' lang='grc' dir='ltr'>ἤγουν</span> <span class='ocrx_word' id='word_1_224' title='bbox 661 3737 920 3840; x_wconf 85' lang='grc' dir='ltr'>ε’περνθριῦσαί</span> <span class='ocrx_word' id='word_1_225' title='bbox 954 3770 1022 3816; x_wconf 88' lang='grc' dir='ltr'>τινι</span> <span class='ocrx_word' id='word_1_226' title='bbox 1055 3741 1128 3815; x_wconf 87' lang='grc' dir='ltr'>τιῦν</span> <span class='ocrx_word' id='word_1_227' title='bbox 1164 3734 1376 3841; x_wconf 78' lang='grc' dir='ltr'>οῖπᾳδόντων</span> <span class='ocrx_word' id='word_1_228' title='bbox 1408 3739 1504 3841; x_wconf 74' lang='grc' dir='ltr'>Θεῷ.</span> <span class='ocrx_word' id='word_1_229' title='bbox 1525 3767 1566 3826; x_wconf 85' lang='lat'>²5</span> 
     </span>
     <span class='ocr_line' id='line_1_28' title="bbox 308 3855 1508 3964; baseline 0.002 -28"><span class='ocrx_word' id='word_1_230' title='bbox 308 3855 453 3964; x_wconf 80' lang='grc' dir='ltr'>ἀξιοῦσι</span> <span class='ocrx_word' id='word_1_231' title='bbox 489 3866 678 3961; x_wconf 88' lang='grc' dir='ltr'>τοιγαροῦν</span> <span class='ocrx_word' id='word_1_232' title='bbox 714 3863 876 3940; x_wconf 87' lang='grc' dir='ltr'>δανεῖσαι</span> <span class='ocrx_word' id='word_1_233' title='bbox 914 3859 1078 3940; x_wconf 86' lang='grc' dir='ltr'>Πιλάτον</span> <span class='ocrx_word' id='word_1_234' title='bbox 1113 3858 1233 3943; x_wconf 77' lang='grc' dir='ltr'>αὐτοῖς</span> <span class='ocrx_word' id='word_1_235' title='bbox 1275 3855 1341 3956; x_wconf 78' lang='grc' dir='ltr'>τὴν</span> <span class='ocrx_word' id='word_1_236' title='bbox 1378 3859 1508 3938; x_wconf 78' lang='grc' dir='ltr'>οἰκείαν</span> 
     </span>
     <span class='ocr_line' id='line_1_29' title="bbox 307 3979 1503 4085; baseline 0.001 -25"><span class='ocrx_word' id='word_1_237' title='bbox 307 3979 484 4080; x_wconf 83' lang='grc' dir='ltr'>ὠμότητα,</span> <span class='ocrx_word' id='word_1_238' title='bbox 515 3984 573 4062; x_wconf 80' lang='grc' dir='ltr'>καὶ</span> <span class='ocrx_word' id='word_1_239' title='bbox 604 3985 667 4082; x_wconf 81' lang='grc' dir='ltr'>τῆς</span> <span class='ocrx_word' id='word_1_240' title='bbox 695 3983 891 4082; x_wconf 76' lang='grc' dir='ltr'>Ἰουδαϊκῆς</span> <span class='ocrx_word' id='word_1_241' title='bbox 922 3983 1094 4066; x_wconf 84' lang='grc' dir='ltr'>ἀπονοίας</span> <span class='ocrx_word' id='word_1_242' title='bbox 1129 3981 1301 4085; x_wconf 83' lang='grc' dir='ltr'>γενέσθαι</span> <span class='ocrx_word' id='word_1_243' title='bbox 1331 3980 1503 4080; x_wconf 79' lang='grc' dir='ltr'>μιμητὴν,</span> 
     </span>
     <span class='ocr_line' id='line_1_30' title="bbox 307 4102 1503 4214; baseline -0.002 -28"><span class='ocrx_word' id='word_1_244' title='bbox 307 4105 529 4208; x_wconf 73' lang='grc' dir='ltr'>ὑπηρετῆσαι</span> <span class='ocrx_word' id='word_1_245' title='bbox 557 4102 594 4184; x_wconf 77' lang='grc' dir='ltr'>δὲ</span> <span class='ocrx_word' id='word_1_246' title='bbox 622 4105 756 4210; x_wconf 85' lang='grc' dir='ltr'>σφίσιν</span> <span class='ocrx_word' id='word_1_247' title='bbox 781 4105 819 4186; x_wconf 81' lang='grc' dir='ltr'>ἕν</span> <span class='ocrx_word' id='word_1_248' title='bbox 843 4141 885 4208; x_wconf 90' lang='grc' dir='ltr'>γε</span> <span class='ocrx_word' id='word_1_249' title='bbox 912 4113 964 4214; x_wconf 79' lang='grc' dir='ltr'>τῷ</span> <span class='ocrx_word' id='word_1_250' title='bbox 991 4103 1143 4208; x_wconf 87' lang='grc' dir='ltr'>παρόντι</span> <span class='ocrx_word' id='word_1_251' title='bbox 1171 4103 1282 4210; x_wconf 84' lang='grc' dir='ltr'>τυχὸν</span> <span class='ocrx_word' id='word_1_252' title='bbox 1310 4105 1374 4184; x_wconf 89' lang='grc' dir='ltr'>οῦκ</span> <span class='ocrx_word' id='word_1_253' title='bbox 1400 4106 1503 4184; x_wconf 89' lang='grc' dir='ltr'>ε’λευ·</span> 
     </span>
     <span class='ocr_line' id='line_1_31' title="bbox 306 4225 1507 4332; baseline 0.002 -26"><span class='ocrx_word' id='word_1_254' title='bbox 306 4225 414 4328; x_wconf 81' lang='grc' dir='ltr'>θέραν</span> <span class='ocrx_word' id='word_1_255' title='bbox 443 4261 519 4312; x_wconf 87' lang='grc' dir='ltr'>πως</span> <span class='ocrx_word' id='word_1_256' title='bbox 551 4225 675 4332; x_wconf 80' lang='grc' dir='ltr'>ἔχουσι</span> <span class='ocrx_word' id='word_1_257' title='bbox 704 4227 771 4328; x_wconf 83' lang='grc' dir='ltr'>τὴν</span> <span class='ocrx_word' id='word_1_258' title='bbox 800 4235 849 4312; x_wconf 87' lang='grc' dir='ltr'>είς</span> <span class='ocrx_word' id='word_1_259' title='bbox 877 4230 1008 4328; x_wconf 90' lang='grc' dir='ltr'>μανίαν</span> <span class='ocrx_word' id='word_1_260' title='bbox 1038 4227 1260 4332; x_wconf 79' lang='grc' dir='ltr'>ἀποδρομὴν.</span> <span class='ocrx_word' id='word_1_261' title='bbox 1314 4225 1415 4307; x_wconf 81' lang='grc' dir='ltr'>ἀλλὰ</span> <span class='ocrx_word' id='word_1_262' title='bbox 1447 4233 1507 4309; x_wconf 79' lang='grc' dir='ltr'>καὶ</span> 
     </span>
    </p>

    <p class='ocr_par' dir='ltr' id='par_1_10' title="bbox 341 4405 1503 4482">
     <span class='ocr_line' id='line_1_32' title="bbox 341 4405 1503 4482; baseline 0.003 -21"><span class='ocrx_word' id='word_1_263' title='bbox 341 4405 367 4462; x_wconf 79' lang='lat'>⁶.</span> <span class='ocrx_word' id='word_1_264' title='bbox 386 4405 456 4476; x_wconf 77' lang='grc' dir='ltr'>ίιμθι</span> <span class='ocrx_word' id='word_1_265' title='bbox 469 4405 532 4464; x_wconf 70' lang='lat' dir='ltr'>m.</span> <span class='ocrx_word' id='word_1_266' title='bbox 545 4405 584 4466; x_wconf 82' lang='grc' dir='ltr'>ίσ.</span> <span class='ocrx_word' id='word_1_267' title='bbox 598 4405 668 4480; x_wconf 67' lang='grc' dir='ltr'>ἡμῶν</span> <span class='ocrx_word' id='word_1_268' title='bbox 682 4408 733 4466; x_wconf 80' lang='lat' dir='ltr'>Ed.</span> <span class='ocrx_word' id='word_1_269' title='bbox 746 4427 802 4482; x_wconf 73' lang='lat' dir='ltr'>mg.</span> <span class='ocrx_word' id='word_1_270' title='bbox 838 4411 973 4467; x_wconf 81' lang='lat' dir='ltr'>Neutrum</span> <span class='ocrx_word' id='word_1_271' title='bbox 985 4411 1068 4468; x_wconf 75' lang='lat' dir='ltr'><strong>habet</strong></span> <span class='ocrx_word' id='word_1_272' title='bbox 1081 4409 1132 4467; x_wconf 83' lang='lat' dir='ltr'>Ed.</span> <span class='ocrx_word' id='word_1_273' title='bbox 1290 4422 1331 4482; x_wconf 76' lang='grc' dir='ltr'>τη.</span> <span class='ocrx_word' id='word_1_274' title='bbox 1350 4409 1459 4480; x_wconf 71' lang='grc' dir='ltr'>ἴμιλλευ</span> <span class='ocrx_word' id='word_1_275' title='bbox 1471 4411 1503 4466; x_wconf 86' lang='grc' dir='ltr'>Ε.</span> 
     </span>
    </p>
   </div>
   <div class='ocr_carea' id='block_1_8' title="bbox 306 4473 1504 4620">
    <p class='ocr_par' dir='ltr' id='par_1_11' title="bbox 306 4473 1504 4620">
     <span class='ocr_line' id='line_1_33' title="bbox 307 4473 1504 4554; baseline 0.003 -22"><span class='ocrx_word' id='word_1_276' title='bbox 307 4491 349 4532; x_wconf 87' lang='grc' dir='ltr'>το.</span> <span class='ocrx_word' id='word_1_277' title='bbox 368 4473 398 4546; x_wconf 69' lang='grc' dir='ltr'>ην</span> <span class='ocrx_word' id='word_1_278' title='bbox 410 4491 464 4532; x_wconf 83' lang='lat' dir='ltr'>om.</span> <span class='ocrx_word' id='word_1_279' title='bbox 479 4475 581 4548; x_wconf 65' lang='grc' dir='ltr'>Μίμας.</span> <span class='ocrx_word' id='word_1_280' title='bbox 715 4479 758 4536; x_wconf 77' lang='lat'>2⁶.</span> <span class='ocrx_word' id='word_1_281' title='bbox 778 4481 893 4537; x_wconf 73' lang='grc' dir='ltr'>Πιλάτου</span> <span class='ocrx_word' id='word_1_282' title='bbox 906 4481 938 4537; x_wconf 84' lang='grc' dir='ltr'>Ε.</span> <span class='ocrx_word' id='word_1_283' title='bbox 954 4483 1055 4554; x_wconf 75' lang='lat' dir='ltr'>Migue.</span> <span class='ocrx_word' id='word_1_284' title='bbox 1069 4485 1186 4536; x_wconf 79' lang='grc' dir='ltr'>Πιλάτου</span> <span class='ocrx_word' id='word_1_285' title='bbox 1199 4479 1272 4536; x_wconf 83' lang='lat' dir='ltr'>Aub.</span> <span class='ocrx_word' id='word_1_286' title='bbox 1411 4481 1454 4535; x_wconf 79' lang='lat'>28.</span> <span class='ocrx_word' id='word_1_287' title='bbox 1473 4503 1504 4553; x_wconf 79' lang='grc' dir='ltr'>γε</span> 
     </span>
     <span class='ocr_line' id='line_1_34' title="bbox 306 4547 566 4620; baseline 0.023 -20"><span class='ocrx_word' id='word_1_288' title='bbox 306 4555 474 4620; x_wconf 65' lang='lat' dir='ltr'>unu-amptum</span> <span class='ocrx_word' id='word_1_289' title='bbox 488 4565 519 4604; x_wconf 83' lang='grc' dir='ltr'>υκ</span> <span class='ocrx_word' id='word_1_290' title='bbox 536 4547 566 4606; x_wconf 76' lang='grc' dir='ltr'>Ε.</span> 
     </span>
    </p>
   </div>
   <div class='ocr_carea' id='block_1_9' title="bbox 0 0 1644 5142">
    <p class='ocr_par' dir='ltr' id='par_1_12' title="bbox 0 0 1644 5142">
     <span class='ocr_line' id='line_1_35' title="bbox 0 0 1644 5142; baseline 0 2"><span class='ocrx_word' id='word_1_291' title='bbox 0 0 1644 5142; x_wconf 95' lang='lat' dir='ltr'> </span> 
     </span>
    </p>
   </div>
  </div>
 </body>
</html>
