3294 5130
154 427 166 493 s
235 426 265 478 M
286 333 376 492 1412
431 334 973 403 B.0YR1LL1ALEXANDR.
1001 332 1283 400 FRAGMENTA
1326 329 1420 407 xi.17
1438 348 1513 411 sqq·

179 438 224 488 ιη
267 465 273 480 .

313 507 334 544 “
352 501 410 577 ε’πί
428 497 474 578 τὰ
490 499 631 604 πονηρὰ
652 503 690 580 ἐκ
709 501 899 600 νεότητος,”
927 495 1185 597 κατακλυσμὸν
1202 501 1276 577 τοῖς
1294 491 1363 573 ἀνὰ
1380 498 1514 571 πᾶσαν

313 619 380 719 τὴν
407 625 476 724 γῆν
502 625 642 728 ἐπηφίει
661 623 764 720 Θεδς,
790 621 865 702 οἶόν
891 657 970 702 τινα
997 627 1113 721 κήπον
1141 615 1419 716 ὑλομανήσαντα
1449 615 1513 691 καὶ

314 743 581 847 κεχερσωμένον
617 745 873 845 ἀνακτώμενος,
907 750 966 825 καὶ
1001 742 1116 850 φυτὸν
1150 745 1187 822 ἐν
1220 742 1316 847 αὐτῷ
1346 734 1514 838 τηρήσας·

316 865 462 968 εὐγενὲς,
496 868 560 949 τὸν
590 869 814 972 πανάριστον
844 873 939 967 Νῶε,
971 869 1014 948 ἵν’
1049 868 1094 974 ἐξ
1122 868 1231 946 αὐτοῦ
1261 862 1303 944 τδ
1335 861 1436 965 γένος
1466 857 1515 939 τὸ

316 990 549 1091 ἀνθρώπινον,
578 998 626 1075 είς
655 992 777 1096 ἐτέραυ
811 989 936 1096 ὥσπερ
972 989 1087 1094 ἀρχὴν
1118 983 1552 1091 μεταστοιχειοιίμενον,5

317 1112 475 1216 σοίζηται
503 1115 616 1196 ποίλιν
642 1117 699 1196 ε’πί
723 1119 787 1213 τῆς
819 1119 896 1218 γῆς.
931 1117 1045 1194 πίστει
1078 1113 1141 1193 οὖν
1169 1107 1409 1214 χρηματισθεὶς
1436 1105 1517 1186 Νῶε

154 1263 253 1313 1s.1>0t
268 1260 304 1312 iii.
321 1235 548 1348 κατεσκεύαζε
576 1237 628 1332 τήν
659 1240 799 1333 κιβωτλι
829 1247 874 1324 είς
902 1240 1060 1345 σωτηρίαν
1087 1238 1142 1317 τοῦ
1171 1238 1258 1316 ιίκον
1286 1235 1395 1322 αὐτού,
1424 1241 1446 1278 “
1463 1235 1518 1313 είς

151 1343 294 1457 δίστομα.
320 1369 341 1407 “
359 1357 403 1459 ἣν
421 1361 540 1464 ὀλίγαι
566 1361 751 1442 τοντείττιν
774 1359 868 1442 ὀκτὼ
893 1365 1009 1466 ψυχαί
1035 1359 1265 1458 διεσώθησαν
1288 1356 1331 1437 δι’
1352 1353 1515 1439 ὕδατος·”

153 1457 221 1522 3η
319 1485 383 1580 μία
402 1483 557 1588 μὲνγὰρ
575 1483 794 1592 ἐξενήνεκται
823 1482 978 1564 θανάτου
996 1487 1124 1591 φῆφος
1151 1479 1243 1562 κατὰ
1269 1477 1414 1561 πάντων
1440 1486 1518 1558 τῶν

319 1609 376 1686 ἐπί
403 1611 467 1705 τῆς
486 1612 565 1710 γῆς,
591 1607 865 1708 πεπληθυμένης
893 1607 1061 1708 δηλονότι
1088 1611 1152 1705 τῆς
1179 1604 1354 1707 ἁμαρτίας
1379 1605 1438 1683 καὶ
1464 1608 1517 1686 είς
1536 1636 1578 1677 10

320 1728 526 1830 ἀβούλητον
544 1729 656 1834 ὀργήν
675 1728 885 1831 καλεσάσης
903 1729 967 1811 τὸν
985 1728 1225 1831 Δημιουργόν·
1259 1728 1343 1806 ἀλλ’
1362 1725 1519 1830 ἐσώζετο

321 1857 462 1932 πανοικὶ
480 1854 611 1938 δίκαιος
631 1851 711 1932 ὧνὸ
727 1859 820 1933 Νῶε·
848 1855 1060 1934 πεπίστευκε
1078 1851 1150 1954 γὰρ
1168 1857 1220 1959 τῷ
1233 1855 1318 1957 Θεῷ
1330 1849 1519 1952 προστάτ-

321 2009 420 2055 τοντι
452 1974 719 2056 κατασκευάσαι
758 1975 823 2077 τήν
861 1979 1015 2071 κιβωτδι,
1049 1978 1106 2056 καί
1138 1972 1366 2070 βεβιὶπτιστο
1397 1969 1462 2070 μέν
1494 1971 1519 2070 ἡ

323 2098 504 2195 σύμπασα
549 2103 608 2200 γῆ,
645 2098 667 2198 ἡ
704 2097 743 2178 δέ
779 2108 852 2184 τοῖς
889 2102 1017 2179 ὕδασιν
1064 2097 1262 2203 ἐπενήχετο,
1298 2095 1519 2198 κυβερνήτην

324 2229 495 2314 λαβοῦσα
512 2217 577 2301 τὸν
603 2227 677 2302 τῶν
702 2220 801 2302 ὅλων
825 2227 975 2326 σωτῆρα
993 2221 1099 2303 Θεόν·
1129 2224 1186 2300 καί
1205 2220 1250 2323 ἧν
1268 2222 1305 2300 ἐν
1322 2221 1412 2325 αὐτῇ
1439 2219 1516 2298 λεί·
1535 2256 1578 2316 15

324 2349 445 2450 φανον
476 2340 748 2446 ἀνθροιπότητος
780 2345 870 2446 ὁμοῦ
899 2345 1042 2452 γυναιξί
1069 2347 1129 2424 καί
1162 2343 1305 2429 τέκνοις·
1344 2346 1364 2424 ὁ
1394 2344 1520 2423 πίστιν

325 2465 487 2573 ἔχωντί)
515 2465 691 2572 καύχημα.

202 2733 235 2796 ¹7
252 2737 314 2798 sqq·
414 2719 524 2788 Πίστει
551 2724 770 2813 προσήνεγκεν
792 2723 941 2814 Ἀβραὰμ
967 2724 1023 2791 τδν
1045 2725 1158 2792 Ἰοαὰκ
1185 2695 1423 2814 πειραςδιιενοε.

382 2907 480 2987 Ἀλλ’
510 2909 552 2989 ού
577 2909 728 3009 δύναμαι
758 2919 822 2990 τοῦ
850 2909 1012 3013 μεγάλου
1041 2911 1168 2991 τούτου
1194 2913 1398 3008 ἀποστῆναι
1428 2907 1520 2988 θαύ-

327 3057 449 3128 ματος·
496 3032 705 3133 πρεσβύτης
734 3031 778 3133 ήν
810 3035 830 3112 ὁ
862 3035 1033 3134 μακοίριος
1066 3032 1248 3134 Ἀβραὰμ,
1286 3031 1421 3136 ἐθρήνει
1456 3029 1524 3130 τήν
1538 3069 1583 3110 20

327 3152 505 3252 ἀπαιδίαν,
523 3154 631 3258 ἐζήτει
658 3155 758 3260 παρὰ
776 3164 872 3237 Θεοῦ
895 3154 1119 3260 κληρονόμον
1142 3156 1186 3263 ἐξ
1211 3156 1408 3258 ε’λευθέρας·
1446 3151 1524 3234 εἶτα

329 3274 466 3372 λαβὼν,
486 3280 542 3355 καί
562 3280 614 3357 ἐπ’
635 3281 731 3387 αὐτῷ
754 3287 879 3360 πᾶσαν
898 3281 991 3386 ἔχων
1009 3278 1075 3379 τήν
1090 3288 1155 3359 τοῦ
1172 3281 1296 3383 γε’νους
1314 3280 1443 3359 ἐλπίδα
1465 3279 1524 3356 καὶ

329 3393 454 3497 τὸτῆς
476 3399 571 3486 θείας
599 3400 828 3506 ὑποσχέσεως
850 3400 967 3495 τέλος,
988 3401 1250 3507 προσετάττετο
1278 3402 1374 3482 θύειν
1402 3399 1522 3481 αὐτόν·

331 3517 370 3598 τί
384 3519 446 3598 οὖν
464 3523 484 3599 ὁ
500 3522 728 3624 πρεσβύτης,
760 3527 866 3604 ἐννοῶ
889 3525 954 3624 μὲν
972 3529 1010 3606 ἐν
1029 3525 1132 3610 ὅσαις
1155 3523 1279 3627 γε’γονε
1298 3526 1522 3622 δυσθυμίαις·

332 3641 354 3741 ἡ
375 3641 486 3747 φύσις
508 3645 615 3725 αι’πὸν
632 3645 788 3751 ἐβιάζετο
813 3647 904 3752 πρὸς
930 3650 1204 3755 φιλοστοργίαν,
1221 3647 1265 3727 τὸ
1291 3654 1385 3729 θείαν
1406 3647 1524 3728 ἐκάλει
1540 3677 1585 3738 ²5

331 3763 552 3868 πρόσταγμα
569 3768 658 3870 πρὸς
678 3769 847 3871 ὑπακοήν·
881 3771 1089 3875 προσέκειτο
1107 3777 1159 3879 τῷ
1181 3775 1281 3852 παιδι
1305 3768 1415 3869 μόνον
1433 3769 1527 3876 ἔχων

333 3886 452 3987 αὑτὸν,
481 3890 599 3970 ἐδεδίει
627 3903 878 3995 προσκροῦσαι
907 3900 1002 4003 Θεῷ·
1038 3897 1095 3974 καί
1126 3893 1286 3999 καθάπερ
1316 3928 1351 3974 τι
1380 3895 1527 3996 δένδρον

332 4012 425 4117 με’γα
443 4048 481 4094 τε
503 4017 560 4094 καί
582 4015 844 4115 εύμηκείντατον
861 4025 938 4101 ταῖς
960 4024 1033 4098 τῶν
1050 4017 1190 4118 ἀνήκων
1207 4018 1424 4103 ἀντιπνοίαις
1442 4021 1527 4123 ιηδε

348 4338 354 4350 .
371 4270 546 4396 ιβὼήὶοἷαίιίι
559 4271 657 4329 Maius.
710 4344 716 4356 ι
768 4286 813 4370 173
815 4274 956 4371 ,κούχημα]
971 4275 1106 4331 “Abhinc
1119 4278 1146 4332 in
1160 4276 1250 4360 εοδίοο
1261 4278 1356 4332 lacuna
1369 4275 1398 4331 fit
1410 4276 1529 4331 duorum

331 4355 436 4464 2230?
453 4358 570 4467 8:⁰33?
584 4345 948 4471 issffaffia‘ffiffi‘ffi}
960 4346 1385 4488 ‹ggdffifflgffflmsg
1419 4347 1529 4488 ,unffi

333 4475 610 4600 Liiffiigrferbisque
632 4483 703 4538 illius
728 4485 830 4541 utentia
855 4486 940 4557 magis
964 4485 1094 4558 pertinere
1118 4504 1200 4558 quam
1222 4487 1256 4541 ad
1281 4487 1311 4542 S.
1330 4486 1423 4560 Cyrilli
1446 4503 1531 4560 opera
