3294 5150
153 420 205 486 [⁷⁷
218 421 247 470 M
267 421 279 486 ]
303 335 368 397 310
498 333 537 398 B.
561 330 749 398 CYRILLI
774 329 1039 395 ALEXANDR.
1067 328 1198 394 FRAG.
1243 351 1294 391 xv.
1307 347 1360 407 40,
1375 345 1417 405 42
1430 348 1498 408 sqq.

246 549 250 556 ·
302 504 375 578 τῶν
393 497 545 604 φαύλων
563 495 725 600 ἐργάταις
749 494 792 575 τὸ
815 497 853 575 ε’ν
870 493 1011 600 εὐκλείηι
1038 499 1084 597 τῇ
1110 490 1210 594 παρά
1229 496 1324 570 Θεοῦ
1351 493 1495 594 στεφα-

304 627 456 702 νοῦσθαι
491 620 629 724 πρέπει·
681 620 847 726 ταύτητοι
884 616 1071 723 χρησίμως
1108 613 1290 720 διαφόρων
1326 612 1498 712 μέμνηται

303 741 533 846 σπερμάτων,
554 742 606 826 οἷς
636 747 694 823 καὶ
722 743 871 842 διανέμει
890 740 993 838 Θεὸς,
1014 739 1094 819 καθ’
1116 737 1157 818 όν
1183 737 1228 816 όν
1258 735 1334 817 ἐ’λοι
1363 734 1499 838 τρόπον

304 865 419 964 αὐτὸς,
437 866 479 947 τὸ
505 869 542 946 έν
560 871 683 975 τοιῷόε
710 865 821 971 τυχὸν
846 863 868 967 ἢ
894 864 1034 970 ἑτεροίῳ
1060 861 1222 967 σχήματι
1251 861 1495 966 διαφέρεσθαι·

305 994 398 1095 φησὶ
416 990 487 1094 γάρ
508 993 579 1073 Καὶ
598 993 613 1072 ’ὸ
632 993 777 1098 σπείρεις
797 995 831 1071 οὐ
848 995 883 1070 τὸ
903 987 1009 1094 πόμα
1028 985 1062 1066 τὸ
1082 987 1290 1091 γενησόμενον
1309 987 1462 1092 σπείρεις.
1512 1013 1531 1071 5

255 1235 293 1288 40
485 1223 542 1288 Καί
569 1223 706 1299 σώματα
733 1222 913 1311 ἐπουράνια
941 1223 994 1287 καί
1022 1220 1159 1297 σώματα
1186 1219 1321 1290 ἐπίτεκα.

362 1386 425 1471 Εἷς
444 1385 510 1485 μίν
529 1389 548 1467 ό
568 1387 679 1488 λόγος
697 1383 787 1466 καθὸ
806 1392 915 1483 σῶμα
932 1383 1160 1464 ἑκάστουκαὶ
1179 1381 1256 1463 έστι
1272 1386 1329 1462 καὶ
1346 1382 1497 1483 λέγεται,

304 1510 474 1615 μερίζεται
494 1510 531 1590 δὲ
557 1517 606 1595 είς
625 1510 781 1616 διάφορα
804 1508 889 1590 καθ’
918 1508 1037 1611 ἕτερόν
1055 1543 1135 1588 τινα
1162 1507 1288 1609 λόγον·
1328 1507 1385 1585 καί
1413 1508 1498 1584 ἀνα-

304 1634 475 1730 βιώσεται
503 1633 568 1732 μέν
588 1637 626 1713 ἐν
642 1634 832 1738 ἀφθαρσίᾳ
857 1631 904 1712 τό
929 1632 1075 1714 πάντων
1093 1631 1261 1730 σώματα,
1280 1627 1379 1727 πλὴν
1398 1629 1499 1708 ἔσται

305 1791 358 1841 τις
373 1755 529 1863 διαφορὰ
541 1757 626 1860 περί
642 1791 683 1859 γε
697 1755 763 1855 τὴν
779 1754 890 1862 δόξαν
905 1759 962 1836 καί
977 1753 1042 1855 τὴν
1060 1750 1282 1857 περιστολὴν
1301 1751 1345 1852 ἣν
1363 1758 1498 1832 ποιοῖτο
1514 1797 1554 1837 10

307 1877 411 1976 Θεὸς,
430 1879 475 1958 τό
491 1879 582 1981 πρὸς
601 1879 706 1985 ἀξίαν
723 1878 865 1987 ἑκάστῳ
884 1877 1069 1977 διανέμων.

342 2111 430 2175 Ἀλλ’
459 2112 556 2200 ἑτέρα
583 2112 640 2188 μὲν
668 2112 687 2176 ιί
717 2111 783 2177 τῶν
810 2109 1016 2198 ἐπουρανίων
1044 2109 1133 2188 δόξα,
1160 2111 1256 2199 ἑτέρα
1284 2109 1320 2176 δὲ
1347 2111 1367 2175 εί
1395 2111 1460 2176 τῶν

820 2234 983 2311 ἐπιγείων.

360 2401 499 2480 Ἰστέον
521 2400 575 2480 ότι
604 2405 708 2482 δυσίν
733 2401 860 2506 ἀρτίως
887 2400 1189 2504 παραδειγμάτων
1210 2409 1258 2486 είς
1285 2403 1399 2501 μέσον
1418 2404 1500 2502 ἡμῖν

305 2525 622 2629 παρενηνεγμένοιν
656 2535 719 2606 τοῦ
756 2561 793 2606 τε
831 2523 922 2605 κατὰ
952 2523 1015 2606 τὸν
1045 2525 1173 2606 κόκκον
1204 2529 1308 2634 φημί,
1346 2531 1404 2606 καὶ
1436 2536 1499 2607 τοῦ
1517 2569 1557 2628 15

306 2651 569 2754 διεκφαίνοντος
596 2647 662 2750 τὴν
684 2656 756 2730 τῶν
781 2650 952 2751 οὐρανίων
971 2649 1153 2746 σωμάτων
1180 2649 1245 2751 τὴν
1270 2653 1318 2735 ὡς
1346 2653 1383 2730 έν
1411 2649 1501 2758 δόξη

307 2772 493 2878 διαφοράν,
514 2775 685 2880 ἀποφέρει
711 2773 797 2857 τέως
822 2773 911 2877 πρὸς
938 2771 1004 2874 τὴν
1022 2781 1084 2853 τοῦ
1108 2774 1252 2877 πρώτου
1272 2775 1420 2874 δύναμιν
1437 2779 1502 2874 τῆς

307 2903 379 2977 τῶν
398 2903 530 3000 νεκρῶν
548 2896 783 2982 ἀναστάσεως
801 2896 999 3004 ἐμφέρειαν,
1022 2897 1084 2976 καί
1099 2905 1192 3004 φησι
1212 2895 1253 2979 τὸ
1271 2899 1367 3005 ἑξῆς·

183 3159 295 3219 4zsqq.
490 3129 665 3219 Σπείρεται
688 3131 722 3195 ἐν
751 3137 870 3222 φθορᾷ,
896 3131 1055 3220 ἑτείρεται
1082 3133 1117 3198 ὲν
1145 3130 1322 3224 ἀφθαρσίᾳ.

357 3291 500 3396 ’Όνπερ
528 3290 599 3397 γάρ
627 3291 761 3397 τρόπον
789 3295 808 3372 ό
836 3302 900 3375 τοῦ
927 3295 1033 3375 σίτου
1066 3295 1192 3381 κόκκος
1220 3298 1502 3397 ε’γκατοβληθείς
1518 3343 1560 3382 20

309 3423 360 3525 τῷ
385 3415 497 3524 βώλῳ
516 3416 649 3518 γυμνὸς
677 3419 734 3497 καὶ
762 3416 892 3520 νεκρὸς,
912 3421 949 3497 ἔν
970 3427 1172 3526 περιστολῇ
1194 3419 1363 3518 σώματος
1389 3423 1446 3500 καὶ
1464 3421 1503 3500 έν

309 3537 500 3645 προσθήκῃ
526 3538 683 3626 κάλλους
707 3541 846 3647 ἀναφύς
868 3541 1091 3644 θαυμάζεται,
1110 3543 1202 3623 κατά
1218 3541 1281 3624 τὸν
1300 3542 1407 3624 αὐτὸν
1422 3579 1504 3624 του-

310 3667 386 3743 τονὶ
409 3662 542 3766 τρόπον
561 3667 619 3744 καὶ
644 3665 685 3744 τὸ
710 3653 932 3765 όνθριόπινον
951 3673 1059 3766 σῶμα
1078 3671 1250 3776 σπείρεται
1268 3666 1334 3766 μέν
1352 3668 1381 3748 ἐν
1399 3665 1505 3778 φθορᾷ

310 3790 368 3867 καί
395 3789 424 3868 ἓν
447 3785 596 3898 ἀσθενείᾳ
622 3822 659 3868 τε
686 3793 744 3868 καί
772 3791 801 3869 ἓν
823 3791 958 3900 ἀτιμία,
976 3791 1076 3890 πλὴν
1094 3790 1334 3886 ἀναβιώσεται
1358 3796 1442 3895 τιμῇ
1464 3825 1504 3869 τε

311 3914 369 3992 καὶ
394 3909 572 4021 ἀφθαρσίᾳ
590 3915 649 3991 καί
666 3910 737 4011 μὴν
756 3915 812 3993 καί
832 3908 968 4019 όυνάμει
989 3916 1318 4020 κατημφιασμένον.
1347 3914 1449 4021 ἀξιον
1467 3913 1505 3994 δὲ
1520 3949 1561 4007 25

311 4034 495 4135 θαυμάσαι
518 4044 583 4116 τοῦ
608 4034 873 4138 θεηγόρου,τὴν
892 4041 1014 4141 νῆφιν·
1052 4038 1304 4140 ἐρηρεισμένην
1324 4037 1394 4140 γὰρ
1414 4037 1506 4142 έχων

310 4157 376 4258 τὴν
392 4159 526 4255 πίστιν,
546 4164 603 4241 καὶ
623 4159 677 4240 ότι
694 4157 811 4259 πάντη
830 4195 868 4240 τε
888 4164 944 4240 καὶ
962 4159 1106 4245 πάντως
1124 4159 1363 4258 ἀναβιώσεται
1381 4194 1507 4242 πεποι-

312 4279 396 4378 θὼς,
417 4287 541 4388 σπορᾷ
567 4281 765 4386 παρεικάζει
792 4283 859 4384 τὴν
877 4293 941 4364 τοῦ
967 4286 1137 4384 σῶμάτος
1165 4283 1316 4394 φθοράν,
1336 4283 1508 4389 εὐτέχνως

346 4485 372 4542 5.
391 4473 610 4544 φησὶ-σπείρεις
622 4484 759 4547 assumpta
771 4495 801 4532 ex
815 4477 848 4532 Α.
983 4479 1009 4534 6.
1031 4478 1091 4535 Hoc
1104 4479 1224 4536 scholion
1237 4486 1407 4550 assumptum
1419 4495 1452 4534 ex
1468 4477 1507 4533 H.

314 4559 356 4608 24.
376 4542 403 4594 ἐν
415 4543 460 4596 alt.
473 4559 526 4596 om.
542 4544 645 4613 Migne.
