3294 5150
316 329 381 394 272
483 330 522 397 B.
546 329 734 394 CYRILLI
761 328 1027 396 ALEXANDR.
1054 327 1347 393 FRAGMENTA.
1391 327 1446 391 vii.
1462 326 1510 390 18.

231 425 269 477 M.

165 423 219 492 [⁵9
280 427 557 591 1ἐιτισπῖισθαι,
592 494 755 574 τουτέστι
788 497 1046 595 παλινδρομεῖν
1081 497 1130 576 είς
1161 491 1418 595 ἀκροβυστίαν,
1454 491 1511 568 καὶ

315 613 381 713 τὴν
398 620 462 715 τῆς
480 614 616 719 σαρκὸς
634 615 912 719 καταβιάζεσθαι
927 616 1055 722 φύσιν·
1082 621 1115 695 οἱ
1134 612 1247 715 γεμὴν
1264 613 1308 720 ἐξ
1323 614 1511 712 ἐλληνικῆς

314 739 497 843 ἐρχόμενοι
528 737 685 841 πλάνης,
720 739 821 842 παρὰ
853 747 926 820 τῶν
956 739 1006 819 ἐτι
1034 737 1101 837 τὴν
1130 740 1169 818 ἐν
1201 736 1298 845 νόμιρ
1327 735 1511 834 τιμώντων

315 860 423 942 σκιὰν
440 864 535 968 τάχα
555 899 626 944 που
649 862 903 961 μανθάνοντες,
924 866 972 947 ὡς
990 862 1069 943 ἐστι
1093 867 1215 965 χρῆμα
1234 862 1351 958 τίμιον
1369 861 1391 960 ἡ
1409 892 1509 960 περι-

194 1013 240 1066 60
255 1010 303 1067 Μ.
315 983 417 1083 τομὴ,
436 989 495 1066 καὶ
514 993 629 1068 πᾶσιν
654 989 767 1089 ἁγίοις
788 987 1036 1087 τετηρημένον,
1058 985 1171 1065 καίτοι
1199 983 1264 1083 τὴν
1280 983 1406 1064 πίστιν
1428 982 1542 1070 ἕσθ’5

316 1107 374 1188 ὅτε
401 1109 693 1216 παραδεξάμενοι,
717 1113 947 1189 ἐπετελοῦντο
974 1111 1094 1210 σαρκὶ,
1118 1107 1279 1210 καθάπερ
1302 1105 1425 1206 ἀμέλει
1454 1108 1512 1184 καὶ

316 1238 388 1310 τῶν
406 1235 443 1312 ἐν
463 1235 625 1340 Γαλατία
644 1232 743 1330 τινές,
763 1230 815 1317 οῖς
833 1235 891 1312 καὶ
910 1233 929 1310 ὃ
949 1230 1142 1315 θεσπέσιος
1162 1236 1311 1314 Παῦλος
1330 1226 1506 1326 ἐπιπλήτ-

316 1387 366 1434 τει
384 1356 501 1458 λέγων
520 1366 542 1404 “
556 1355 814 1462 Ἐναρξαίμενοι
831 1355 1006 1452 πνεύματι
1028 1363 1092 1434 νῦν
1110 1355 1220 1456 σαρκὶ
1238 1355 1459 1434 ἐπιτελεῖσθε
1471 1349 1509 1442 ;”

315 1477 383 1556 ε”δει
401 1480 519 1558 τοίνυν
537 1485 654 1585 σαφεῖ
673 1483 731 1558 καὶ
755 1477 1005 1586 ἐναργεστάτην
1031 1477 1231 1581 κηρύγματι
1254 1480 1318 1575 τῆς
1343 1476 1511 1575 ἀληθείας

316 1603 434 1686 αὐτοῖς
458 1605 643 1704 ἀνευρῦναι
668 1601 733 1700 τὴν
752 1601 846 1701 ὁδὸν,
865 1605 923 1682 καὶ
947 1605 995 1686 ὡς
1014 1602 1036 1701 ἡ
1055 1599 1216 1708 περιτιμῖη
1240 1595 1323 1681 οὐδέν
1342 1601 1413 1680 ε’στι
1438 1604 1511 1678 τῶν
1526 1634 1563 1673 ιο

316 1724 443 1803 ἄλλων
460 1727 617 1804 ἐντολῶν
634 1734 698 1803 τοῦ
717 1730 812 1804 Θεοῦ
829 1722 1057 1828 ἐστερημένη·
1089 1723 1218 1822 ὁμοίως
1236 1722 1275 1803 δέ
1296 1732 1355 1804 καὶ
1376 1727 1393 1816 ἡ
1412 1729 1509 1828 dupo-

315 1849 446 1942 βυστίιι
466 1843 552 1926 οὐδέν
570 1848 640 1927 ἐστι
658 1846 710 1947 μὴ
724 1849 942 1956 εῦαγγελικῲ
960 1850 1030 1957 βίῳ
1049 1846 1308 1947 κεκοσμημένη.
1414 1930 1416 1934 ⁴
1454 1909 1460 1924 .

374 1970 558 2072 Προσήκει
582 1969 700 2050 τοίνυν
719 1971 783 2050 τὸν
800 1974 1016 2072 κεκλημένον
1035 1973 1065 2053 ἐν
1085 1978 1123 2086 τῇ
1145 1973 1263 2065 κλίσει
1280 1968 1397 2068 με’νειν
1416 1969 1511 2053 ὅπως

315 2091 360 2172 ἂν
378 2091 453 2196 ἐχοι
472 2091 672 2198 σχήματος·
702 2094 837 2192 μέτεισι
856 2094 894 2174 δέ
913 2096 1113 2198 ἀναγκαίως
1127 2096 1184 2174 ἐπὶ
1203 2091 1244 2172 τὸ
1258 2096 1386 2196 χρῆναι
1399 2090 1512 2172 πάλιν

316 2218 526 2320 δυσφημίαν
544 2215 666 2316 ἐτέραν
687 2222 877 2323 μονονουχὶ
901 2221 1102 2312 ἀποσοβεῖν
1120 2225 1183 2297 τοῦ
1209 2217 1305 2296 θείου
1329 2214 1511 2318 κηρῦγμα-
1528 2255 1565 2312 ¹5

315 2370 387 2424 τος·
418 2348 557 2438 πνεῦμα
577 2339 642 2437 μέν
659 2339 730 2443 γὰρ
749 2342 912 2427 δουλείας
935 2340 980 2440 ἦν
998 2343 1036 2422 ἐν
1055 2349 1128 2424 τοῖς
1155 2339 1224 2421 ῦπῖι
1252 2337 1373 2439 νόμον·
1409 2336 1450 2420 τῦ
1472 2337 1511 2419 δέ

315 2465 502 2560 θέσπισμα
538 2461 580 2543 τὸ
615 2465 858 2566 εῦαγγελικὸν,
891 2471 953 2563 τῆς
986 2466 1164 2548 υἱοθεσίας
1193 2463 1234 2543 τῦ
1266 2471 1406 2560 πνεῦμα
1438 2469 1511 2546 τοῖς

316 2586 495 2666 πιστεύειν
520 2587 709 2666 ἐθέλουσιν
732 2589 889 2668 ἐνίεσθαί
910 2597 1038 2692 φησιν,
1056 2591 1114 2667 καὶ
1139 2589 1202 2666 οῦκ
1227 2586 1277 2665 ε”τι
1301 2594 1438 2665 καλοῦν
1463 2591 1511 2670 είς

317 2711 489 2806 δουλείαν,
509 2713 593 2790 ἀλλ’
614 2717 662 2794 εἷς
681 2713 867 2814 ἐλεύθερον
884 2712 1035 2818 ἀξίωμα.

356 2917 395 2972 16.
414 2921 444 2972 τὸ
461 2919 489 2972 δέ
506 2920 640 2992 θέσπισμα
655 2924 685 2975 τὸ
701 2924 867 2993 εὐαγγελικδν
878 2924 922 2991 τῆς
936 2921 1007 2976 edidi
1023 2939 1056 2976 ex
1070 2921 1102 2976 Α.
1121 2921 1147 2976 τί
1159 2921 1186 2976 δέ
1204 2920 1339 2990 θέσπισμα
1357 2921 1386 2974 τὸ
1404 2918 1510 2990 εῦαγγι·

317 2991 406 3052 λασίας
424 2991 470 3058 τῆς
482 2989 533 3046 Ed.
713 2993 754 3047 18.
769 2994 810 3046 καὶ
822 3002 990 3063 assumptum
1003 3010 1034 3046 ex
1048 2993 1081 3046 A.
