3278 5130
112 385 134 453 ῐ.
150 403 182 476 3,
193 409 225 470 4.
356 385 411 455 ιιι
439 385 699 456 οςιςςοιιιιι
728 386 792 456 ιο
823 387 1074 454 nmmos
1247 391 1317 456 τις

113 551 269 650 αἵματος·
292 553 416 634 αὐτοῦ,
452 556 500 638 ὡς
526 553 599 657 γάρ
617 551 722 637 αιἰτός
750 565 867 660 φησιν
885 554 909 632 δ
928 550 1147 658 σοφώτατος
1163 491 1470 637 Παῦλοςμοω]

113 685 138 724 “
155 677 227 756 Ἐν
251 672 283 786 ᾧ
306 675 434 782 ἔχομεν
460 675 526 778 τήν
551 676 816 827 ἀπολύτρωσιν
835 675 894 756 διὰ
922 684 986 756 τοῦ
1013 677 1160 774 αἵματος
1187 677 1309 773 αῦτοῦ,
1324 696 1451 764 Εραῑι.

113 797 221 898 “τήν
239 800 439 906 ἄφεσιν
389 834 462 880 των
480 799 805 903 παραπτωμάτων]
806 797 986 907 ’γράφει
1011 799 1049 880 δὲ
1066 802 1128 880 ὡδὶ
1152 803 1210 880 καὶ
1227 801 1307 879 ’·Ιω

112 919 224 1021 ἀννης
242 926 323 1025 περὶ
340 958 404 1004 του
387 928 519 1004 θεοῦ
540 957 599 1003 και
586 920 764 1024 Πατρός
792 933 813 970 “
831 921 922 1003 Εάν
938 929 1188 1024 περιπατῶμεν
1205 925 1243 1001 ε’ν
1260 956 1340 1065 τῳ
1294 927 1374 988 1S
1382 935 1479 986 ΜΝ·

81 1055 140 1127 5“
159 1047 254 1152 φωτι
284 1047 468 1125 κοινωνίαν
497 1045 624 1196 ἔχομεν
655 1080 722 1146 μετ
764 1047 873 1126 αύτοῦ
906 1047 965 1126 καὶ
997 1043 1039 1125 τὸ
1071 1044 1159 1143 αΙμα
1188 1012 1348 1144 Ιησον7

115 1178 140 1215 “
158 1173 325 1270 Χριστοῦ
342 1202 406 1249 του
389 1171 574 1249 Υὶοῦ’
532 1203 640 1250 αιποο
623 1167 877 1272 καθαρίζει
857 1175 948 1268 ημᾶς
966 1165 1039 1249 ἀπὸ
1057 1168 1180 1268 πάσης
1198 1169 1314 1270 ἁμαρ-

117 1300 142 1339 “
159 1289 272 1374 τίας.”
310 1292 431 1390 αἵματι
449 1289 493 1391 δή
512 1293 574 1372 οδν
592 1293 878 1394 κεκαθαρίσμεθα
902 1297 953 1400 τῷ
977 1292 1068 1400 ἁγίιρ
1086 1299 1150 1371 τοῦ
1168 1289 1314 1372 πάντων

116 1414 221 1514 ἡμῶν
240 1417 406 1516 Σωτῆρος
423 1419 600 1517 Χριστοῦ,
620 1412 660 1498 ὃς
681 1413 862 1495 κεκάθικεν
880 1415 917 1495 ’ίι
940 1411 1034 1524 δεξίρ
1061 1412 1118 1507 τῆς
1145 1433 1315 1518 μςγολικ

117 1535 215 1630 σύνηε
233 1537 262 1618 ἓν
280 1529 440 1645 ὑψηλοῖς,
457 1533 545 1618 πότε
563 1535 606 1616 δέ
618 1569 634 1635 3⁴
662 1536 720 1618 ὅτε
740 1536 944 1646 καθαρισμῦν
962 1536 1156 1637 ἐποιήσατο
1174 1535 1232 1616 διὰ
1250 1542 1315 1616 τοῦ

53 1689 106 1732 10
119 1657 268 1758 αἵματος
299 1660 423 1758 αὐτοῦ,
451 1657 532 1740 τότε
567 1660 714 1740 καθίσαι
750 1659 909 1762 λέγεται,
937 1663 1154 1762 γεγενῆσθαι
1186 1657 1224 1739 δὲ
1255 1661 1314 1738 καὶ

121 1783 272 1888 κρείττων
289 1779 462 1888 ἀκγγιλοι,
482 1786 752 1886 κληρονομῆσαι
778 1782 816 1862 δὲ
841 1787 920 1886 παρ’
943 1781 1060 1868 αὐτοῦς
1084 1780 1126 1861 τὸ
1150 1779 1315 1889 διαφορού-

118 1939 205 2011 τιριν
236 1905 355 2012 ίνιμιι·
391 1903 559 2006 κέκληται
588 1905 661 2010 γὰρ
688 1903 787 1990 Υὶύς.
826 1904 950 2008 γε’γονε
974 1904 1040 2005 μίν
1066 1902 1138 2008 γάρ
1165 1902 1314 2010 σάρξά

120 2023 243 2130 Λόγος
273 2027 388 2108 καίτοι
418 2027 538 2130 Λόγος
571 2025 621 2108 ιῦν
653 2030 714 2109 καὶ
743 2027 969 2132 ἀπαύγασμα
1004 2031 1068 2128 τῆς
1105 2025 1214 2134 δόξης
1250 2033 1315 2106 τοῦ

121 2147 268 2252 Πατρός
285 2151 344 2230 καὶ
362 2153 427 2250 τῆς
445 2149 680 2234 ὑποστάσεως
698 2151 806 2230 αῦτοῦ
824 2149 1022 2256 χαρακτὴρ,
1035 2151 1097 2231 οῦκ
1117 2150 1187 2257 ἰδίᾳ
1205 2149 1316 2257 φύσει

57 2307 107 2369 ι5
120 2270 329 2371 ποιούμενος
355 2277 419 2373 τῆς
445 2271 536 2374 μετά
553 2271 690 2377 σαρκὸς
711 2272 910 2372 οἰκονομίας
933 2273 976 2353 ἵν’
996 2274 1108 2356 οῦτως
1129 2273 1216 2353 ε’ίπω
1232 2270 1316 2356 τοῦς

120 2394 264 2480 πόνους·
303 2394 463 2494 ῦπίμεινε
488 2394 559 2499 γάρ
586 2392 780 2501 (ιστανρδν
806 2395 979 2500 αἰσχύνης
1003 2396 1313 2503 καταφρονήσας,ῗ’
1327 2425 1482 2477 lnfmiia.

121 2518 262 2614 ἀτιμίας
278 2552 317 2600 τε
335 2522 394 2599 καὶ
413 2521 531 2622 ὕβρεις
549 2520 608 2601 καὶ
627 2518 879 2619 ε’μππιίσμοτα·
899 2520 999 2632 ’ἀλλ’
1018 2519 1060 2598 ἵν’
1079 2519 1171 2618 ἡμᾶς
1190 2522 1313 2599 ἀπαλ-

122 2639 221 2748 λάξῃ
237 2639 372 2727 παντὸς
393 2651 586 2742 μολυσμοῦ
604 2643 726 2744 αἵματι
743 2647 797 2749 τῷ
817 2641 894 2748 ἰδίῳ
913 2639 1090 2744 καθαροῦς
1114 2641 1317 2748 ἀποφήνας,

122 2762 275 2871 συνάψῃ
303 2764 342 2846 δὲ
369 2766 416 2845 δι’
436 2767 561 2918 εὀυτρῦ
586 2771 637 2874 τῷ
655 2766 739 2871 θεῷ
759 2767 818 2844 καὶ
837 2764 971 2866 Πατρί·
1009 2773 1032 2811 “
1045 2765 1089 2842 δι’
1108 2766 1217 2844 αῦτοῦ
1243 2763 1315 2869 γὰρ
1328 2789 1393 2855 Eph.
1405 2789 1430 2838 ιι.
1442 2789 1481 2840 ιιι.

61 2895 134 2966 20‘
135 2885 230 2987 ιτήν
246 2888 524 3042 προσαγωγὴν”
548 2887 765 2993 ἐσχήκαμεν,
782 2890 840 2967 καὶ
864 2884 969 2970 αι’πύς
990 2888 1090 2966 ἔστιν
1106 2921 1129 2986 η
1118 2886 1240 3038 θύρα
1256 2892 1315 2968 καὶ

120 3044 145 3110 η
133 3009 259 3094 οδος
298 3011 444 3111 πλήν’
416 3046 445 3092 ει
467 3045 525 3092 και
546 3012 672 3116 γε’γονε
696 3009 867 3117 “σάρξ
852 3044 871 3089 ο
890 3005 1008 3112 Λόγος
1027 3011 1086 3088 καὶ
1110 3009 1314 3110 ἐσκήνωσεν
1327 3028 1356 3079 S
1360 3029 1464 3078 Joumi

121 3135 182 3183 “⁹
163 3168 201 3214 εν
215 3134 319 3236 ἡμῖν,
320 3135 519 3215 ἴδιον
464 3168 573 3234 empta
600 3131 841 3232 ποῑησῡῖθέθῡς
867 3167 910 3212 ΤΟ
931 3166 971 3212 ⁶¹<
992 3137 1057 3234 Τῆς
1085 3166 1189 3236 “me
1214 3166 1312 3236 παρ’
1330 3107 1368 3158 ¹4

120 3256 225 3338 θίνου
248 3255 404 3363 ληφθὲν,
423 3258 509 3337 ἀλλ’
529 3259 595 3337 οῦν
613 3259 651 3337 ε’ν
673 3255 762 3363 δόξῃ
786 3258 844 3336 καὶ
869 3253 980 3361 φύσει
1003 3252 1215 3356 θεότητος’
1191 3291 1238 3356 ην
1256 3259 1315 3336 καὶ

120 3385 195 3460 τῶν
217 3378 423 3484 ύπερτάτων
440 3387 504 3460 τοῦ
521 3385 617 3461 Θεοῦ
644 3382 702 3460 καὶ
730 3378 874 3480 Πατρός
902 3380 965 3458 οῦκ
993 3378 1134 3477 ἀπέστη
1162 3378 1313 3482 θρόνων.

63 3499 167 3604 εεῆν
186 3500 342 3606 μὲνγὰρ
369 3503 559 3606 ἅνθρωπος
584 3505 642 3583 ε’πὶ
669 3505 747 3605 γῆς,
769 3501 929 3602 ἐπλήρου
956 3501 993 3582 δὲ
1020 3498 1134 3581 πάλιν
1159 3502 1223 3583 τὸν
1250 3503 1311 3582 οῦ·

118 3621 231 3730 ρανδν
259 3627 318 3706 καὶ
346 3623 392 3726 ἦν
419 3628 527 3706 αῦτοῦ
553 3624 601 3705 τά
626 3625 746 3706 πάντα
775 3623 906 3726 μεστιί.
947 3626 1006 3704 καὶ
1034 3622 1221 3723 ήλάττωτο
1250 3623 1468 3722 pinnum

119 3745 241 3852 βροχῦ
262 3747 346 3851 παρ’
366 3746 544 3852 ἀγγέλους
569 3749 626 3828 διά
654 3782 697 3850 γε
721 3747 763 3830 τὸ
784 3751 848 3846 τῆς
869 3747 1141 3849 ἀνθρωπότητος
1168 3745 1311 3848 με’τρον·

120 3871 340 3972 ῦποκάθηται
358 3868 431 3974 γάρ
448 3877 520 3952 τῶν
539 3867 706 3975 ἀγγίλων
723 3867 766 3951 τῦ
785 3867 923 3953 εῦκλείς
940 3869 963 3967 ἡ
979 3868 1170 3970 ἀνθρώπου
1187 3867 1312 3976 φύσις·

118 3990 166 4092 ἦν
183 3994 221 4074 δὲ
241 3997 300 4075 καὶ
327 3997 439 4078 οὕτως
465 3995 558 4100 ἔχων
586 4004 607 4041 “
623 3992 785 4096 ῦπεροίνω
812 3991 935 4091 πάσης
953 3994 1066 4096 ἀργῶς
1092 3990 1258 4096 ε’ξοοσίας
1276 4023 1315 4069 τε
1328 4017 1470 4080 ομνια.

65 4145 106 4202 30
121 4127 144 4164 ‘⁶
159 4119 218 4196 καί
235 4116 439 4220 κυριότητος
459 4119 517 4196 καὶ
535 4112 668 4199 παντὸς
685 4115 858 4214 ὀνόματος
871 4111 1127 4216 ἀνομοᾷνμίνοο
1146 4114 1188 4192 οῦ
1205 4110 1316 4212 μόνον

121 4249 144 4288 “
161 4242 199 4320 ίν
216 4244 268 4346 τῷ
292 4245 392 4320 αίῶνι
417 4239 532 4348 τούτῳ
551 4238 651 4319 ἀλλά
677 4241 733 4318 καὶ
756 4240 793 4317 ἐν
811 4241 862 4344 τῷ
884 4234 1088 4334 μίλλοντι.”
1127 4239 1185 4315 καὶ
1210 4241 1315 4315 τοῦτο

121 4360 221 4448 είδάις
250 4364 271 4441 ὁ
299 4363 492 4447 θεσπέσιος
527 4360 658 4470 γρύφει
694 4366 842 4446 Παῦλος
875 4369 896 4408 “
918 4359 1115 4438 Γινώσκετε
1148 4356 1221 4462 γάρ
1249 4357 1316 4460 τήν
1327 4377 1470 4510 ξῦον-νῆϊ-

537 4612 578 4671 ¹7·
596 4597 693 4670 ὕβρεος
703 4615 838 4668 perperam
853 4597 900 4656 Cr·

164 4698 235 4745 von.
252 4701 296 4748 ιιι.
698 4701 717 4766 3
733 4699 753 4744 ο
