3280 5142
125 319 201 386 xix.
219 343 336 410 13,14.
417 327 472 392 IN
502 328 537 394 S.
561 328 582 393 J
587 327 819 394 OANNBM.
865 326 961 392 ΙιΙΒ.
984 325 1064 391 XII.
1298 322 1338 388 75

127 493 153 530 “
174 488 432 594 προσογάγετε
450 490 528 592 ὧδε,
547 494 615 575 υἱοὶ
637 492 774 593 άνομοι,
792 491 941 597 σπίρμα
958 497 1095 596 μοιχῶν
1114 492 1172 570 καὶ
1190 487 1338 591 πόρνης,

127 617 154 656 “
173 611 215 690 ἐν
232 611 302 693 τίνι
321 615 612 725 ἐνετρυφήσατες
643 623 702 699 καὶ
720 618 778 698 ἐπὶ
795 619 875 699 τίνα
893 613 1099 722 ἐχαλάσατε
1124 611 1189 715 τὴν
1207 618 1338 717 γλῶσ-

127 741 155 781 “
174 767 253 816 σαν
281 739 392 838 ὑμῶν,
419 741 478 822 καὶ
506 743 563 823 ἐπὶ
591 741 661 822 τίνι
690 741 856 850 ἠνοίξατε
884 740 927 822 τὸ
958 738 1081 840 στόμα
1110 741 1233 839 ὑμῶν,
1274 736 1376 840 οάχᾱ

129 868 156 906 “
177 860 278 960 ὑμεῖς
296 865 380 944 ἐστε
397 863 502 946 τέκνα
521 867 712 964 ἀπωλείας,
731 863 878 969 σπέρμα
896 863 1030 965 ἀνομον
1045 865 1080 964 ;”
1109 864 1151 944 οά
1169 860 1241 966 γάρ
1258 857 1340 941 καθ’

95 982 218 1069 5ἐνδς
245 993 319 1068 τῶν
338 987 522 1094 τυχόντων
547 993 732 1072 ἐποιοῦντο
759 989 826 1090 τὴν
850 989 1044 1090 καταβοὴν,
1070 991 1128 1069 καὶ
1154 985 1221 1087 τὴν
1246 983 1340 1066 ἀπό·

132 1118 263 1190 λωτον
286 1112 529 1199 άπλιόσαντες
556 1122 751 1218 γλῶσσαν,
773 1121 847 1195 πᾶν
868 1111 959 1200 εἶδος
984 1115 1111 1197 ἀπλῶς
1137 1108 1344 1211 ἐπετήδευον

133 1239 397 1342 συκοφαντίας,
417 1237 519 1319 ἀλλά
546 1241 622 1320 κατ’
643 1241 753 1320 αὐτοῦ
778 1247 842 1320 τοῦ
869 1239 959 1319 ἰδίου
977 1235 1172 1318 Δεσπότου
1197 1236 1256 1314 καὶ
1280 1239 1346 1312 τοῦ

134 1357 289 1440 πάντων
307 1371 522 1466 κρατοῦντος
539 1364 631 1466 μετά
649 1371 714 1444 τοῦ
734 1360 889 1467 Πατρός.
927 1360 1108 1465 τοιγάρτοι
1127 1358 1268 1442 δικαίως
1287 1359 1346 1437 καὶ

136 1483 250 1563 τέκνα
276 1487 460 1573 ἀπωλείας
487 1491 545 1568 καὶ
573 1487 709 1589 ἀνομον
736 1488 883 1591 σπέρμα
910 1482 1196 1592 κεχρηματίκασί
1220 1515 1259 1563 τε
1287 1482 1346 1560 καὶ

86 1641 126 1682 ιο
138 1603 341 1711 γεγόνασιν
363 1612 522 1712 άληθῶς.

135 1869 181 1936 ‘0
217 1865 275 1935 οὖν
305 1871 448 1938 Πιλάτοι
483 1872 625 1940 ἀκούσαι
660 1874 717 1940 τὸν
752 1874 849 1948 λάτον
884 1877 1001 1939 τοῦτον
1037 1871 1155 1946 ιῖςαςεν
1186 1869 1253 1939 ἔξω
1287 1867 1344 1935 τάν
1361 1889 1396 1946 13

190 1996 331 2077 Ἰησοῦν,
353 1998 407 2063 καὶ
433 1997 584 2066 ἐκάθισεν
606 1999 662 2065 ἐπὶ
690 2002 833 2078 βήματος
860 1995 907 2063 eie
934 1999 1037 2066 τόπον
1063 1997 1238 2072 λεςόμενον
1255 1993 1347 2060 Λιθό-

195 2121 537 2211 στρωτον,Ἓβραίὀτί
562 2123 598 2190 δὲ
622 2122 783 2203 Γαββαθά·
812 2120 851 2190 ἀν
870 2123 906 2189 δὲ
931 2121 1121 2214 παρασκευὴ
1146 2127 1203 2186 τοῦ
1229 2121 1346 2206 πάσχα,
1362 2145 1398 2201 ¹4

195 2247 271 2334 ὥρα
298 2243 337 2312 ἦν
364 2248 444 2314 ὡσεί
470 2251 559 2331 ἓκτιι,
581 2248 634 2315 καί
662 2249 749 2324 λέπει
774 2245 843 2316 τοῖα
865 2247 1038 2314 Ἰουδαίοις
1060 2246 1125 2313 'ibe
1152 2248 1170 2314 ὁ
1198 2243 1377 2326 βασιλεὺοο

196 2372 301 2448 ὑμῶν.

196 2533 322 2615 ’Όλον
340 2535 467 2641 ὥσπερ
486 2534 677 2646 ἐπιγράφει
696 2544 772 2622 ταῖς
790 2540 971 2619 Ἰουδαίων
989 2535 1153 2636 μάλιστα
1176 2538 1350 2638 κεφαλαῖς·

143 2663 212 2758 τῆς
245 2662 303 2740 ἐπὶ
332 2665 487 2769 Χριστῷ
523 2663 729 2768 μιαιφονίας
761 2659 804 2742 τό
837 2664 1002 2765 ἔγκλημα
1033 2669 1146 2740 ταῦτα
1178 2658 1297 2760 λε’γων
1329 2655 1350 2733 ό

145 2783 439 2886 Εὐαγγελιστής.
488 2788 695 2884 νενικῆσθαι
723 2784 795 2888 γάρ
823 2787 1013 2890 μονονουχὶ
1041 2787 1099 2863 καὶ
1128 2783 1195 2888 οὐχ
1224 2781 1350 2860 ἑκόντα

148 2906 317 2988 Πιλάτου
334 2915 411 2992 ταῖς
435 2910 519 3010 παρ’
540 2909 657 2988 αὐτῶν
675 2908 894 2990 ἐνστάσεσιν
913 2906 1122 3015 ἀναφανδὸν
1143 2906 1211 3008 ἤδη
1237 2905 1347 3011 φησὶ,

95 3067 132 3108 ιο
146 3034 209 3114 καὶ
245 3030 309 3112 τὸν
346 3029 411 3130 μέν
446 3040 511 3112 τοῦ
548 3033 686 3112 δικαίου
720 3033 967 3135 παρώσασθαι
1006 3029 1130 3134 λόγον,
1167 3029 1276 3132 ὀλίγα
1313 3025 1352 3108 δέ

146 3157 299 3264 σφόδρα
317 3161 381 3255 τῆς
404 3155 617 3241 ἀκολουθίας
641 3159 848 3265 φροντίσαι·
889 3156 948 3236 διά
973 3190 1011 3235 τε
1036 3163 1142 3235 τοῦτο
1167 3150 1349 3234 κατεσπά-

147 3287 239 3360 σθαι
266 3279 358 3382 πρὸς
385 3279 427 3361 τὸ
455 3288 529 3367 τοῖς
558 3287 700 3387 φονῶσι
729 3285 866 3378 δοκοῦν,
886 3282 1000 3360 καίτοι
1027 3276 1208 3364 πολλάκις
1235 3278 1352 3359 αὐτοῖς

146 3402 472 3507 προσλαλήσαντα
506 3407 565 3485 καὶ
598 3403 789 3510 διαῤῥήδην
821 3401 1169 3510 προσπεφωνιγκότα,
1202 3399 1351 3503 μηδενὸς
1364 3420 1522 3478 ο1054Δ.

147 3525 192 3608 τδ
211 3526 384 3632 παράπαν
402 3531 563 3609 ὑπαίτιον
583 3530 762 3632 ηὑρῆσθαι
785 3528 849 3610 τὸν
867 3525 1064 3631 Ἰησοῦν,δ
1089 3525 1134 3626 δὴ
1161 3531 1220 3607 καὶ
1245 3523 1353 3606 αὐτὸν

94 3685 133 3745 25
148 3659 229 3737 ταῖς
251 3652 422 3758 ἐσχάταις
447 3652 623 3753 ὑποθήσει
648 3655 771 3737 δίκαις.
813 3649 964 3734 κατόπιν
982 3650 1053 3756 γάρ
1079 3659 1143 3732 τοῦ
1167 3645 1355 3733 δοκοῦντός

148 3810 229 3855 τισι
252 3774 317 3876 τὴν
340 3785 403 3856 τοῦ
432 3777 567 3857 δικαίου
593 3777 743 3884 πέμφας
767 3775 886 3877 τιμὴν,
908 3780 966 3856 καὶ
992 3774 1055 3855 τόν
1073 3777 1127 3855 ἐπ’
1147 3776 1260 3855 οὐδενὶ
1283 3779 1356 3852 τῶν

148 3899 297 3981 ἀτόπων
333 3901 576 4003 ἐληλεγμένον
609 3909 687 3986 ταῖς
725 3902 908 3982 Ἰουδαίων
939 3900 1081 4000 μανίαις
1119 3898 1353 4001 δωρούμενος,

149 4024 378 4128 αὖτομάρτυς
420 4029 483 4125 τῆς
526 4027 653 4105 ἑαυτοῦ
696 4027 914 4119 δυσσεβείας
955 4023 1140 4105 άλιόσεται
1185 4022 1352 4126 γεγονιός.

150 4147 270 4228 ἀνεισι
288 4149 409 4230 τοίνυν
428 4150 483 4229 ἐπὶ
509 4157 574 4228 τοῦ
599 4147 779 4250 συνήθους
797 4152 966 4256 βήματος,
987 4151 1034 4232 ὡς
1056 4145 1102 4227 ἀν
1119 4147 1187 4248 ἤδη
1206 4144 1356 4254 φονικὴν

94 4306 136 4364 30
150 4272 307 4380 ἐξοίσων
328 4269 421 4353 κατά
438 4277 604 4375 Χριστοῦ
622 4271 688 4373 τὴν
707 4277 849 4382 ψῆφον.
889 4270 1158 4372 ἐπισημαίνεται
1177 4268 1214 4351 δέ
1233 4267 1299 4368 τήν
1317 4303 1356 4349 τε

174 4505 216 4590 ,8.
234 4504 458 4630 transumptum
471 4521 504 4558 ιιι
517 4501 550 4558 Ε.
786 4520 829 4576 27.
849 4503 1024 4576 ι’ληλεγμίνον
1036 4503 1101 4558 m.
1114 4501 1166 4560 Ed.
1180 4520 1235 4575 mg.
1248 4501 1357 4574 ἐληλιγ-

149 4596 235 4646 μεναν
292 4617 299 4632 .

728 4677 782 4724 Η
