3284 5130
304 319 368 382 106
606 315 646 382 ο.
668 313 876 381 cmm
910 313 1201 379 Αοοκκυοο.
1303 311 1498 392 xix.40,41.

134 495 248 610 {eb-vi
303 481 387 580 ἡμῖν
419 481 477 560 καὶ
509 478 603 585 ἀρχὴ
630 480 778 583 γέγονεν
805 482 826 561 ὃ
854 485 1019 584 Χριστοῦ
1047 479 1213 582 θάνατος.
1260 489 1281 526 “
1295 475 1501 580 πρόδρομος

169 597 175 610 ’
273 614 325 690 ο“
343 603 415 707 γὰρ
442 602 530 707 ὑπὲρ
557 605 658 704 ἡμῶν
676 605 870 704 εἰσῆλθεν”
899 603 1019 689 αὐτός.
1060 605 1098 685 τί
1122 602 1195 707 γὰρ
1216 603 1336 705 ἕτερον
1360 599 1384 703 ἢ
1412 597 1500 681 αὐτὸ

302 723 347 826 δὴ
374 734 480 807 τοῦτο
508 725 790 828 καταωρμήνειεν
815 726 860 807 ἂν
887 726 929 807 τὸ
957 726 1082 829 νεκρὸν
1109 729 1140 808 ἐν
1169 730 1268 835 κήπῳ
1296 723 1496 821 διακεκομί·

301 854 392 930 σθαι
416 847 481 930 τῦν
497 848 668 950 Ἰησοῦν;
705 848 820 930 διὰδὲ
841 854 906 950 τῆς
933 858 998 930 τοῦ
1025 851 1196 951 μνημείου
1224 847 1439 948 καινότητος,
1457 844 1500 926 τὸ
1622 908 1627 941 ,

301 971 444 1076 ύτριβές
461 971 586 1077 ὥσπερ
605 976 662 1054 καὶ
681 973 785 1080 ξένον
802 977 866 1072 τῆς
884 975 923 1052 ἐκ
941 971 1098 1053 θανάτου
1119 972 1211 1075 πρὸς
1234 971 1326 1078 ζωὴν
1344 973 1493 1074 ἁναδρο·
1514 992 1534 1054 5

301 1099 381 1195 μῆς,
412 1098 472 1177 κοῦ
503 1097 526 1197 ἡ
556 1096 649 1177 κατὰ
676 1100 742 1195 τῆς
773 1101 914 1204 φθορᾶς
943 1097 1173 1196 έπινοηθεῖσο
1204 1094 1410 1192 καινοτομία
1442 1093 1501 1174 διὰ

301 1223 467 1323 Χριστοῦ
492 1222 715 1321 σημαίνεται.
740 1219 859 1305 καινὸς
883 1219 955 1324 γὰρ
973 1221 1075 1320 ἡμῶν
1091 1222 1111 1299 ὁ
1130 1221 1283 1305 θάνατος
1301 1223 1339 1300 έν
1357 1217 1500 1326 θανάτῳ

301 1348 467 1445 Χριστοῦ
494 1349 543 1428 είς
571 1345 684 1424 ὕπνου
710 1341 846 1447 τρόπον
868 1343 948 1424 τινὰ
973 1344 1258 1444 μετατεθειμένος
1286 1344 1434 1452 δύναμίν
1461 1376 1501 1422 τε

134 1467 209 1584 ξῇω·
222 1467 256 1518 '¹-
303 1468 361 1546 καὶ
380 1465 514 1572 χρείαν.
554 1466 668 1571 ζῶμεν
695 1466 767 1570 γὰρ
786 1472 837 1574 τῷ
856 1473 939 1575 Θεῷ
958 1466 1080 1571 ζήσειν
1096 1465 1304 1569 μέλλοντες,
1322 1466 1414 1548 κατὰ
1435 1464 1502 1549 τὰς

302 1588 459 1696 γραφείς.
499 1589 682 1694 τοιγάρτοι
700 1594 759 1671 καὶ
777 1591 798 1669 ὁ
816 1589 987 1694 μακάριος
1006 1597 1157 1675 Παῦλος
1179 1591 1252 1672 ἅνω
1271 1626 1308 1671 τε
1328 1593 1385 1671 καὶ
1403 1587 1500 1670 κάτω
1515 1616 1555 1658 10

268 1713 573 1812 ἁκεκοιμημένους
591 1721 698 1794 καλεῖ
716 1713 798 1798 τοῦς
819 1716 858 1793 ἐν
874 1717 1028 1823 Χριστῷ
1049 1714 1345 1814 τελευτήσαντας.
1385 1710 1501 1794 πόλοι

302 1832 458 1938 μὲνγὰρ
476 1835 567 1916 κατὰ
594 1841 658 1936 τῆς
686 1838 856 1940 ἡμετέρας
884 1838 1030 1944 φύσεως
1051 1835 1094 1920 τῦ
1123 1837 1237 1920 δεινὸν
1255 1848 1319 1920 τοῦ
1345 1837 1502 1918 θανάτου

134 1971 257 2037 Ihm„
303 1959 597 2061 κατεθρασύνετο.
640 1963 881 2057 βεβασίλευκε
912 1960 983 2066 γὰρ
1018 1972 1040 2010 “
1052 1963 1125 2044 ἀπὸ
1156 1962 1276 2063 Ἀδὰμ
1308 1964 1366 2042 καὶ
1396 1961 1502 2064 μέχρι

303 2091 325 2129 “
346 2085 535 2167 Μωυσέως
562 2087 619 2164 καὶ
640 2086 697 2164 ε’πὶ
720 2081 804 2167 τοῦς
827 2082 877 2184 μὴ
901 2085 1181 2188 ἁμαρτήσαντας
1202 2088 1260 2167 ἐπὶ
1288 2091 1339 2191 τῷ
1367 2085 1494 2183 ὁμοιώ-

134 2205 232 2336 ζξᾝ
304 2215 326 2253 “
342 2239 429 2306 ματι
448 2209 511 2304 τῆς
528 2206 772 2303 παραβάσεως
787 2205 932 2305 Ἀδὰμ,”
961 2214 1019 2288 καὶ
1037 2210 1286 2314 πεφορέκαμεν
1303 2206 1369 2307 τὴν
1384 2207 1499 2286 εἰκόνα
1514 2229 1554 2290 15
1634 2309 1635 2312 Ἴ

302 2335 367 2408 τοῦ
394 2337 527 2434 χοϊκοῦ,
553 2329 635 2410 καθ’
663 2328 857 2430 ὁμοιότητα
882 2329 948 2430 τὴν
977 2333 1119 2429 ἐκείνου,
1146 2330 1210 2412 τὸν
1240 2333 1279 2412 έκ
1309 2335 1374 2431 τῆς
1406 2331 1501 2415 θείας

302 2455 390 2555 ἀρᾶς
418 2452 651 2553 ὑπομένοντες
679 2451 843 2536 θάνατον.
881 2453 1002 2555 ἐπειδὴ
1028 2455 1104 2536 δὲῦ
1127 2455 1288 2559 δεύτερος
1317 2457 1400 2555 ἡμῖν
1417 2454 1500 2534 έπέ-

302 2583 453 2682 λαμψευ
477 2576 597 2678 Ἀδὰμ,
616 2580 636 2658 ὁ
655 2579 747 2662 θεῖός
769 2613 808 2658 τε
827 2581 886 2659 καὶ
904 2579 948 2687 ἐξ
972 2580 1133 2682 ούρανοῦ,
1152 2582 1211 2659 καὶ
1239 2583 1301 2677 τῆς
1332 2577 1503 2658 ἁπάντων

272 2701 558 2804 οῦπεραθλήσας
586 2702 686 2806 ζωῆς,
704 2704 755 2809 τῷ
784 2699 927 2810 θανάτῳ
945 2707 1009 2804 τῆς
1039 2705 1127 2787 ῐδίας
1150 2702 1286 2806 σαρκὸς
1304 2701 1370 2802 τὴν
1387 2700 1503 2782 ἁπόν-

302 2858 375 2904 τωυ
395 2823 487 2928 ζωὴν
508 2825 706 2932 ἐξεπρίατο,
726 2833 784 2906 καὶ
810 2826 852 2906 τὸ
878 2831 942 2925 τῆς
970 2832 1111 2933 φθορᾶς
1138 2827 1348 2909 καταλύσας
1374 2822 1502 2926 κρότος
1516 2855 1557 2897 ²0

301 2947 433 3043 ἀνεβίω
460 2948 582 3046 πάλιν,
608 2949 910 3050 μετεπλοίσθημεν
940 2956 987 3034 εὶς
1015 2950 1132 3031 εἰκόνα
1161 2950 1228 3050 τὴν
1260 2949 1350 3055 πρὸς
1384 2947 1501 3046 αὐτὸν,

302 3070 425 3151 καινὸν
443 3071 567 3174 ὥσπερ
585 3070 664 3151 τινὰ
682 3071 837 3152 θοίνατον
857 3072 1101 3172 ὑπομένοντες,
1122 3075 1186 3154 οῦκ
1204 3079 1251 3159 είς
1269 3074 1504 3172 ἀτελεύτητον

302 3193 397 3294 ἡμᾶς
423 3195 647 3275 καταλύοντα
672 3194 825 3300 φθορὰν,
844 3195 929 3276 ἀλλ’
955 3198 1067 3278 ῦπνον
1093 3199 1329 3298 ἐμβάλλοντα
1352 3196 1415 3278 τὸν
1442 3198 1503 3275 ε’λ-

302 3319 406 3404 πίδος
437 3319 593 3421 γέμοντα
620 3323 745 3418 καλῆς,
771 3321 853 3399 καθ’
874 3316 1067 3422 ὁμοιότητα
1096 3321 1134 3403 δὲ
1162 3318 1330 3422 δηλονότι
1354 3327 1418 3401 τοῦ
1444 3321 1503 3398 καὶ

302 3439 437 3544 ταύτην
455 3443 540 3543 ἡμῖν
555 3441 823 3545 ε’γκαινίσαντος
842 3443 908 3541 τὴν
927 3442 1021 3541 ὁδὸν,
1038 3446 1202 3526 τουτέστι
1219 3450 1395 3545 Χριστοῦ.
1517 3477 1559 3537 ²5
1635 3505 1636 3520 ι

360 3572 406 3646 Εἰ
435 3565 474 3646 δὲ
502 3565 547 3666 δή
576 3599 628 3650 τις
658 3565 774 3647 έθέλοι
806 3569 1177 3670 προσκατασκευάσαι
1206 3568 1264 3650 διὰ
1296 3577 1360 3650 τοῦ
1394 3569 1503 3649 καινῦν

135 3685 391 3770 1077Μείναι
416 3689 457 3771 τῦ
482 3694 633 3797 μνημεῖον
651 3697 771 3787 εἰπεῖν,
795 3691 929 3790 μηδένα
953 3725 991 3770 τε
1019 3690 1114 3778 ὅλως
1138 3695 1177 3771 έν
1202 3694 1298 3800 αύτῷ
1324 3697 1503 3772 τεθεῖσθαι

302 3813 488 3918 πρότερον,
509 3820 629 3899 καλῶς
649 3813 694 3894 ἂν
712 3813 787 3919 έχοι
804 3817 863 3893 καὶ
881 3821 997 3894 τοῦτο.
1039 3815 1098 3895 ἵνα
1115 3814 1187 3919 γοίρ
1205 3823 1299 3922 φησι
1316 3813 1367 3915 μὴ
1387 3815 1504 3917 ἕτερός

301 3972 355 4024 τις
372 3937 472 4042 παρὰ
487 3936 551 4018 τὸν
568 3939 714 4038 Ἰησοῦν
729 3936 917 4041 ε’γηγέρθαι
936 3939 1157 4040 πιστεύηται,
1175 3941 1283 4021 καινὶν
1301 3937 1392 4020 εἶναί
1407 3946 1502 4045 φησι

302 4059 343 4144 τὸ
361 4067 495 4164 μήρμα,
513 4061 652 4146 οὐδενὸς
671 4063 709 4141 έν
727 4063 823 4170 αὐτῷ
841 4063 1001 4147 τεθέντος
1020 4062 1176 4144 πώποτε.
1517 4087 1562 4145 30

339 4291 407 4342 ⁴·11
422 4276 486 4330 citat
494 4275 607 4332 Severus
617 4283 709 4329 contra
720 4273 738 4328 J
741 4277 777 4328 ul.
787 4274 895 4345 Syriaco
907 4275 934 4330 in
944 4272 1011 4330 cod.
1023 4273 1097 4329 Mus.
1106 4273 1175 4328 Brit.
1184 4271 1267 4345 (Add.
1279 4273 1376 4343 12158)
1387 4271 1431 4326 fol.
1443 4285 1503 4342 ¹²7·

306 4357 331 4416 7.
349 4345 388 4418 ἐν]
406 4353 435 4412 -4-
450 4351 522 4420 τῷο,
614 4345 657 4402 26.
677 4345 708 4414 δη
721 4356 892 4416 asumptum
905 4364 939 4400 ex
953 4345 984 4401 E.
1073 4360 1117 4416 30.
1137 4346 1221 4414 μνῆμα
1235 4343 1267 4398 E.
1280 4345 1400 4414 μνημεῖον
1414 4340 1467 4398 Ed.
