3278 5130
126 365 205 449 ii·9·
381 363 434 426 IN
459 361 718 426 EPISTOLAM
744 359 807 424 AD
836 359 1089 424 Ηοοοουοα
1259 360 1323 424 337

126 529 187 607 διά
209 562 262 608 Τοῑ
282 527 324 608 ⁷²³
344 529 455 632 φάθι
473 541 495 576 “
509 528 587 628 Τὸν
608 527 645 607 δὲ
667 527 787 631 βραχύ
804 563 839 606 ⁷1
856 525 939 630 παρ’
960 526 1136 628 ἀγγέλους
1155 527 1319 625 finam-
1347 453 1491 521 Μ]

127 663 152 700 “
170 652 276 751 μένον
297 651 480 749 βλέπομεν
497 651 644 750 Ἰησοῦν
671 649 730 731 διά
751 650 792 730 τὸ
811 651 962 749 πάθημα
980 658 1044 729 τοῦ
1063 648 1217 728 θανάτου
1235 645 1324 754 δόξη

128 785 153 822 “
170 777 228 854 καὶ
262 777 346 880 τιμῇ
379 774 707 880 ἐστεφανωμένον.”
751 770 825 852 εἶτα
857 772 1055 855 διιστάντες
1088 771 1152 855 τὰς
1183 771 1322 876 φύσεις,

129 899 332 1000 ὁλότροπον
364 897 428 979 τὸν
459 901 497 978 εἰς
529 903 592 996 τῆς
625 899 728 999 ἀγίας
760 896 937 999 παρθένου
971 894 1225 997 γεγεννημένον
1257 895 1321 973 ἅν-

92 1029 276 1123 Βθρανπον
298 1018 389 1099 εἷναί
409 1028 525 1126 φασιν
551 1025 677 1116 ίδικῶς,
699 1027 779 1121 περὶ
807 1019 849 1098 οὗ
876 1021 935 1098 καὶ
961 1017 1138 1121 θαυμάζει,
1158 1023 1284 1120 φησὶν,
1305 1020 1324 1097 5

129 1148 274 1242 Δαυεὶδ,
298 1142 352 1224 ὅτι
378 1146 435 1223 καὶ
460 1142 600 1242 μνήμης
626 1147 683 1224 καὶ
708 1146 906 1242 ἐπισκοπῆς
931 1142 1086 1246 ἠξίωται·
1115 1141 1263 1246 ἠξίωται
1288 1140 1326 1219 δὲ

128 1273 189 1347 καὶ
207 1275 280 1346 τιῦν
296 1266 382 1370 ῦπὲρ
401 1268 515 1372 φύσιν
533 1268 635 1364 ἰδίαν,
655 1270 702 1350 ὡς
726 1265 1014 1369 εὐεργετούμενος
1031 1261 1131 1365 παρὰ
1148 1273 1210 1342 τοῦ
1231 1269 1326 1342 Θεοῦ

130 1389 264 1491 Λόγου.

185 1511 414 1615 Ἠγνοήκασι
442 1513 478 1594 δέ
507 1517 555 1598 ὡς
583 1514 704 1610 ἔοικεν,
733 1513 788 1592 ὅτι
816 1511 977 1615 Χριστὸς
1005 1509 1148 1609 Ἰησοῦς
1176 1509 1218 1588 οὐ
1246 1511 1323 1588 καθ’

74 1667 115 1706 10
129 1635 255 1716 ἑαυτὸν
282 1637 469 1739 ἅνθρωπος
493 1644 617 1720 κοινῶς
642 1672 681 1715 τε
707 1641 765 1715 καὶ
794 1642 910 1720 ίδικῦς
939 1641 1067 1714 νοεῖται
1097 1635 1154 1713 καὶ
1185 1632 1327 1733 λέγεται

128 1757 219 1860 πρὸς
237 1761 347 1858 ἡμῶν,
366 1759 644 1864 ε’νανθρωπήσας
663 1759 702 1840 δὲ
719 1768 864 1859 μᾶλλον
883 1761 902 1837 5
921 1762 959 1838 ἐκ
979 1763 1075 1836 Θεοῦ
1095 1755 1226 1857 Λόγος·
1268 1755 1327 1834 ἵνα

131 1882 168 1962 δέ
196 1889 269 1963 τῶν
295 1885 438 1962 ἐννοιῶν
465 1885 487 1982 ἡ
519 1883 693 1968 ἀπόδοσις
715 1885 752 1962 έν
770 1880 898 1990 κόσμῳ
925 1886 977 1988 τῷ
1005 1880 1118 1960 δέοντι
1147 1887 1327 1980 προϊοῦσα

130 2007 303 2110 φαίνοιτο,
324 2006 409 2110 φέρε
429 2011 486 2086 καὶ
504 2007 575 2109 πρό
595 2041 636 2108 γε
656 2013 729 2085 τῶν
746 2006 873 2085 ἀλλων
890 2008 954 2105 τῆς
976 2006 1013 2083 ἐν
1031 2006 1083 2110 τῷ
1105 2001 1324 2105 παροισθέν·

131 2163 203 2208 των
221 2135 363 2236 ψαλμῷ
383 2130 529 2233 θεωρίας
548 2128 740 2235 ἁψώμεθα.
778 2127 853 2232 ᾔδει
876 2132 923 2212 ὡς
946 2127 1134 2230 προφήτης
1153 2128 1173 2205 5
1193 2125 1324 2205 θεσπέ·

74 2279 114 2336 15
130 2285 212 2336 σιος
231 2256 363 2332 Δαυεὶδ
389 2253 444 2332 ὅτι
472 2253 562 2332 κατὰ
591 2252 656 2351 τήν
682 2255 822 2357 ἀψευδῆ
850 2287 889 2332 τε
917 2255 975 2330 καὶ
1004 2252 1101 2330 θείαν
1126 2249 1327 2352 ι’πτόσχεσιν

131 2383 153 2421 “
171 2377 210 2453 ἐκ
227 2385 366 2477 καρποῦ
388 2380 451 2475 τῆς
477 2375 617 2478 ὀσφύος
643 2377 751 2454 αὐτοῦ
779 2371 821 2454 τὸ
850 2372 941 2453 κατά
968 2372 1108 2474 σάρκα”
1126 2370 1325 2473 γενήσεται,
1338 2387 1460 2502 2055&

129 2497 230 2598 πλὴν
257 2501 320 2578 οῦκ
347 2498 518 2600 ἠγνόηκεν
546 2499 599 2578 ὅτι
620 2496 713 2583 Θεὸς
741 2495 831 2576 κατά
860 2497 974 2602 φύσιν
1000 2496 1170 2600 ὖπιίρχων
1191 2497 1229 2574 έν
1252 2502 1324 2579 τοῖς
1365 2472 1389 2521 p'
1403 2469 1429 2502 η
1443 2466 1484 2516 30‘

129 2625 211 2702 καθ’
236 2623 328 2721 ἡμᾶς
356 2620 481 2702 ἑαυτὸν
510 2621 660 2720 καθήσει
688 2619 778 2700 κατὰ
808 2617 940 2722 καιρόν.
979 2619 1181 2719 διαλέγεται
1208 2618 1327 2697 τοίνυν

128 2747 169 2824 ε’ν
185 2751 237 2852 τῷ
256 2744 374 2852 ὀγδόῳ
391 2751 532 2852 ψαλμῷ
551 2749 608 2823 καὶ
627 2743 709 2827 τοῦς
727 2744 818 2845 πρὸς
837 2743 944 2823 αὑτὸν
961 2750 1109 2823 ποιεῖται
1129 2740 1261 2842 λόγους
1279 2741 1326 2825 ιῦς

73 2907 115 2946 20
128 2866 220 2970 πρὸς
248 2868 438 2970 ἄνθρωπον
460 2865 535 2967 ἅμα
558 2872 615 2947 καὶ
638 2865 734 2947 Θεὸν
757 2866 820 2947 ἕνα
847 2864 910 2946 τὸν
934 2867 977 2972 ἐξ
997 2868 1134 2970 ἀμφοῖν
1159 2864 1323 2966 ἐπιγινώ-

129 3025 232 3072 σκων
260 2992 367 3071 Θεόν.
416 2991 586 3097 ταύτητοί
615 2997 710 3096 φησι
738 3003 759 3040 “
775 2991 886 3092 Κύριε
919 2994 939 3070 5
975 2989 1107 3092 Κύριος
1138 2989 1249 3088 ἡμῶν,
1278 2991 1326 3071 ὡς
1338 3014 1380 3064 Pa.
1392 3014 1444 3064 viii.
1454 3029 1477 3064 ι.

130 3127 153 3164 “
172 3113 384 3213 θαυμαστὸν
409 3113 451 3194 τὸ
476 3113 590 3213 ὄνομά
615 3149 686 3194 σου
711 3119 748 3194 ἐν
775 3111 879 3220 πάση
906 3120 951 3218 τῇ
981 3121 1045 3219 γῇ,
1066 3113 1121 3192 ὅτι
1149 3111 1284 3215 ἐπήρθη
1304 3147 1326 3210 η

130 3251 154 3288 “
169 3238 457 3341 μεγαλοπρέπειοί
475 3273 545 3319 σου
564 3238 727 3341 ῦπεριίνω
745 3245 818 3318 τῶν
837 3239 1027 3340 οὐρανῶν·”
1052 3243 1124 3316 ποῦ
1142 3234 1212 3338 γὰρ
1232 3235 1327 3320 ὅλως

129 3362 279 3464 ἦπαρά
304 3364 379 3442 τίσι
398 3361 560 3464 Χριστὸς
588 3365 629 3441 οὐ
656 3361 913 3461 τεθαύμαστο;
947 3360 969 3461 ἠ
995 3368 1072 3445 πῶς
1100 3361 1163 3439 οὐκ
1190 3358 1327 3462 ἐπήρθη

74 3520 115 3580 25
131 3489 190 3566 καὶ
209 3482 370 3588 ὑπεράνω
389 3492 461 3566 τῶν
480 3485 674 3587 οῦρανῶνή
692 3488 981 3588 μεγαλοπρέπεια
1000 3485 1108 3563 αὐτοῦ
1127 3486 1184 3561 καὶ
1203 3482 1245 3561 τὸ
1264 3487 1327 3582 τῆς
1486 3583 1489 3592 Ι

130 3609 239 3716 δόξης
265 3608 480 3715 περιφανές;
513 3610 610 3712 ε’ίπερ
634 3612 734 3688 ἐστὶν
760 3609 892 3708 ἀληθές
919 3607 973 3687 ίπι
1001 3611 1074 3686 “ε’ν
1103 3611 1153 3713 τῷ
1180 3604 1327 3704 ὀνόματι
1338 3627 1404 3677 Phil·
1416 3628 1441 3678 ii·
1454 3642 1492 3686 ιο,

131 3745 154 3782 “
170 3735 295 3834 Ἰησοῦ
323 3739 488 3835 Χριστοῦ
513 3740 587 3812 πῦιν
615 3731 703 3834 γονῦ
731 3732 883 3830 κάμπτει
910 3732 1127 3832 ἐπουρανίων
1157 3732 1213 3808 καὶ
1246 3732 1322 3808 ε’πι·
1342 3708 1380 3743 ¹¹'

130 3869 154 3906 ‘⁴
174 3857 279 3955 γείων
302 3860 359 3937 καὶ
379 3857 622 3961 καταχθονίων
641 3859 698 3934 καὶ
719 3862 824 3935 πῦισα
842 3861 1003 3955 γλῶσσα
1020 3851 1327 3958 ἐξομολογήσεται

130 3992 153 4029 “
172 3981 227 4060 ὅτι
243 3981 376 4082 Κύριος
394 3980 537 4079 Ἰησοῦς
555 3976 717 4081 Χριστὸς
737 3982 785 4060 εἱς
804 3976 914 4081 δόξαν
933 3982 1028 4054 Θεοῦ
1049 3973 1226 4076 Πατρός.”

72 4145 115 4202 30
180 4105 268 4184 'On
298 4103 371 4205 γὰρ
398 4105 436 4182 ἐν
462 4103 662 4206 ἀνθρωπείᾳ
690 4105 814 4204 μορφῇ
843 4097 1019 4203 πεφηνότι
1048 4103 1100 4202 τῷ
1131 4095 1240 4203 Λόγῳ
1269 4098 1326 4174 καὶ

130 4230 294 4310 ἑνωθέντι
327 4230 438 4330 σαρκὶ
475 4225 521 4306 τά
553 4224 700 4305 τοιαῦτά
735 4232 852 4330 φησιν
886 4224 904 4301 5
937 4221 1131 4302 θεσπέσιος
1166 4217 1327 4326 μελῳδὸς

168 4515 193 4562 ⁴·
212 4493 466 4566 yeycmps'vov(err.)
481 4493 526 4548 Cr.
629 4507 652 4564 γ.
672 4493 742 4548 ἰδίων
755 4491 799 4547 Cr.
904 4490 944 4544 18.
963 4485 1060 4558 τοίνυν]
1074 4485 1119 4543 οὖν
1132 4504 1267 4558 perperam
1282 4486 1327 4542 Cr.

131 4583 176 4621 21.
197 4563 287 4636 Κύριε]
303 4565 395 4635 Κῦριος
408 4565 483 4634 (err.)
498 4563 543 4619 Cr.

690 4669 780 4737 352
