3280 5142
115 3433 239 3515 S3nJoan.

114 3513 218 3617 33⁵⁹.

113 3633 177 3682 Luo.
185 3632 220 3683 iv.

114 3711 156 3762 ³0·

114 3950 243 4008 1052A.

286 288 328 352 ⁷2
591 287 631 352 B.
655 286 868 352 OYRILLI
898 286 1188 353 ALEXANDR.
1350 281 1415 346 xix.
1432 297 1481 343 11.

285 448 377 530 κατά
419 447 462 531 τά
501 451 598 560 αύτῷ
636 454 696 532 καὶ
734 451 834 561 μόνη)
873 456 1001 534 δοκοῦν
1038 452 1106 553 τὴν
1141 451 1194 532 ἐπ’
1231 450 1329 556 αὐτῷ
1362 445 1483 549 κρίσιν

283 573 465 660 άσυνέτιος
492 575 775 686 ὑπισχνουμένῳ,
803 577 1065 682 χρησιμώτατα
1092 574 1175 656 λίαν
1202 569 1387 680 ἀντεξάγει
1416 565 1484 668 τῆν

283 698 368 800 παρ’
388 699 516 779 ἑαυτοῦ
543 699 692 798 δύναμίν
713 735 753 781 τε
781 703 841 781 καὶ
868 699 1048 808 ἐξουσίαν,
1070 696 1265 780 διακωλύει
1292 694 1331 776 δέ
1357 692 1484 794 ὥσπερ

284 821 404 930 είκαίερ
430 856 469 902 τε
496 825 556 902 καὶ
583 822 747 933 ἀσυνέτῳ
773 822 964 931 φυσήματι
989 828 1048 905 καὶ
1072 824 1148 904 κατ’
1168 822 1275 921 αὐτῆς
1299 823 1363 920 τῆς
1388 817 1484 901 θείας

254 944 544 1052 ςέξογκούμενον
563 945 683 1054 δόξης.
723 951 783 1029 καὶ
800 945 874 1053 γάρ
895 983 950 1030 τοι
974 948 1066 1030 κατὰ
1088 946 1259 1049 άλῆθειαν
1277 947 1319 1026 ού
1335 942 1517 1045 μετρίαν5

284 1067 329 1148 ἂν
356 1071 546 1172 ἐνεποίησέ
568 1105 645 1152 τισι
672 1071 739 1172 τῆν
764 1072 904 1176 ζημίαν,
928 1072 971 1154 τὸ
998 1072 1090 1178 πρὸς
1118 1070 1342 1171 ἀβουλήτους
1369 1066 1483 1150 αἰκίας

283 1193 543 1277 καθειλκύσθαι
581 1195 732 1298 νομίζειν
765 1200 825 1277 καὶ
862 1201 930 1303 οὐχ
964 1197 1092 1279 ἑκόντα
1124 1193 1299 1300 Χριστὸν,
1331 1194 1390 1274 καὶ
1418 1195 1484 1291 τῆς

283 1314 466 1400 Ἰουδαίων
501 1319 679 1420 ἡττῆσθαι
713 1322 936 1429 πλεονεξίας,
968 1323 1083 1402 καίτοι
1119 1317 1211 1401 κατὰ
1249 1317 1364 1424 φύσιν
1395 1313 1484 1395 ὄντα

284 1440 390 1541 θεὸν,
410 1445 468 1523 καὶ
492 1450 565 1524 τῶν
583 1443 680 1525 ὅλων
697 1445 858 1540 βασιλέα
883 1444 1145 1549 κεκηρυγμένον
1166 1440 1267 1546 παρὰ
1287 1445 1351 1542 τῆς
1378 1438 1484 1540 ἁγίας

283 1570 342 1647 καὶ
361 1566 603 1648 θεοπνεύστον
621 1573 778 1676 γραφῆς.
821 1567 932 1651 ἐλυσε
951 1571 1070 1651 τοίνυν
1088 1570 1173 1670 ἡμῖν
1191 1576 1255 1648 τοῦ
1274 1563 1484 1647 σκανδάλου
1500 1593 1544 1634 10

281 1687 349 1790 τῆν
367 1686 547 1798 ἀφορμὴν,
565 1695 626 1772 καὶ
651 1690 716 1793 τῆν
734 1695 792 1774 ἐπὶ
814 1694 929 1802 τούτῳ
948 1691 1134 1794 πλάνησιν
1153 1690 1342 1797 πρόρριζον
1358 1687 1485 1791 ὥσπερ

283 1813 526 1922 καταστρέφει
552 1813 670 1919 λέγων
689 1824 729 1896 Εἰ
754 1815 802 1923 μῆ
828 1811 861 1912 ῆν
883 1854 935 1898 σα
962 1813 1126 1924 δεδιμένιν
1147 1813 1271 1899 ἕίναθιν.
1312 1811 1426 1895 ἄνωθεν
1444 1810 1484 1890 δέ

284 1936 454 2018 δεδόσθαι
471 1937 537 2040 τῆν
554 1938 705 2048 ἐξουσίαν
721 1947 774 2049 τῷ
794 1943 948 2050 Πιλάτερ
966 1943 1093 2046 φησὶν,
1112 1940 1181 2045 οὐχ
1206 1942 1255 2024 ὡς
1279 1938 1485 2037 α’βούλητον

282 2059 513 2168 ἐπιφέροντος
530 2070 594 2144 τοῦ
615 2067 712 2145 Θεοῦ
731 2067 790 2145 καὶ
809 2063 955 2170 Πατρός
977 2071 1030 2173 τῷ
1053 2067 1129 2174 ίδίερ
1153 2061 1346 2167 γεννῆματι
1365 2061 1407 2142 τὸ
1425 2065 1484 2143 ἐπὶ

282 2187 335 2293 τῷ
354 2191 501 2294 σταυρῷ
519 2185 646 2287 πάθος,
666 2190 750 2269 ἀλλ’
771 2191 820 2275 ὡς
843 2192 953 2271 αὑτοῦ
979 2188 1045 2290 μέν
1063 2198 1129 2270 τοῦ
1148 2195 1379 2291 Μονογενοῦς
1400 2187 1542 2276 ivn-15

249 2308 408 2394 ᾶδάντος
427 2307 553 2391 ἐαυτὸν
570 2317 621 2420 τῷ
639 2318 767 2394 παθεῖν
786 2310 875 2418 ύπέρ
892 2315 1004 2414 ῆμῶν,
1023 2314 1176 2421 ἀφέντος
1198 2311 1237 2394 δέ
1253 2319 1318 2392 τοῦ
1338 2307 1484 2415 Πατρός

281 2433 325 2514 τὸ
355 2435 409 2516 ἐπ’
438 2435 535 2544 αύτῷ
565 2443 798 2542 πληροῦσθαι
830 2436 1043 2540 μυστήριον.
1094 2435 1198 2523 δόσις
1228 2433 1294 2536 μέν
1322 2436 1385 2516 οὖν
1413 2434 1483 2538 ἄρα

284 2563 417 2664 σαφῶς
440 2561 478 2640 ἐν
501 2561 639 2646 τούτοις
663 2561 686 2661 ἡ
710 2559 810 2664 παρὰ
831 2559 978 2664 Πατρός
1005 2561 1214 2645 συναίνεσίς
1239 2594 1278 2640 τε
1306 2562 1365 2640 καὶ
1391 2593 1485 2661 συγ-
1589 2557 1593 2566 ’

284 2681 455 2787 χάρησις,
483 2688 542 2764 καὶ
570 2685 659 2785 αὐτῆ
687 2682 725 2765 δέ
752 2686 774 2785 ἡ
804 2678 957 2787 θέλησις
984 2694 1049 2766 τοῦ
1074 2687 1166 2764 Υίοῦ
1198 2685 1330 2764 νοεῖταί
1357 2718 1396 2765 τε
1425 2686 1485 2762 καὶ

285 2807 441 2908 λε’γεται.
477 2807 531 2887 ὅτι
550 2807 622 2911 γάρ
641 2809 704 2888 οὐκ
723 2807 769 2889 ἂν
786 2808 961 2904 ἐβιάσατο
978 2808 1045 2909 τῆν
1063 2817 1128 2889 τοῦ
1148 2811 1316 2912 Σωτῆρος
1335 2806 1484 2907 δύναμιν
1499 2844 1544 2886 αο

285 2928 480 3030 ῆπληθδς,
498 2933 708 3037 ἀμφίβολον
726 2930 792 3030 μέν
810 2934 987 3033 οὐδαμῶς·
1016 2933 1118 3035 πλῆν
1135 2931 1263 3013 είδέναι
1286 2927 1421 3039 ῥᾴδιον,
1442 2929 1488 3037 ἐξ

284 3050 335 3133 ὧν
370 3051 550 3140 πολλάκις
586 3054 921 3154 ἐπιβουλεύσαντες,
953 3053 1100 3159 ὤνησαν
1135 3054 1201 3156 μὲν
1232 3053 1344 3155 οὐδὲν,
1374 3057 1481 3158 ἐλεγ-

283 3177 428 3282 χθέντες
460 3177 498 3259 δέ
532 3177 654 3278 μόνον,
686 3181 735 3264 ὡς
767 3181 939 3282 ὑβρισταὶ
975 3181 1250 3283 κατεκρίθησαν.
1301 3181 1359 3259 καὶ
1395 3185 1484 3280 γοῦν

285 3299 472 3401 ἠθέλησαν
492 3300 600 3381 αὑτὸν
621 3301 764 3403 πιάσαι,
782 3303 876 3384 καθά
904 3311 1021 3410 φησιν
1045 3306 1066 3384 ὁ
1093 3299 1378 3408 Εὖαγγελιστῆς,
1397 3300 1483 3380 ἀλλ’

283 3424 442 3533 ἐξελθὼν
461 3435 482 3474 “
495 3424 554 3505 διά
579 3425 695 3526 με’σου
719 3428 837 3508 αὐτῶν
856 3427 1053 3531 ἐπορεύετο,
1072 3429 1131 3508 καὶ
1155 3432 1318 3530 παρῆγεν
1336 3421 1482 3509 ούτως.”
1499 3451 1542 3513 ²5

282 3546 325 3629 τὸ
350 3549 397 3629 δέ
415 3551 543 3634 Οὕτως
568 3553 694 3657 φησὶν,
713 3553 792 3632 ἀντὶ
816 3558 892 3650 τοῦ,
911 3552 978 3657 οὐχ
1003 3550 1295 3649 ύπεσταλμένως,
1313 3550 1355 3629 ού
1379 3582 1481 3653 περι·

282 3670 373 3772 δεῆς,
392 3672 434 3751 ού
458 3671 501 3751 τὸ
524 3679 598 3753 τῶν
621 3671 947 3777 διαδιδρασκόντων
968 3672 1203 3776 ἐπιτηδεύσας
1229 3676 1366 3778 σχῆμα,
1386 3675 1483 3753 ἄνει·

281 3797 397 3894 μένεος
428 3793 466 3876 δέ
498 3801 645 3897 μᾶλλον
677 3801 735 3877 καὶ
767 3800 967 3898 βαδίσματι
998 3803 1050 3906 τῷ
1081 3795 1175 3878 κατὰ
1205 3793 1395 3898 συνῆθειαυ
1425 3797 1484 3876 καὶ

252 3919 441 4027 αθορύβου
471 3918 607 4005 παντὸς
639 3917 826 4030 ἐλευθέρῳ.
881 3922 960 4028 θείᾳ
992 3920 1064 4026 γάρ
1096 3954 1166 4001 τινι
1201 3923 1260 4001 καὶ
1293 3919 1484 4030 άποῤῥῆτφ

281 4043 426 4144 δυνάμει
454 4046 689 4153 κατακρύψας
716 4044 852 4143 ἑαυτὸν,
878 4043 962 4132 τοὺς
988 4051 1062 4126 τῶν
1087 4043 1284 4152 φονῶνταν
1308 4041 1388 4124 τότε
1415 4043 1485 4123 διέ-
1499 4075 1544 4132 3ο

281 4175 393 4251 λαθεν
421 4169 649 4275 ὀφθαλμούς·
710 4172 752 4249 ού
787 4167 860 4274 γάρ
892 4168 1004 4270 ῆθελέ
1028 4204 1087 4251 πω
1120 4175 1257 4266 παθεῖν,
1288 4167 1373 4247 ἀλλ’
1404 4166 1484 4248 οὐδὲ

386 4533 413 4592 5.
432 4519 618 4592 ἐξογκούμενον
629 4521 661 4577 Ε.
675 4522 862 4595 ἐξογκονμένην
875 4523 926 4579 Ed.
1135 4537 1177 4594 27.
1198 4503 1328 4592 ἀνειρὲνός
1343 4521 1375 4578 Ε.

1620 1077 1629 1167 ι

1629 1316 1631 1470 λ

1630 1492 1632 1644 λ
