3278 5130
146 439 159 505 [
230 439 261 490 M
281 339 373 504 1384
479 338 520 404 Β.
544 339 732 407 OYRILLI
761 341 1026 407 ALEXANDR.
1057 339 1341 406 FRAGMENTA
1384 339 1418 404 ii.
1430 353 1459 421 7,
1472 339 1506 404 8.

173 451 220 490 110
262 475 269 489 .

307 503 349 582 οῦ
368 501 492 606 γε’γονε
514 503 614 608 παρὰ
631 511 695 586 τοῦ
712 509 809 585 Θεοῦ
827 508 886 585 καὶ
904 504 1049 608 Πατρός
1067 505 1089 603 ἡ
1107 509 1180 585 τῶν
1198 505 1281 584 καθ’
1302 504 1398 604 ἡμᾶς
1416 505 1505 582 ἀνα-

137 638 232 704 ῐοήθῦ
307 628 573 732 κεφαλαίωσις;
613 632 726 727 δῆλον
758 627 813 708 ῦτι
841 626 1015 729 Χριστὸς,
1045 626 1067 707 δ
1094 630 1153 706 καὶ
1181 628 1273 726 ἡμᾶς
1300 627 1501 706 ἀκόλουθον

136 772 264 834 Ρντιε·
307 755 416 830 εἰπεῖν
434 754 482 835 ὡς
504 751 563 830 διά
583 755 646 850 τῆς
665 759 729 830 τοῦ
747 749 961 856 ψάλλοντος
979 752 1092 852 λύρας
1121 761 1142 798 “
1160 750 1292 852 Κύριος
1318 753 1417 850 μερὶς
1437 752 1504 848 τῆς
1547 797 1552 804 ·

307 882 330 920 “
347 873 585 976 κληρονομίας
608 908 679 972 μου
706 876 764 954 καὶ
788 880 852 953 τοῦ
878 874 1050 975 ποτηρίου
1072 907 1153 970 μου,
1169 871 1219 951 σὺ
1236 868 1270 952 εἶ
1290 873 1311 952 ὃ
1332 875 1508 952 ἀποκαθι-

307 1007 329 1044 “
347 1004 449 1077 οτιῦν
461 994 528 1096 τὴν
540 998 780 1100 κληρονομίαν
792 1031 862 1094 μου
878 997 988 1094 ε’μοί·”
1023 997 1065 1075 δι’
1083 997 1192 1074 αύτοῦ
1210 993 1283 1098 γάρ
1300 995 1507 1100 ἐσχήκαμεν
1521 1027 1542 1086 5

307 1126 380 1199 τιῦυ
398 1122 436 1200 ἐν
454 1123 581 1224 ἀρχαῖς
598 1155 643 1226 τη
671 1119 781 1227 φύσει
808 1119 1057 1223 δεδωρημένων
1074 1121 1221 1220 ἀγαθῶν
1239 1119 1306 1218 τὴν
1323 1117 1508 1217 ἐπανάλη-

307 1248 376 1349 ψιυ
393 1242 504 1342 αὐτὴν
522 1245 581 1323 καῖ
608 1243 651 1323 τὸ
678 1242 824 1339 βέβαιον
842 1246 891 1325 εἷς
915 1246 1056 1342 κτῆσιν.
1096 1243 1351 1344 ἀταλαίπωρον
1377 1241 1416 1322 δὲ
1445 1247 1507 1320 καὶ

205 1383 207 1388 ’
307 1375 413 1446 τοῦτο
442 1369 527 1446 ἰδεῖν
556 1367 623 1472 ούχ
652 1367 778 1468 ἑτέρως
809 1367 901 1470 ἔχον,
934 1363 1160 1472 γεγραφότος
1190 1367 1271 1466 περὶ
1300 1367 1409 1444 αὐτοῦ
1439 1373 1508 1444 τοῦ

138 1514 270 1566 Infmver.
308 1491 506 1570 θεσπεσίου
526 1489 678 1570 Παύλου
702 1501 724 1538 “
737 1487 813 1569 Τὸν
835 1488 873 1568 δὲ
896 1487 1018 1593 βραχύ
1040 1522 1074 1569 τι
1090 1489 1175 1589 παρ’
1194 1488 1374 1590 ἀγγέλους
1390 1488 1508 1586 ἠλατ-

137 1595 163 1646 9’
308 1627 330 1665 “
348 1615 506 1714 τώμενον
533 1615 714 1715 Ιβλέπομεν
741 1615 888 1716 Ἰησοῦν
915 1614 973 1696 διά
1002 1615 1045 1695 τῦ
1071 1615 1223 1717 πάθημα
1254 1625 1319 1696 τοῦ
1335 1612 1507 1695 ’θανάτου
1525 1657 1568 1697 10

307 1750 329 1788 ‘⁶
347 1737 438 1844 δόξῃ
459 1745 517 1820 καὶ
535 1746 619 1843 τιμῇ
637 1737 964 1845 εὀτεφανώμενον.”

362 1861 522 1947 Ἀκούεις
546 1861 643 1946 ὅπως
669 1860 787 1942 ε’πάνω
814 1861 960 1942 πάντων
988 1863 1185 1966 ῦπέρτατον
1213 1861 1277 1942 τὸν
1303 1862 1509 1964 σύνθρονον

307 1989 359 2092 τῷ
388 1989 506 2089 Πατρὶ
535 1985 598 2067 τὸν
623 1984 724 2088 παρά
754 1991 827 2066 τῶν
859 1985 932 2065 ἀνω
963 1985 1175 2084 πνευμάτων
1206 1987 1245 2066 ἐν
1276 1985 1376 2092 τάξει
1408 1989 1510 2064 Θεοῦ

139 2147 205 2196 nan,
217 2147 260 2196 vu,
307 2108 631 2211 προσκυνούμενον,
648 2106 678 2216 ᾦ
703 2110 815 2213 χίλιαι
840 2107 905 2206 μὲυ
924 2107 1083 2212 χιλιάδες
1101 2117 1373 2211 λειτουργοῦσιν
1391 2105 1506 2209 ἀγγέ·

142 2224 180 2262 ¹⁰'
308 2241 396 2329 λων,
409 2233 662 2334 παρεστήκασι
680 2231 718 2311 δὲ
737 2234 794 2310 καὶ
812 2231 933 2331 μύριαι
951 2231 1128 2334 μυριάδες,
1145 2229 1374 2333 καταβιβάζει
1391 2229 1509 2311 πάλιν
1524 2271 1565 2330 15

310 2358 330 2436 ὁ
350 2355 593 2459 μυσταγωγὸς
610 2358 648 2435 ἐν
666 2362 740 2439 τοῖς
756 2355 838 2435 καθ’
854 2353 946 2453 ἡμᾶς
965 2357 1024 2434 καὶ
1041 2353 1105 2434 τὸν
1122 2358 1186 2454 τῆς
1204 2355 1385 2438 κενώσεως
1403 2357 1505 2460 ἀφη-

308 2487 422 2582 γεῖται
448 2478 583 2582 τρόπον
609 2475 853 2581 προσεπάγων
882 2474 983 2562 εύθῦς
1010 2481 1069 2558 καὶ
1101 2477 1173 2558 ὅσα
1199 2478 1429 2580 κατώρθωται
1459 2478 1507 2556 δι’

308 2605 417 2703 αὐτῆς
433 2609 478 2710 τῇ
497 2601 699 2710 ἀνθρωπεία
717 2599 826 2707 φύσει
845 2601 975 2702 ἀγαθά.
998 2601 1171 2700 ἐννόησον
1188 2599 1260 2705 γάρ
1278 2600 1509 2706 ἦλαττώμενον

308 2725 428 2834 βραχύ
443 2763 475 2806 τι
494 2733 574 2833 παρ’
595 2723 772 2828 ἀγγίλως
794 2722 912 2822 αὐτὸν,
931 2725 972 2804 ἵν’
993 2725 1090 2824 ἡμεῖς
1107 2727 1145 2804 εὐ
1168 2727 1264 2830 αύτῷ
1281 2723 1503 2823 πλουτήσω-

309 2884 374 2950 μεν
401 2847 448 2930 τά
476 2848 563 2951 ῦπέρ
582 2848 696 2956 φύσιν
719 2850 812 2928 ἰδίαν
837 2851 875 2928 ἐν
896 2849 1035 2956 εύδοκίιρ
1063 2857 1128 2929 τοῦ
1146 2855 1243 2929 Θεοῦ
1270 2851 1328 2928 καὶ
1348 2847 1507 2949 Πατρός·
1524 2889 1569 2929 20

68 3041 73 3046 .
142 2975 281 3064 Ep'hdm.
310 2974 496 3077 συνήγειρε
525 2971 597 3075 γάρ
617 2973 710 3072 ἡμᾶς
739 2983 760 3019 “
778 2974 836 3050 καὶ
861 2971 1097 3053 συνεκάθισεν
1121 2973 1158 3052 ἐν
1186 2979 1259 3056 τοῖς
1287 2970 1509 3073 ἐπουρανίοις

142 3115 173 3165 cf·
183 3116 248 3164 infra
255 3130 279 3178 ν·
310 3109 333 3145 “
349 3100 387 3176 ἐν
397 3097 582 3204 Χριστῷ.”
610 3096 882 3197 συνεδρεύοντος
899 3093 971 3198 γάρ
989 3104 1054 3176 τοῦ
1065 3094 1210 3176 πάντων
1224 3096 1324 3195 ἡμῶν
1339 3097 1509 3194 Σωτῆρος

142 3196 180 3245 ν·
310 3226 486 3322 κριτος,
506 3217 562 3324 υ
583 3218 673 3318 νην
691 3223 874 3320 νοεῖται
890 3216 932 3299 τὸ
951 3218 1117 3322 καύχημα
1134 3217 1201 3319 τὴν
1219 3218 1411 3320 ἀνθρώπου
1429 3217 1505 3320 υ·

310 3377 383 3423 σιν.
416 3344 490 3426 ἐπεὶ
508 3344 587 3422 τίνα
605 3339 739 3444 τρόπον
757 3343 854 3441 ἡμεῖς
872 3345 918 3446 τῇ
939 3343 1048 3422 αὐτοῦ
1074 3344 1233 3450 πτωχείᾳ
1255 3341 1509 3441 πεπλούτηκα-

309 3501 385 3565 μεν,
412 3470 442 3544 εί
467 3463 557 3545 κατά
582 3465 716 3564 μηδένα
741 3462 875 3567 τρόπον
899 3462 941 3545 τὸ
958 3463 1042 3546 καθ’
1062 3466 1154 3564 ἡμᾶς
1172 3469 1210 3545 εὐ
1227 3465 1424 3564 ἀμείνοσιν,
1446 3465 1508 3544 ὅτε
1524 3501 1566 3557 ²5

310 3587 434 3691 γε’γονε
452 3589 533 3668 καθ’
554 3589 646 3687 ἡμᾶς
663 3589 683 3666 ὁ
702 3587 790 3690 ῦπέρ
800 3594 926 3668 πᾶσαν
938 3586 1003 3688 τὴν
1017 3589 1158 3684 κτίσας
1179 3589 1373 3684 ἠλάττωται
1387 3590 1509 3668 τοίνυν

309 3709 428 3819 βραχύ
455 3715 534 3817 παρ’
554 3707 729 3814 ἀγγέλους
752 3711 940 3813 ἄνθρωπος
961 3711 1127 3814 γεγονὼς,
1146 3713 1205 3792 ίνα
1232 3711 1299 3812 τὴν
1315 3710 1509 3813 ἀνθρώπου

309 3835 446 3941 τιμήσῃ
464 3834 578 3940 φύσιν
592 3837 650 3913 καὶ
668 3833 870 3938 ἀνακομίση
886 3832 999 3915 πάλιν
1017 3841 1066 3920 είς
1083 3833 1125 3915 τὸ
1144 3838 1182 3914 εὐ
1199 3837 1335 3940 ἀρχαῖς,
1351 3831 1424 3945 δίξη
1445 3843 1507 3916 καὶ

308 3961 391 4069 τιμῇ
407 3961 466 4037 καὶ
488 3959 527 4036 εὐ
545 3957 635 4061 αὐτῇ
653 3956 942 4062 στεφανούμενος
968 3958 1080 4038 καίτοι
1098 3962 1162 4057 τῖγς
1187 3955 1296 4064 δόξης
1319 3957 1438 4061 κύριος
1456 3957 1510 4037 ὧν

310 4085 359 4166 ὡς
375 4079 478 4166 Θεός.
512 4077 637 4182 ώσπερ
662 4076 734 4182 γάρ
753 4080 775 4179 ἡ
794 4089 858 4160 τοῦ
886 4078 1009 4179 Ἀδάμ
1034 4080 1244 4184 παράβασις
1273 4080 1510 4179 ἀτιμοτάτους
1524 4125 1571 4180 30

309 4205 503 4312 ἀπέδειξεν,
531 4205 642 4288 οὕτως
670 4201 918 4310 δεδοξάσμεθα
944 4203 1004 4284 διά
1030 4208 1095 4303 τῆς
1117 4204 1204 4308 ῦπὲρ
1226 4205 1327 4305 ἡμῶν
1349 4207 1511 4305 ῦπακυῆς

143 4358 279 4410 τασαν.
310 4335 375 4408 τοῦ
401 4333 566 4431 Χριστοῦ
595 4329 653 4408 καὶ
681 4325 793 4426 αι’τιὴν
809 4327 1014 4413 ’τεθεικὸτος
1041 4326 1108 4428 τὴν
1137 4327 1228 4408 ἰδίαν
1259 4324 1385 4435 ψυχὴν
1414 4329 1512 4410 “’ίυα

144 4439 167 4489 9·
313 4461 334 4498 “
353 4453 410 4529 καὶ
440 4456 572 4554 υεκρῶν
600 4453 658 4530 καὶ
687 4449 827 4553 ζώντων
855 4449 1061 4556 κυριεύση.”
