3280 5142
319 333 362 394 36
623 331 663 396 B.
686 329 896 396 CYRILLI
926 327 1219 395 ALEXANDR.
1360 326 1452 391 xviii.
1468 345 1521 393 αα.

320 529 401 579 νους
437 494 504 595 ἤδη
542 493 623 579 τοῦς
660 496 835 598 ὑπηρέτας
871 499 929 576 κοά
968 494 1236 595 τεθαυμακότας
1276 493 1520 596 εὑρίσκοντες,

319 622 522 722 ἀγωνιῦσιν
549 624 583 700 οἱ
611 623 815 722 Φαρισαῖοι.
861 627 967 701 τοῦτο
995 627 1185 723 τοιγαροῦν
1211 616 1312 702 είδάις
1341 619 1362 697 ὁ
1391 616 1523 718 Σωτήρ

319 747 495 853 Ἐράτησίν
513 751 607 851 φησι
625 742 701 831 τοῦτ
724 746 932 838 ἀκηκοότας·
962 741 1011 826 ίάε
1035 743 1117 826 οὗτοι
1142 739 1302 824 ίτατιιά
1326 739 1417 824 εἶπον
1436 743 1519 842 ἐγώ.

318 867 446 952 αὐτοῦς
471 866 543 971 γάρ
568 869 717 952 ἐκείνους
735 865 818 954 τοῦς
836 868 917 950 τότε
933 867 1207 973 παρεστηκότος
1231 869 1337 970 ὁρῶν,
1356 863 1398 946 τό
1417 865 1522 946 Οὑτοι

318 991 486 1100 φησὶυ,ή
511 995 650 1074 κάκεῖνο
675 991 876 1094 σημαίνων,
895 992 951 1074 ότι
976 995 1034 1074 καὶ
1059 994 1161 1072 αὑτοὶ
1185 989 1432 1091 τεθαυμάκασι
1456 996 1556 1089 τῦς5

318 1120 404 1218 ἐμῆς
431 1117 667 1204 διδασκαλίας
693 1117 736 1198 τὸ
768 1116 906 1202 κάλλος
938 1123 971 1198 οἱ
1001 1121 1064 1218 τῆς
1092 1113 1260 1220 ὑμετέρας
1287 1112 1524 1216 ἀνοσιότητος

317 1241 500 1345 ὑπουργοί.

267 1466 430 1533 υοΤπῦτα
476 1467 511 1533 δε
556 1469 655 1535 αὐτοῦ
699 1466 849 1536 εἰπόντος
891 1463 939 1534 εἷς
980 1468 1197 1556 παρεστηκὼς
1237 1467 1304 1533 τῶν
1346 1467 1522 1554 ὑπιιρετὼν
1627 1529 1628 1604 ή

283 1603 305 1667 d
368 1593 474 1659 ἔδωκε
515 1595 662 1683 ῥάπισμα
703 1597 751 1681 τῷ
781 1597 901 1676 Ἰασοῦ,
936 1590 1039 1661 εἰπὼν
1075 1595 1165 1678 αὐτῷ
1201 1592 1315 1660 Οὕτως
1357 1591 1549 1682 ἀποκρίνῃ
1627 1607 1628 1686 ᾗ

369 1725 417 1806 τῷ
440 1716 605 1810 ἀρχιερεῖς
1541 1738 1579 1778 10

377 1883 669 1987 Προκεκήρυκται
704 1883 770 1984 μὲν
803 1883 862 1964 διά
898 1889 963 1985 τῆς
999 1895 1063 1966 τοῦ
1095 1881 1285 1991 προφήτου
1317 1888 1443 1990 φωνῆς
1474 1887 1524 1966 ὡς
1627 1895 1628 1974 λ

147 2030 190 2082 Ἑν.
203 2031 221 2081 1.
234 2029 259 2081 6.
316 2005 490 2106 ἐσόμενον
508 2010 565 2089 ε’πὶ
584 2012 739 2115 Χριστῷ
764 2011 823 2087 καὶ
847 2015 967 2088 τοῦτο·
1001 2019 1022 2056 “
1037 2006 1114 2089 Τὸν
1132 2007 1245 2088 νιῦτόν
1262 2041 1333 2107 μου
1351 2007 1521 2103 δέδωκα,”

318 2135 444 2237 φησὶν,
465 2143 487 2180 “
503 2139 552 2218 εἷς
570 2131 753 2234 μάστιγας
771 2132 830 2211 καὶ
847 2129 912 2216 τάς
931 2131 1103 2235 σιαγόνας
1121 2167 1192 2231 μου
1210 2139 1258 2216 είς
1275 2130 1522 2236 ῥαπίσματα.”

317 2255 518 2362 διεξάγεται
535 2254 650 2357 γεμὴν
668 2262 716 2340 είς
742 2254 785 2336 τὸ
809 2253 926 2336 πάλαι
944 2256 1315 2363 προαναφωνοὺμευον
1332 2254 1454 2360 πέρας,
1474 2261 1523 2338 εἲς

316 2386 426 2483 κρῖμα
456 2378 523 2480 μέν
551 2384 615 2480 τῆς
642 2381 823 2461 Ἰουδαίων
854 2379 1068 2484 ἀλαζονείας,
1097 2386 1146 2466 εἷς
1178 2380 1360 2484 ἀναίρεσιν
1390 2379 1429 2460 δὲ
1462 2383 1521 2459 καὶ
1540 2411 1576 2472 ¹5

315 2504 576 2613 καταστροφὴν
600 2509 665 2605 τῆς
693 2503 929 2610 ὀφειλομένης
955 2505 1037 2604 ἡμῖν
1056 2505 1207 2604 ἀτιμίας,
1228 2507 1370 2608 ε’πείπερ
1398 2503 1517 2607 ἦμάρ·
1627 2573 1628 2576 ,

287 2665 423 2728 οτομεν
445 2632 484 2710 έν
502 2629 622 2728 Ἀδάμ
650 2635 701 2738 τῷ
730 2627 862 2736 πρότιρ
888 2629 955 2729 τὴν
978 2629 1076 2709 θείαν
1098 2629 1326 2729 πατήσαντες
1352 2629 1518 2728 ε’ντολήν.
1627 2705 1628 2708 ,

315 2754 518 2859 ἀτιμάζεται
553 2753 625 2858 γάρ
663 2753 751 2857 ὑπὲρ
789 2754 900 2853 ἡμῶν,
931 2753 1072 2857 ἐπείπερ
1102 2753 1210 2839 αὑτὸς
1241 2752 1306 2838 τάς
1343 2753 1520 2856 ἁμαρτίας
1627 2751 1628 2758 ¹

147 2893 186 2943 Ib-
194 2892 269 2956 11114
315 2879 417 2979 ἡμῶν
440 2878 539 2983 α’ίρει,
559 2876 651 2958 κατά
676 2875 744 2978 τήν
765 2886 830 2958 τοῦ
858 2875 1047 2984 προφήτου
1074 2874 1210 2984 φωνὴν,
1229 2879 1288 2958 καὶ
1311 2880 1393 2980 περὶ
1415 2876 1520 2976 ἡμῶν
1627 2919 1628 2962 ι

315 3005 494 3084 ὀδυνάται.
544 2999 668 3104 ὥσπερ
705 3000 778 3105 γάρ
815 3001 972 3083 θανάτου
1007 3001 1116 3083 λύσιν
1152 2999 1342 3106 εἰργάζετο,
1374 3001 1520 3110 θανάτῳ
1535 3041 1575 3082 20

313 3126 497 3231 παραδοῦς
534 3127 576 3207 τὸ
613 3126 702 3208 ’ίδιον
738 3133 859 3226 σῶμα·
901 3125 966 3207 τὸν
1003 3125 1112 3207 αὑτὸν
1149 3125 1246 3228 οἶμαι
1283 3123 1417 3231 τρόπον
1453 3132 1520 3226 τῆς
1627 3127 1628 3206 ἶ

313 3251 558 3356 ε’πηρτημένης
599 3253 684 3351 ἡμῖν
722 3250 863 3352 ἀτιμίας
904 3249 963 3330 διά
1003 3247 1069 3350 τὴν
1104 3250 1316 3353 παράβασιν
1353 3255 1411 3332 καὶ
1451 3252 1546 3352 τήν·
1627 3297 1628 3374 η

314 3375 513 3482 ἀρχέκακον
533 3376 722 3480 ἁμαρτίαν,
741 3372 851 3454 λὺσιν
869 3373 941 3479 ε”χει
959 3372 1001 3455 τά
1020 3375 1185 3482 ῥάπισμα
1206 3375 1271 3474 τὴν
1288 3377 1346 3457 ἐπὶ
1364 3381 1519 3484 Χριστῷ
1627 3399 1628 3448 λ

314 3509 479 3604 πληροῦν
497 3501 654 3598 ἀτιμίαν.
694 3497 743 3583 εἷς
768 3497 842 3602 γάρ
867 3500 887 3578 ό
912 3497 1058 3580 πάντων
1075 3496 1243 3606 ἀντάξιος
1266 3499 1352 3603 ὑπὲρ
1371 3498 1519 3580 πάντων

146 3624 515 3730 1027Δ.ιήτιμάζετο.
552 3622 652 3724 πλὴν
671 3621 764 3724 ὅλην
783 3620 828 3702 ἀν
852 3619 951 3722 οἶμαι
977 3623 1103 3730 φρίξαι
1129 3622 1195 3724 τήν
1213 3623 1341 3722 κτίσιν,
1358 3623 1455 3726 ε’ίπερ
1478 3627 1518 3704 ἐν
1533 3663 1575 3722 25
1627 3611 1628 3696 Q

314 3749 484 3850 αἰσθήσει
502 3750 655 3850 κέκλητο
679 3756 743 3827 τοῦ
769 3746 1015 3847 τολμήματος·
1047 3746 1158 3851 όγάρ
1176 3749 1240 3847 τῆς
1257 3743 1364 3854 δόξης
1384 3749 1518 3852 Κύριος

312 3879 439 3980 τῇτοῦ
456 3872 625 3957 παιόυτος
645 3873 776 3979 ἀνοσία
794 3872 884 3976 χειρὶ
903 3869 1115 3977 κατῃκίζετο.

364 4001 445 4082 Οὑκ
464 3997 661 4102 ἀμοιρήσαι
680 3995 794 4098 γεμήν
808 3996 948 4100 ε’ρεὺνης
968 3994 1013 4077 ἀν
1027 3993 1123 4094 οἶμαι
1142 4001 1367 4105 φιλομαθοῦς
1380 3992 1423 4074 τὸ
1441 3997 1518 4076 ε’θε-

314 4127 427 4224 λῆσαι
445 4129 583 4224 μαθεῖν,
595 4121 675 4204 ἀνθ’
689 4118 774 4202 ἀτου
792 4119 935 4227 τυχάνὸ
951 4117 1160 4219 πάντολμος
1178 4123 1304 4202 οὑτοσὶ
1322 4124 1384 4200 καὶ
1394 4122 1518 4199 ἀνοσι-

314 4247 441 4350 ουργὸς
460 4247 620 4354 ὑπηρέτης
648 4245 784 4352 ῥαπίζει
811 4245 875 4327 τὸν
900 4246 1055 4347 Ἰησοῦν,
1084 4243 1249 4348 σκληρόν
1275 4243 1341 4345 μέν
1369 4244 1465 4328 ὅλως
1492 4241 1574 4345 ἢςο
1627 4259 1628 4314 λ

314 4368 496 4472 ἀὺσοργον
521 4369 666 4452 εἰπόντα
693 4368 815 4471 μηδὲν,
834 4370 1043 4474 πραοτάτην
1061 4369 1099 4449 δὲ
1127 4368 1212 4449 λίαν
1234 4368 1300 4470 τήν
1322 4371 1378 4477 ἐφ’
1398 4367 1518 4452 ἀπασι

352 4591 376 4652 7.
396 4579 523 4654 ὑπουργὸς
537 4580 569 4638 Ε.
690 4598 733 4654 23.
753 4582 892 4654 ἀρχέκακον
905 4581 938 4638 Ε.
1056 4598 1098 4651 24.
1117 4583 1259 4652 πληροῦντι
1272 4583 1333 4654 (pro
1345 4581 1431 4652 more)
1446 4581 1479 4638 E.
