<?xml version="1.0" encoding="UTF-8"?>
<!DOCTYPE html PUBLIC "-//W3C//DTD XHTML 1.0 Transitional//EN"
    "http://www.w3.org/TR/xhtml1/DTD/xhtml1-transitional.dtd">
<html xmlns="http://www.w3.org/1999/xhtml" xml:lang="en" lang="en">
 <head>
  <title>
</title>
<meta http-equiv="Content-Type" content="text/html;charset=utf-8" />
  <meta name='ocr-system' content='tesseract 3.04.00' />
  <meta name='ocr-capabilities' content='ocr_page ocr_carea ocr_par ocr_line ocrx_word'/>
</head>
<body>
  <div class='ocr_page' id='page_1' title='image "./sanctipatrisnos01pusegoog_0208.png"; bbox 0 0 3268 5130; ppageno 0'>
   <div class='ocr_carea' id='block_1_1' title="bbox 4 905 8 942">
    <p class='ocr_par' dir='ltr' id='par_1_1' title="bbox 4 905 8 942">
     <span class='ocr_line' id='line_1_1' title="bbox 4 905 8 942; baseline 0 0"><span class='ocrx_word' id='word_1_1' title='bbox 4 905 8 942; x_wconf 80' lang='grc' dir='ltr'>ί</span> 
     </span>
    </p>
   </div>
   <div class='ocr_carea' id='block_1_2' title="bbox 130 312 1323 398">
    <p class='ocr_par' dir='ltr' id='par_1_2' title="bbox 130 312 1323 398">
     <span class='ocr_line' id='line_1_2' title="bbox 130 312 1323 398; baseline 0 -18"><span class='ocrx_word' id='word_1_2' title='bbox 130 312 182 380; x_wconf 81' lang='grc' dir='ltr'><strong>ιιι.</strong></span> <span class='ocrx_word' id='word_1_3' title='bbox 195 329 227 398; x_wconf 82' lang='lat'>5.</span> <span class='ocrx_word' id='word_1_4' title='bbox 380 314 435 379; x_wconf 79' lang='lat' dir='ltr'><strong>m</strong></span> <span class='ocrx_word' id='word_1_5' title='bbox 461 313 722 380; x_wconf 69' lang='grc' dir='ltr'><strong>αυιοτοιιιιι</strong></span> <span class='ocrx_word' id='word_1_6' title='bbox 747 314 811 380; x_wconf 79' lang='lat' dir='ltr'>An</span> <span class='ocrx_word' id='word_1_7' title='bbox 838 313 1072 380; x_wconf 77' lang='grc' dir='ltr'><strong>ιιοωιιυοι.</strong></span> <span class='ocrx_word' id='word_1_8' title='bbox 1263 315 1323 380; x_wconf 79' lang='grc' dir='ltr'>ιιι</span> 
     </span>
    </p>
   </div>
   <div class='ocr_carea' id='block_1_3' title="bbox 127 411 1480 586">
    <p class='ocr_par' dir='ltr' id='par_1_3' title="bbox 127 411 1480 586">
     <span class='ocr_line' id='line_1_3' title="bbox 127 411 1480 586; baseline 0 -30"><span class='ocrx_word' id='word_1_9' title='bbox 127 475 255 582; x_wconf 84' lang='grc' dir='ltr'>ἐτέροις</span> <span class='ocrx_word' id='word_1_10' title='bbox 274 480 390 586; x_wconf 88' lang='grc' dir='ltr'>φησίν</span> <span class='ocrx_word' id='word_1_11' title='bbox 417 489 439 527; x_wconf 91' lang='grc'><strong>“</strong></span> <span class='ocrx_word' id='word_1_12' title='bbox 453 484 503 560; x_wconf 86' lang='grc' dir='ltr'>Οί</span> <span class='ocrx_word' id='word_1_13' title='bbox 522 477 600 559; x_wconf 76' lang='grc' dir='ltr'>δὲ’</span> <span class='ocrx_word' id='word_1_14' title='bbox 582 513 619 559; x_wconf 91' lang='grc' dir='ltr'>εν</span> <span class='ocrx_word' id='word_1_15' title='bbox 637 481 747 581; x_wconf 79' lang='grc' dir='ltr'>σαρκὶ</span> <span class='ocrx_word' id='word_1_16' title='bbox 765 478 863 578; x_wconf 76' lang='grc' dir='ltr'>ὄντες</span> <span class='ocrx_word' id='word_1_17' title='bbox 883 482 1005 586; x_wconf 77' lang='grc' dir='ltr'>θεῷ’</span> <span class='ocrx_word' id='word_1_18' title='bbox 984 478 1111 581; x_wconf 82' lang='grc' dir='ltr'>αρέσαι</span> <span class='ocrx_word' id='word_1_19' title='bbox 1131 513 1172 557; x_wconf 92' lang='grc' dir='ltr'>ου</span> <span class='ocrx_word' id='word_1_20' title='bbox 1160 457 1319 558; x_wconf 80' lang='grc' dir='ltr'>’δύναν-</span> <span class='ocrx_word' id='word_1_21' title='bbox 1336 411 1480 566; x_wconf 40' lang='lat' dir='ltr'>limfa]</span> 
     </span>
    </p>
   </div>
   <div class='ocr_carea' id='block_1_4' title="bbox 126 573 1360 955">
    <p class='ocr_par' dir='ltr' id='par_1_4' title="bbox 126 573 1360 955">
     <span class='ocr_line' id='line_1_4' title="bbox 128 573 1360 710; baseline 0.002 -28.066"><span class='ocrx_word' id='word_1_22' title='bbox 128 603 259 682; x_wconf 89' lang='grc' dir='ltr'>“·”ται</span> <span class='ocrx_word' id='word_1_23' title='bbox 294 604 408 683; x_wconf 90' lang='grc' dir='ltr'>καίτοι</span> <span class='ocrx_word' id='word_1_24' title='bbox 434 610 512 687; x_wconf 81' lang='grc' dir='ltr'>πῶς</span> <span class='ocrx_word' id='word_1_25' title='bbox 540 604 604 683; x_wconf 80' lang='grc' dir='ltr'>οὐκ</span> <span class='ocrx_word' id='word_1_26' title='bbox 633 602 810 704; x_wconf 71' lang='grc' dir='ltr'>ἀληθὲς</span> <span class='ocrx_word' id='word_1_27' title='bbox 788 638 836 687; x_wconf 89' lang='grc' dir='ltr'>ως</span> <span class='ocrx_word' id='word_1_28' title='bbox 863 605 926 683; x_wconf 81' lang='grc' dir='ltr'>οὐκ</span> <span class='ocrx_word' id='word_1_29' title='bbox 954 603 1025 710; x_wconf 78' lang='grc' dir='ltr'>ἔξω</span> <span class='ocrx_word' id='word_1_30' title='bbox 1054 600 1222 704; x_wconf 83' lang='grc' dir='ltr'><strong>γεγονόσι</strong></span> <span class='ocrx_word' id='word_1_31' title='bbox 1249 573 1360 686; x_wconf 81' lang='grc' dir='ltr'>τοῖς8</span> 
     </span>
     <span class='ocr_line' id='line_1_5' title="bbox 126 723 1325 831; baseline -0.002 -25"><span class='ocrx_word' id='word_1_32' title='bbox 126 728 210 829; x_wconf 84' lang='grc' dir='ltr'>παρ’</span> <span class='ocrx_word' id='word_1_33' title='bbox 240 727 348 806; x_wconf 79' lang='grc' dir='ltr'>αὑτοῦ</span> <span class='ocrx_word' id='word_1_34' title='bbox 375 728 735 829; x_wconf 88' lang='grc' dir='ltr'>μυσταγωγουμένοις</span> <span class='ocrx_word' id='word_1_35' title='bbox 762 725 808 806; x_wconf 83' lang='grc' dir='ltr'>τδ</span> <span class='ocrx_word' id='word_1_36' title='bbox 835 727 952 807; x_wconf 78' lang='grc' dir='ltr'><strong>τοιάδε</strong></span> <span class='ocrx_word' id='word_1_37' title='bbox 979 727 1190 831; x_wconf 75' lang='grc' dir='ltr'>παρεγγυᾷ·</span> <span class='ocrx_word' id='word_1_38' title='bbox 1181 785 1191 822; x_wconf 90' lang='grc'><strong><em>,</em></strong></span> <span class='ocrx_word' id='word_1_39' title='bbox 1224 759 1260 804; x_wconf 91' lang='grc' dir='ltr'><strong>τι</strong></span> <span class='ocrx_word' id='word_1_40' title='bbox 1254 723 1325 804; x_wconf 85' lang='grc' dir='ltr'>’δέ</span> 
     </span>
     <span class='ocr_line' id='line_1_6' title="bbox 127 847 1326 955; baseline -0.002 -25"><span class='ocrx_word' id='word_1_41' title='bbox 127 851 297 944; x_wconf 82' lang='grc' dir='ltr'>βούλεται</span> <span class='ocrx_word' id='word_1_42' title='bbox 334 854 478 949; x_wconf 82' lang='grc' dir='ltr'><em>δηλοῦν,</em></span> <span class='ocrx_word' id='word_1_43' title='bbox 508 857 825 955; x_wconf 78' lang='grc' dir='ltr'>πολυπραγμονεῖν</span> <span class='ocrx_word' id='word_1_44' title='bbox 856 852 1062 952; x_wconf 84' lang='grc' dir='ltr'>ἀναγκαῖον·</span> <span class='ocrx_word' id='word_1_45' title='bbox 1111 847 1170 929; x_wconf 81' lang='grc' dir='ltr'>ὅτε</span> <span class='ocrx_word' id='word_1_46' title='bbox 1207 850 1326 929; x_wconf 81' lang='grc' dir='ltr'>τοίνυν</span> 
     </span>
    </p>
   </div>
   <div class='ocr_carea' id='block_1_5' title="bbox 4 970 1323 1080">
    <p class='ocr_par' dir='ltr' id='par_1_5' title="bbox 4 970 1323 1080">
     <span class='ocr_line' id='line_1_7' title="bbox 4 970 1323 1080; baseline -0.002 -23"><span class='ocrx_word' id='word_1_47' title='bbox 4 1029 7 1070; x_wconf 57' lang='lat'><strong>4</strong></span> <span class='ocrx_word' id='word_1_48' title='bbox 93 981 307 1078; x_wconf 79' lang='grc' dir='ltr'>ὅσαρκικῶς</span> <span class='ocrx_word' id='word_1_49' title='bbox 334 971 625 1073; x_wconf 85' lang='grc' dir='ltr'>ἐπολιτευόμεθα,</span> <span class='ocrx_word' id='word_1_50' title='bbox 647 977 753 1080; x_wconf 79' lang='grc' dir='ltr'>φησί,</span> <span class='ocrx_word' id='word_1_51' title='bbox 771 978 831 1054; x_wconf 83' lang='grc' dir='ltr'>καὶ</span> <span class='ocrx_word' id='word_1_52' title='bbox 857 970 899 1054; x_wconf 79' lang='grc' dir='ltr'>τὸ</span> <span class='ocrx_word' id='word_1_53' title='bbox 928 980 1059 1076; x_wconf 82' lang='grc' dir='ltr'>γεῶδες</span> <span class='ocrx_word' id='word_1_54' title='bbox 1086 977 1124 1052; x_wconf 88' lang='grc' dir='ltr'>ἐν</span> <span class='ocrx_word' id='word_1_55' title='bbox 1152 973 1236 1072; x_wconf 87' lang='grc' dir='ltr'>ἡμῖν</span> <span class='ocrx_word' id='word_1_56' title='bbox 1263 975 1323 1054; x_wconf 85' lang='grc' dir='ltr'>ἐκ·</span> 
     </span>
    </p>
   </div>
   <div class='ocr_carea' id='block_1_6' title="bbox 125 1093 1368 1574">
    <p class='ocr_par' dir='ltr' id='par_1_6' title="bbox 125 1093 1368 1574">
     <span class='ocr_line' id='line_1_8' title="bbox 126 1093 1327 1205; baseline 0.002 -28"><span class='ocrx_word' id='word_1_57' title='bbox 126 1099 225 1202; x_wconf 83' lang='grc' dir='ltr'>ράτει</span> <span class='ocrx_word' id='word_1_58' title='bbox 252 1096 431 1205; x_wconf 84' lang='grc' dir='ltr'>φρόνημα,</span> <span class='ocrx_word' id='word_1_59' title='bbox 453 1095 533 1178; x_wconf 85' lang='grc' dir='ltr'>τότε</span> <span class='ocrx_word' id='word_1_60' title='bbox 561 1099 620 1177; x_wconf 78' lang='grc' dir='ltr'>καί</span> <span class='ocrx_word' id='word_1_61' title='bbox 648 1100 828 1200; x_wconf 81' lang='grc' dir='ltr'>ἐνηργεῖτο</span> <span class='ocrx_word' id='word_1_62' title='bbox 856 1099 893 1177; x_wconf 90' lang='grc' dir='ltr'>ἐν</span> <span class='ocrx_word' id='word_1_63' title='bbox 921 1097 1005 1196; x_wconf 80' lang='grc' dir='ltr'>ἡμῖν</span> <span class='ocrx_word' id='word_1_64' title='bbox 1032 1094 1078 1177; x_wconf 88' lang='grc' dir='ltr'>τά</span> <span class='ocrx_word' id='word_1_65' title='bbox 1103 1101 1167 1197; x_wconf 79' lang='grc' dir='ltr'>τῆς</span> <span class='ocrx_word' id='word_1_66' title='bbox 1190 1093 1327 1200; x_wconf 83' lang='grc' dir='ltr'>σαρκὸς</span> 
     </span>
     <span class='ocr_line' id='line_1_9' title="bbox 125 1217 1322 1330; baseline -0.003 -28"><span class='ocrx_word' id='word_1_67' title='bbox 125 1220 225 1323; x_wconf 78' lang='grc' dir='ltr'>πάθη</span> <span class='ocrx_word' id='word_1_68' title='bbox 244 1217 303 1303; x_wconf 68' lang='grc' dir='ltr'>διδ</span> <span class='ocrx_word' id='word_1_69' title='bbox 320 1223 376 1302; x_wconf 66' lang='grc' dir='ltr'>ταδ’</span> <span class='ocrx_word' id='word_1_70' title='bbox 395 1223 491 1328; x_wconf 83' lang='grc' dir='ltr'>νίμιυ</span> <span class='ocrx_word' id='word_1_71' title='bbox 507 1220 599 1325; x_wconf 86' lang='grc' dir='ltr'>πρὸς</span> <span class='ocrx_word' id='word_1_72' title='bbox 614 1217 651 1303; x_wconf 70' lang='grc' dir='ltr'>τέ</span> <span class='ocrx_word' id='word_1_73' title='bbox 671 1219 926 1329; x_wconf 63' lang='grc' dir='ltr'>καρποφορῆσαι</span> <span class='ocrx_word' id='word_1_74' title='bbox 944 1228 992 1330; x_wconf 75' lang='grc' dir='ltr'>τῷ</span> <span class='ocrx_word' id='word_1_75' title='bbox 1008 1219 1151 1328; x_wconf 81' lang='grc' dir='ltr'>θανιίτῳ·</span> <span class='ocrx_word' id='word_1_76' title='bbox 1183 1219 1221 1300; x_wconf 91' lang='grc' dir='ltr'>τί</span> <span class='ocrx_word' id='word_1_77' title='bbox 1235 1220 1322 1316; x_wconf 83' lang='grc' dir='ltr'>οδν;</span> 
     </span>
     <span class='ocr_line' id='line_1_10' title="bbox 127 1340 1326 1454; baseline -0.004 -28"><span class='ocrx_word' id='word_1_78' title='bbox 127 1347 217 1454; x_wconf 83' lang='grc' dir='ltr'>φαίη</span> <span class='ocrx_word' id='word_1_79' title='bbox 249 1346 302 1430; x_wconf 86' lang='grc' dir='ltr'>τίς</span> <span class='ocrx_word' id='word_1_80' title='bbox 332 1345 389 1426; x_wconf 79' lang='grc' dir='ltr'>ἄν·</span> <span class='ocrx_word' id='word_1_81' title='bbox 431 1343 477 1426; x_wconf 86' lang='grc' dir='ltr'>τά</span> <span class='ocrx_word' id='word_1_82' title='bbox 507 1342 607 1445; x_wconf 74' lang='grc' dir='ltr'>πάθη</span> <span class='ocrx_word' id='word_1_83' title='bbox 640 1348 703 1445; x_wconf 81' lang='grc' dir='ltr'>τῆς</span> <span class='ocrx_word' id='word_1_84' title='bbox 736 1342 872 1447; x_wconf 77' lang='grc' dir='ltr'>σαρκὸς</span> <span class='ocrx_word' id='word_1_85' title='bbox 905 1343 1136 1443; x_wconf 79' lang='grc' dir='ltr'>εἰσεκομίσθη</span> <span class='ocrx_word' id='word_1_86' title='bbox 1172 1340 1230 1423; x_wconf 82' lang='grc' dir='ltr'>διδ</span> <span class='ocrx_word' id='word_1_87' title='bbox 1261 1350 1326 1422; x_wconf 85' lang='grc' dir='ltr'>τοῦ</span> 
     </span>
     <span class='ocr_line' id='line_1_11' title="bbox 127 1465 1368 1574; baseline -0.003 -25"><span class='ocrx_word' id='word_1_88' title='bbox 127 1467 260 1568; x_wconf 71' lang='grc' dir='ltr'>νόμους</span> <span class='ocrx_word' id='word_1_89' title='bbox 290 1465 364 1549; x_wconf 85' lang='grc' dir='ltr'>εἶτα</span> <span class='ocrx_word' id='word_1_90' title='bbox 385 1475 462 1553; x_wconf 78' lang='grc' dir='ltr'>πῶς</span> <span class='ocrx_word' id='word_1_91' title='bbox 487 1467 595 1551; x_wconf 74' lang='grc' dir='ltr'>αὐτὸν</span> <span class='ocrx_word' id='word_1_92' title='bbox 616 1465 853 1570; x_wconf 76' lang='grc' dir='ltr'>ἐγκλημάτων</span> <span class='ocrx_word' id='word_1_93' title='bbox 872 1465 1168 1574; x_wconf 78' lang='grc' dir='ltr'>ἀπαλλάξωμεν;</span> <span class='ocrx_word' id='word_1_94' title='bbox 1199 1465 1238 1546; x_wconf 88' lang='grc' dir='ltr'>τί</span> <span class='ocrx_word' id='word_1_95' title='bbox 1261 1466 1325 1546; x_wconf 77' lang='grc' dir='ltr'>οὖν</span> <span class='ocrx_word' id='word_1_96' title='bbox 1365 1491 1368 1500; x_wconf 91' lang='grc'>·</span> 
     </span>
    </p>
   </div>
   <div class='ocr_carea' id='block_1_7' title="bbox 4 1588 1327 1701">
    <p class='ocr_par' dir='ltr' id='par_1_7' title="bbox 4 1588 1327 1701">
     <span class='ocr_line' id='line_1_12' title="bbox 4 1588 1327 1701; baseline -0.001 -31"><span class='ocrx_word' id='word_1_97' title='bbox 4 1681 5 1690; x_wconf 15' lang='grc' dir='ltr'>η</span> <span class='ocrx_word' id='word_1_98' title='bbox 77 1629 116 1671; x_wconf 86' lang='grc' dir='ltr'><strong>ιο</strong></span> <span class='ocrx_word' id='word_1_99' title='bbox 127 1590 218 1698; x_wconf 81' lang='grc' dir='ltr'>πρὸς</span> <span class='ocrx_word' id='word_1_100' title='bbox 241 1593 347 1674; x_wconf 80' lang='grc' dir='ltr'>τοῦτο’</span> <span class='ocrx_word' id='word_1_101' title='bbox 374 1597 517 1701; x_wconf 86' lang='grc' dir='ltr'>φαμεν;</span> <span class='ocrx_word' id='word_1_102' title='bbox 554 1594 597 1673; x_wconf 83' lang='grc' dir='ltr'>οὐ</span> <span class='ocrx_word' id='word_1_103' title='bbox 624 1591 683 1672; x_wconf 83' lang='grc' dir='ltr'>διδ</span> <span class='ocrx_word' id='word_1_104' title='bbox 712 1589 822 1689; x_wconf 87' lang='grc' dir='ltr'>νόμου</span> <span class='ocrx_word' id='word_1_105' title='bbox 848 1590 895 1671; x_wconf 84' lang='grc' dir='ltr'>τθι</span> <span class='ocrx_word' id='word_1_106' title='bbox 921 1595 986 1690; x_wconf 83' lang='grc' dir='ltr'>τῆς</span> <span class='ocrx_word' id='word_1_107' title='bbox 1012 1588 1150 1694; x_wconf 82' lang='grc' dir='ltr'>σαρκὸς</span> <span class='ocrx_word' id='word_1_108' title='bbox 1176 1593 1214 1670; x_wconf 91' lang='grc' dir='ltr'>ἐν</span> <span class='ocrx_word' id='word_1_109' title='bbox 1242 1589 1327 1690; x_wconf 74' lang='grc' dir='ltr'>η’μῖν</span> 
     </span>
    </p>
   </div>
   <div class='ocr_carea' id='block_1_8' title="bbox 78 1711 1482 4694">
    <p class='ocr_par' dir='ltr' id='par_1_8' title="bbox 102 1711 1482 2190">
     <span class='ocr_line' id='line_1_13' title="bbox 127 1711 1327 1822; baseline -0.003 -26"><span class='ocrx_word' id='word_1_110' title='bbox 127 1720 303 1818; x_wconf 83' lang='grc' dir='ltr'>κεκίνηται</span> <span class='ocrx_word' id='word_1_111' title='bbox 334 1724 443 1821; x_wconf 79' lang='grc' dir='ltr'>πάθη,</span> <span class='ocrx_word' id='word_1_112' title='bbox 473 1718 627 1797; x_wconf 75' lang='grc' dir='ltr'>τίκτεται</span> <span class='ocrx_word' id='word_1_113' title='bbox 660 1714 697 1796; x_wconf 84' lang='grc' dir='ltr'>δέ</span> <span class='ocrx_word' id='word_1_114' title='bbox 727 1723 872 1814; x_wconf 81' lang='grc' dir='ltr'>μᾶλλον</span> <span class='ocrx_word' id='word_1_115' title='bbox 907 1719 965 1794; x_wconf 82' lang='grc' dir='ltr'>καὶ</span> <span class='ocrx_word' id='word_1_116' title='bbox 997 1715 1042 1822; x_wconf 83' lang='grc' dir='ltr'>ἐξ</span> <span class='ocrx_word' id='word_1_117' title='bbox 1068 1713 1230 1820; x_wconf 82' lang='grc' dir='ltr'>ἐμφύτου</span> <span class='ocrx_word' id='word_1_118' title='bbox 1261 1711 1327 1810; x_wconf 84' lang='grc' dir='ltr'>μέν</span> 
     </span>
     <span class='ocr_line' id='line_1_14' title="bbox 126 1837 1327 1944; baseline -0.005 -22"><span class='ocrx_word' id='word_1_119' title='bbox 126 1842 265 1943; x_wconf 79' lang='grc' dir='ltr'>ἡδονῆς,</span> <span class='ocrx_word' id='word_1_120' title='bbox 293 1839 418 1922; x_wconf 85' lang='grc' dir='ltr'>τὸνδέ</span> <span class='ocrx_word' id='word_1_121' title='bbox 446 1842 581 1940; x_wconf 80' lang='grc' dir='ltr'>ἀσθενῆ</span> <span class='ocrx_word' id='word_1_122' title='bbox 609 1838 856 1944; x_wconf 81' lang='grc' dir='ltr'>καταληίζεται</span> <span class='ocrx_word' id='word_1_123' title='bbox 883 1847 979 1919; x_wconf 86' lang='grc' dir='ltr'>νοῦν·</span> <span class='ocrx_word' id='word_1_124' title='bbox 1020 1840 1213 1918; x_wconf 81' lang='grc' dir='ltr'>καὶτοῦτο</span> <span class='ocrx_word' id='word_1_125' title='bbox 1243 1837 1327 1937; x_wconf 84' lang='grc' dir='ltr'>ἡμῖν</span> 
     </span>
     <span class='ocr_line' id='line_1_15' title="bbox 127 1958 1482 2072; baseline -0.004 -28.091"><span class='ocrx_word' id='word_1_126' title='bbox 127 1964 281 2072; x_wconf 89' lang='grc' dir='ltr'>ἐμφανές</span> <span class='ocrx_word' id='word_1_127' title='bbox 313 1966 509 2065; x_wconf 84' lang='grc' dir='ltr'>καθίστησι</span> <span class='ocrx_word' id='word_1_128' title='bbox 541 1963 660 2066; x_wconf 88' lang='grc' dir='ltr'>λέγων</span> <span class='ocrx_word' id='word_1_129' title='bbox 693 1975 714 2013; x_wconf 83' lang='grc'><strong>“</strong></span> <span class='ocrx_word' id='word_1_130' title='bbox 727 1965 779 2044; x_wconf 89' lang='grc' dir='ltr'>Ἡ</span> <span class='ocrx_word' id='word_1_131' title='bbox 813 1961 916 2070; x_wconf 81' lang='grc' dir='ltr'>σάρξ</span> <span class='ocrx_word' id='word_1_132' title='bbox 945 1964 1109 2061; x_wconf 83' lang='grc' dir='ltr'>ἐπιθυμεῖ</span> <span class='ocrx_word' id='word_1_133' title='bbox 1138 1958 1230 2042; x_wconf 78' lang='grc' dir='ltr'>κατὰ</span> <span class='ocrx_word' id='word_1_134' title='bbox 1262 1967 1430 2048; x_wconf 59' lang='lat' dir='ltr'>roffam,</span> <span class='ocrx_word' id='word_1_135' title='bbox 1443 2006 1482 2060; x_wconf 66' lang='grc' dir='ltr'><strong>ιη,</strong></span> 
     </span>
     <span class='ocr_line' id='line_1_16' title="bbox 128 2083 1324 2190; baseline -0.006 -20"><span class='ocrx_word' id='word_1_136' title='bbox 128 2099 151 2136; x_wconf 83' lang='grc'><strong>“</strong></span> <span class='ocrx_word' id='word_1_137' title='bbox 167 2088 374 2189; x_wconf 69' lang='grc' dir='ltr'>πνεύματος,</span> <span class='ocrx_word' id='word_1_138' title='bbox 393 2087 435 2168; x_wconf 81' lang='grc' dir='ltr'>τὸ</span> <span class='ocrx_word' id='word_1_139' title='bbox 462 2086 500 2169; x_wconf 81' lang='grc' dir='ltr'>δὲ</span> <span class='ocrx_word' id='word_1_140' title='bbox 524 2097 666 2188; x_wconf 82' lang='grc' dir='ltr'>πνεῦμα</span> <span class='ocrx_word' id='word_1_141' title='bbox 689 2086 782 2169; x_wconf 79' lang='grc' dir='ltr'>κατὰ</span> <span class='ocrx_word' id='word_1_142' title='bbox 805 2091 870 2188; x_wconf 80' lang='grc' dir='ltr'>τῆς</span> <span class='ocrx_word' id='word_1_143' title='bbox 893 2085 1039 2190; x_wconf 85' lang='grc' dir='ltr'>σαρκὸς,</span> <span class='ocrx_word' id='word_1_144' title='bbox 1061 2094 1175 2167; x_wconf 85' lang='grc' dir='ltr'>ταῦτα</span> <span class='ocrx_word' id='word_1_145' title='bbox 1198 2083 1237 2166; x_wconf 82' lang='grc' dir='ltr'>δὲ</span> <span class='ocrx_word' id='word_1_146' title='bbox 1254 2087 1324 2164; x_wconf 84' lang='grc' dir='ltr'>ἀλ-</span> 
     </span>
    </p>

    <p class='ocr_par' dir='ltr' id='par_1_9' title="bbox 79 2206 1430 2813">
     <span class='ocr_line' id='line_1_17' title="bbox 79 2206 1327 2317; baseline -0.005 -23"><span class='ocrx_word' id='word_1_147' title='bbox 79 2247 116 2310; x_wconf 76' lang='lat'>¹5</span> <span class='ocrx_word' id='word_1_148' title='bbox 129 2223 151 2262; x_wconf 92' lang='lat'><strong>“</strong></span> <span class='ocrx_word' id='word_1_149' title='bbox 169 2213 296 2314; x_wconf 82' lang='grc' dir='ltr'>λήλοις</span> <span class='ocrx_word' id='word_1_150' title='bbox 322 2215 545 2294; x_wconf 84' lang='grc' dir='ltr'>ἀντίκειται.”</span> <span class='ocrx_word' id='word_1_151' title='bbox 585 2215 659 2293; x_wconf 80' lang='grc' dir='ltr'>νυνὶ</span> <span class='ocrx_word' id='word_1_152' title='bbox 682 2212 720 2293; x_wconf 85' lang='grc' dir='ltr'>δέ</span> <span class='ocrx_word' id='word_1_153' title='bbox 744 2220 849 2292; x_wconf 82' lang='grc' dir='ltr'>τοῦτο</span> <span class='ocrx_word' id='word_1_154' title='bbox 873 2213 1008 2314; x_wconf 77' lang='grc' dir='ltr'>παρεὶς,</span> <span class='ocrx_word' id='word_1_155' title='bbox 1030 2209 1238 2317; x_wconf 79' lang='grc' dir='ltr'>ἀντεξάγειν</span> <span class='ocrx_word' id='word_1_156' title='bbox 1260 2206 1327 2309; x_wconf 83' lang='grc' dir='ltr'>τὴν</span> 
     </span>
     <span class='ocr_line' id='line_1_18' title="bbox 128 2334 1328 2446; baseline -0.003 -28"><span class='ocrx_word' id='word_1_157' title='bbox 128 2335 249 2442; x_wconf 84' lang='grc' dir='ltr'>σάρκα</span> <span class='ocrx_word' id='word_1_158' title='bbox 276 2340 327 2446; x_wconf 76' lang='grc' dir='ltr'>τῷ</span> <span class='ocrx_word' id='word_1_159' title='bbox 351 2336 529 2436; x_wconf 81' lang='grc' dir='ltr'>πνεύματί</span> <span class='ocrx_word' id='word_1_160' title='bbox 551 2345 657 2444; x_wconf 87' lang='grc' dir='ltr'>φησι,</span> <span class='ocrx_word' id='word_1_161' title='bbox 686 2337 744 2418; x_wconf 84' lang='grc' dir='ltr'>διὰ</span> <span class='ocrx_word' id='word_1_162' title='bbox 770 2336 885 2434; x_wconf 83' lang='grc' dir='ltr'>μέσου</span> <span class='ocrx_word' id='word_1_163' title='bbox 913 2336 1019 2419; x_wconf 82' lang='grc' dir='ltr'>τιθεὶς</span> <span class='ocrx_word' id='word_1_164' title='bbox 1046 2334 1157 2415; x_wconf 75' lang='grc' dir='ltr'>οὐδέν.</span> <span class='ocrx_word' id='word_1_165' title='bbox 1200 2335 1328 2416; x_wconf 83' lang='grc' dir='ltr'>οὐκοῦν</span> 
     </span>
     <span class='ocr_line' id='line_1_19' title="bbox 129 2455 1327 2564; baseline -0.002 -22"><span class='ocrx_word' id='word_1_166' title='bbox 129 2463 171 2543; x_wconf 82' lang='grc' dir='ltr'>οὐ</span> <span class='ocrx_word' id='word_1_167' title='bbox 189 2461 248 2544; x_wconf 85' lang='grc' dir='ltr'>διά</span> <span class='ocrx_word' id='word_1_168' title='bbox 274 2495 317 2562; x_wconf 90' lang='grc' dir='ltr'>γε</span> <span class='ocrx_word' id='word_1_169' title='bbox 344 2469 408 2542; x_wconf 81' lang='grc' dir='ltr'>τοῦ</span> <span class='ocrx_word' id='word_1_170' title='bbox 437 2459 546 2562; x_wconf 88' lang='grc' dir='ltr'>νόμου</span> <span class='ocrx_word' id='word_1_171' title='bbox 570 2461 617 2541; x_wconf 83' lang='grc' dir='ltr'>τθι</span> <span class='ocrx_word' id='word_1_172' title='bbox 644 2465 707 2561; x_wconf 83' lang='grc' dir='ltr'>τῆς</span> <span class='ocrx_word' id='word_1_173' title='bbox 725 2458 860 2564; x_wconf 83' lang='grc' dir='ltr'>σαρκὸς</span> <span class='ocrx_word' id='word_1_174' title='bbox 887 2461 925 2539; x_wconf 86' lang='grc' dir='ltr'>ἐν</span> <span class='ocrx_word' id='word_1_175' title='bbox 943 2458 1028 2558; x_wconf 84' lang='grc' dir='ltr'>ἡμῖν</span> <span class='ocrx_word' id='word_1_176' title='bbox 1056 2465 1200 2540; x_wconf 84' lang='grc' dir='ltr'>κινεῖται</span> <span class='ocrx_word' id='word_1_177' title='bbox 1217 2455 1327 2558; x_wconf 77' lang='grc' dir='ltr'>πάθη,</span> 
     </span>
     <span class='ocr_line' id='line_1_20' title="bbox 129 2580 1328 2734; baseline -0.001 -69"><span class='ocrx_word' id='word_1_178' title='bbox 129 2593 274 2686; x_wconf 72' lang='grc' dir='ltr'>μᾶλλον</span> <span class='ocrx_word' id='word_1_179' title='bbox 301 2586 339 2670; x_wconf 85' lang='grc' dir='ltr'>δέ</span> <span class='ocrx_word' id='word_1_180' title='bbox 366 2592 543 2693; x_wconf 76' lang='grc' dir='ltr'>φυσικῶς·</span> <span class='ocrx_word' id='word_1_181' title='bbox 583 2589 641 2666; x_wconf 77' lang='grc' dir='ltr'>καὶ</span> <span class='ocrx_word' id='word_1_182' title='bbox 668 2585 710 2666; x_wconf 85' lang='grc' dir='ltr'>τό</span> <span class='ocrx_word' id='word_1_183' title='bbox 737 2618 793 2734; x_wconf 89' lang='grc' dir='ltr'>γε</span> <span class='ocrx_word' id='word_1_184' title='bbox 806 2581 1012 2689; x_wconf 84' lang='grc' dir='ltr'>παράδοξον</span> <span class='ocrx_word' id='word_1_185' title='bbox 1031 2589 1105 2665; x_wconf 83' lang='grc' dir='ltr'>τοῖς</span> <span class='ocrx_word' id='word_1_186' title='bbox 1126 2591 1190 2664; x_wconf 85' lang='grc' dir='ltr'>τοῦ</span> <span class='ocrx_word' id='word_1_187' title='bbox 1217 2580 1328 2682; x_wconf 85' lang='grc' dir='ltr'>νόμου</span> 
     </span>
     <span class='ocr_line' id='line_1_21' title="bbox 127 2703 1442 2813; baseline 0.001 -23"><span class='ocrx_word' id='word_1_188' title='bbox 127 2709 331 2810; x_wconf 81' lang='grc' dir='ltr'>θελήμασιν</span> <span class='ocrx_word' id='word_1_189' title='bbox 349 2709 658 2807; x_wconf 80' lang='grc' dir='ltr'>ἀντανίσταται,</span> <span class='ocrx_word' id='word_1_190' title='bbox 635 2743 684 2794; x_wconf 83' lang='grc' dir='ltr'>ως</span> <span class='ocrx_word' id='word_1_191' title='bbox 708 2706 813 2792; x_wconf 85' lang='grc' dir='ltr'>αὑτός</span> <span class='ocrx_word' id='word_1_192' title='bbox 835 2741 907 2788; x_wconf 90' lang='grc' dir='ltr'>που</span> <span class='ocrx_word' id='word_1_193' title='bbox 927 2709 1077 2813; x_wconf 90' lang='grc' dir='ltr'>φησιν</span> <span class='ocrx_word' id='word_1_194' title='bbox 1061 2741 1081 2787; x_wconf 95' lang='grc' dir='ltr'>ο</span> <span class='ocrx_word' id='word_1_195' title='bbox 1104 2703 1290 2789; x_wconf 76' lang='grc' dir='ltr'>Παῦλος”</span> <span class='ocrx_word' id='word_1_196' title='bbox 1271 2740 1327 2785; x_wconf 88' lang='grc' dir='ltr'>οτι</span> <span class='ocrx_word' id='word_1_197' title='bbox 1339 2735 1378 2789; x_wconf 75' lang='lat'>16</span> <span class='ocrx_word' id='word_1_198' title='bbox 1394 2732 1442 2792; x_wconf 71' lang='grc' dir='ltr'>Π.</span> 
     </span>
    </p>

    <p class='ocr_par' dir='ltr' id='par_1_10' title="bbox 78 2826 1473 3431">
     <span class='ocr_line' id='line_1_22' title="bbox 78 2826 1473 2940; baseline -0.011 -22"><span class='ocrx_word' id='word_1_199' title='bbox 78 2832 205 2918; x_wconf 85' lang='grc' dir='ltr'>ιο“</span> <span class='ocrx_word' id='word_1_200' title='bbox 168 2867 211 2913; x_wconf 93' lang='grc' dir='ltr'>το</span> <span class='ocrx_word' id='word_1_201' title='bbox 240 2831 478 2940; x_wconf 86' lang='grc' dir='ltr'>φρόνημα</span> <span class='ocrx_word' id='word_1_202' title='bbox 434 2868 498 2933; x_wconf 87' lang='grc' dir='ltr'>της</span> <span class='ocrx_word' id='word_1_203' title='bbox 525 2831 661 2937; x_wconf 80' lang='grc' dir='ltr'>σαρκὸς</span> <span class='ocrx_word' id='word_1_204' title='bbox 689 2831 858 2937; x_wconf 82' lang='grc' dir='ltr'>ἔχθρα’</span> <span class='ocrx_word' id='word_1_205' title='bbox 830 2865 878 2916; x_wconf 89' lang='grc' dir='ltr'>εις</span> <span class='ocrx_word' id='word_1_206' title='bbox 906 2830 1013 2911; x_wconf 85' lang='grc' dir='ltr'>Θεόν·</span> <span class='ocrx_word' id='word_1_207' title='bbox 1052 2832 1104 2940; x_wconf 73' lang='grc' dir='ltr'>τῷ</span> <span class='ocrx_word' id='word_1_208' title='bbox 1131 2827 1202 2932; x_wconf 82' lang='grc' dir='ltr'>γὰρ</span> <span class='ocrx_word' id='word_1_209' title='bbox 1230 2826 1473 2937; x_wconf 75' lang='grc' dir='ltr'><strong>νόμῳιιιιιιιιιῑ.</strong></span> 
     </span>
     <span class='ocr_line' id='line_1_23' title="bbox 130 2929 1365 3062; baseline -0.004 -25"><span class='ocrx_word' id='word_1_210' title='bbox 130 2968 152 3006; x_wconf 86' lang='grc'><strong>“</strong></span> <span class='ocrx_word' id='word_1_211' title='bbox 170 2965 234 3038; x_wconf 82' lang='grc' dir='ltr'>τοῦ</span> <span class='ocrx_word' id='word_1_212' title='bbox 266 2962 361 3038; x_wconf 84' lang='grc' dir='ltr'>Θεοῦ</span> <span class='ocrx_word' id='word_1_213' title='bbox 393 2959 460 3062; x_wconf 83' lang='grc' dir='ltr'>οὐχ</span> <span class='ocrx_word' id='word_1_214' title='bbox 496 2955 753 3055; x_wconf 82' lang='grc' dir='ltr'>υτοτάσσεται,</span> <span class='ocrx_word' id='word_1_215' title='bbox 786 2953 866 3036; x_wconf 85' lang='grc' dir='ltr'>οὐδέ</span> <span class='ocrx_word' id='word_1_216' title='bbox 902 2952 976 3056; x_wconf 81' lang='grc' dir='ltr'>γὰρ</span> <span class='ocrx_word' id='word_1_217' title='bbox 1009 2953 1190 3034; x_wconf 46' lang='grc' dir='ltr'>δύναταιέ</span> <span class='ocrx_word' id='word_1_218' title='bbox 1229 2958 1259 3033; x_wconf 87' lang='grc' dir='ltr'>εί</span> <span class='ocrx_word' id='word_1_219' title='bbox 1289 2929 1365 3032; x_wconf 79' lang='grc' dir='ltr'>δέ7</span> 
     </span>
     <span class='ocr_line' id='line_1_24' title="bbox 129 3074 1324 3188; baseline -0.005 -28"><span class='ocrx_word' id='word_1_220' title='bbox 129 3082 282 3187; x_wconf 83' lang='grc' dir='ltr'>μα’χεται</span> <span class='ocrx_word' id='word_1_221' title='bbox 310 3085 361 3187; x_wconf 80' lang='grc' dir='ltr'>τῷ</span> <span class='ocrx_word' id='word_1_222' title='bbox 390 3079 487 3188; x_wconf 81' lang='grc' dir='ltr'>νόμῳ</span> <span class='ocrx_word' id='word_1_223' title='bbox 513 3076 555 3162; x_wconf 82' lang='grc' dir='ltr'>τὸ</span> <span class='ocrx_word' id='word_1_224' title='bbox 579 3077 748 3185; x_wconf 88' lang='grc' dir='ltr'>φρόνημα</span> <span class='ocrx_word' id='word_1_225' title='bbox 770 3083 833 3180; x_wconf 77' lang='grc' dir='ltr'>τῆς</span> <span class='ocrx_word' id='word_1_226' title='bbox 862 3075 1010 3181; x_wconf 85' lang='grc' dir='ltr'>σαρκδς,</span> <span class='ocrx_word' id='word_1_227' title='bbox 1034 3084 1112 3162; x_wconf 87' lang='grc' dir='ltr'>πῶς</span> <span class='ocrx_word' id='word_1_228' title='bbox 1140 3077 1204 3158; x_wconf 83' lang='grc' dir='ltr'>οὐκ</span> <span class='ocrx_word' id='word_1_229' title='bbox 1232 3074 1324 3156; x_wconf 86' lang='grc' dir='ltr'>ἀπό·</span> 
     </span>
     <span class='ocr_line' id='line_1_25' title="bbox 128 3197 1327 3308; baseline -0.003 -22"><span class='ocrx_word' id='word_1_230' title='bbox 128 3216 291 3308; x_wconf 85' lang='grc' dir='ltr'>πληκτον</span> <span class='ocrx_word' id='word_1_231' title='bbox 307 3206 436 3286; x_wconf 83' lang='grc' dir='ltr'>ἐννοεῖν</span> <span class='ocrx_word' id='word_1_232' title='bbox 454 3205 496 3281; x_wconf 91' lang='grc' dir='ltr'>δι’</span> <span class='ocrx_word' id='word_1_233' title='bbox 516 3204 626 3283; x_wconf 83' lang='grc' dir='ltr'>αὐτοῦ</span> <span class='ocrx_word' id='word_1_234' title='bbox 648 3209 822 3284; x_wconf 84' lang='grc' dir='ltr'>κινεῖσθαι</span> <span class='ocrx_word' id='word_1_235' title='bbox 846 3198 937 3304; x_wconf 76' lang='grc' dir='ltr'>πρὸς</span> <span class='ocrx_word' id='word_1_236' title='bbox 956 3200 1132 3304; x_wconf 76' lang='grc' dir='ltr'>ἐνέργειαν</span> <span class='ocrx_word' id='word_1_237' title='bbox 1149 3197 1196 3279; x_wconf 86' lang='grc' dir='ltr'>τά</span> <span class='ocrx_word' id='word_1_238' title='bbox 1215 3199 1327 3282; x_wconf 77' lang='grc' dir='ltr'>οὕτως</span> 
     </span>
     <span class='ocr_line' id='line_1_26' title="bbox 130 3325 1328 3431; baseline -0.007 -23"><span class='ocrx_word' id='word_1_239' title='bbox 130 3327 400 3428; x_wconf 84' lang='grc' dir='ltr'>ἀνθεστηκότα;</span> <span class='ocrx_word' id='word_1_240' title='bbox 445 3327 483 3408; x_wconf 91' lang='grc' dir='ltr'>τί</span> <span class='ocrx_word' id='word_1_241' title='bbox 508 3326 571 3406; x_wconf 81' lang='grc' dir='ltr'>οὖν</span> <span class='ocrx_word' id='word_1_242' title='bbox 599 3326 619 3404; x_wconf 87' lang='grc' dir='ltr'>ὁ</span> <span class='ocrx_word' id='word_1_243' title='bbox 649 3325 798 3411; x_wconf 85' lang='grc' dir='ltr'>Παῦλάς</span> <span class='ocrx_word' id='word_1_244' title='bbox 829 3333 970 3431; x_wconf 80' lang='grc' dir='ltr'>φησιν;</span> <span class='ocrx_word' id='word_1_245' title='bbox 1012 3326 1061 3408; x_wconf 82' lang='grc' dir='ltr'>ὡς</span> <span class='ocrx_word' id='word_1_246' title='bbox 1089 3329 1257 3404; x_wconf 81' lang='grc' dir='ltr'>τεθνεῶσι</span> <span class='ocrx_word' id='word_1_247' title='bbox 1282 3355 1328 3426; x_wconf 87' lang='grc' dir='ltr'>τη</span> 
     </span>
    </p>

    <p class='ocr_par' dir='ltr' id='par_1_11' title="bbox 79 3448 1353 4048">
     <span class='ocr_line' id='line_1_27' title="bbox 79 3448 1324 3558; baseline -0.005 -29"><span class='ocrx_word' id='word_1_248' title='bbox 79 3482 119 3544; x_wconf 79' lang='lat'>²5</span> <span class='ocrx_word' id='word_1_249' title='bbox 131 3453 286 3558; x_wconf 75' lang='grc' dir='ltr'>ἁμαρτίᾳ</span> <span class='ocrx_word' id='word_1_250' title='bbox 318 3450 518 3550; x_wconf 75' lang='grc' dir='ltr'>διαλέγεται</span> <span class='ocrx_word' id='word_1_251' title='bbox 550 3457 623 3534; x_wconf 85' lang='grc' dir='ltr'>τοῖς</span> <span class='ocrx_word' id='word_1_252' title='bbox 652 3449 710 3529; x_wconf 80' lang='grc' dir='ltr'><strong>διὰ</strong></span> <span class='ocrx_word' id='word_1_253' title='bbox 743 3457 806 3530; x_wconf 82' lang='grc' dir='ltr'>τοῦ</span> <span class='ocrx_word' id='word_1_254' title='bbox 837 3448 1091 3545; x_wconf 70' lang='grc' dir='ltr'>βαπτίσματος</span> <span class='ocrx_word' id='word_1_255' title='bbox 1119 3451 1324 3544; x_wconf 90' lang='grc' dir='ltr'>συντεθαμ-</span> 
     </span>
     <span class='ocr_line' id='line_1_28' title="bbox 129 3571 1329 3682; baseline -0.008 -26"><span class='ocrx_word' id='word_1_256' title='bbox 129 3574 247 3676; x_wconf 87' lang='grc' dir='ltr'>μέυοις</span> <span class='ocrx_word' id='word_1_257' title='bbox 272 3579 434 3682; x_wconf 76' lang='grc' dir='ltr'>Χριστῷ,</span> <span class='ocrx_word' id='word_1_258' title='bbox 462 3577 522 3654; x_wconf 84' lang='grc' dir='ltr'>καὶ</span> <span class='ocrx_word' id='word_1_259' title='bbox 549 3576 598 3658; x_wconf 82' lang='grc' dir='ltr'>ὡς</span> <span class='ocrx_word' id='word_1_260' title='bbox 625 3571 693 3675; x_wconf 82' lang='grc' dir='ltr'>ἤδη</span> <span class='ocrx_word' id='word_1_261' title='bbox 721 3571 788 3672; x_wconf 78' lang='grc' dir='ltr'>τὴν</span> <span class='ocrx_word' id='word_1_262' title='bbox 813 3578 886 3654; x_wconf 86' lang='grc' dir='ltr'>τῶν</span> <span class='ocrx_word' id='word_1_263' title='bbox 910 3577 1038 3651; x_wconf 80' lang='grc' dir='ltr'>παθῶν</span> <span class='ocrx_word' id='word_1_264' title='bbox 1063 3571 1238 3675; x_wconf 76' lang='grc' dir='ltr'>νέκρωσιν</span> <span class='ocrx_word' id='word_1_265' title='bbox 1264 3602 1329 3650; x_wconf 84' lang='grc' dir='ltr'>πε-</span> 
     </span>
     <span class='ocr_line' id='line_1_29' title="bbox 130 3690 1328 3800; baseline -0.008 -19"><span class='ocrx_word' id='word_1_266' title='bbox 130 3699 388 3799; x_wconf 85' lang='grc' dir='ltr'>πλουτηκόσιν,</span> <span class='ocrx_word' id='word_1_267' title='bbox 407 3695 458 3780; x_wconf 73' lang='grc' dir='ltr'>οἷς</span> <span class='ocrx_word' id='word_1_268' title='bbox 478 3694 523 3777; x_wconf 89' lang='grc' dir='ltr'>ἀν</span> <span class='ocrx_word' id='word_1_269' title='bbox 540 3695 670 3798; x_wconf 89' lang='grc' dir='ltr'>πρέποι</span> <span class='ocrx_word' id='word_1_270' title='bbox 696 3698 754 3777; x_wconf 78' lang='grc' dir='ltr'>καὶ</span> <span class='ocrx_word' id='word_1_271' title='bbox 778 3694 821 3775; x_wconf 83' lang='grc' dir='ltr'>τὸ</span> <span class='ocrx_word' id='word_1_272' title='bbox 839 3694 909 3800; x_wconf 79' lang='grc' dir='ltr'>ἐξω</span> <span class='ocrx_word' id='word_1_273' title='bbox 928 3698 999 3775; x_wconf 83' lang='grc' dir='ltr'>δεῖν</span> <span class='ocrx_word' id='word_1_274' title='bbox 1019 3693 1106 3775; x_wconf 86' lang='grc' dir='ltr'>ίέναι</span> <span class='ocrx_word' id='word_1_275' title='bbox 1123 3702 1188 3774; x_wconf 85' lang='grc' dir='ltr'>τοῦ</span> <span class='ocrx_word' id='word_1_276' title='bbox 1207 3690 1328 3792; x_wconf 88' lang='grc' dir='ltr'>νόμον,</span> 
     </span>
     <span class='ocr_line' id='line_1_30' title="bbox 132 3812 1328 3926; baseline -0.008 -23"><span class='ocrx_word' id='word_1_277' title='bbox 132 3822 191 3904; x_wconf 84' lang='grc' dir='ltr'>διά</span> <span class='ocrx_word' id='word_1_278' title='bbox 215 3857 258 3924; x_wconf 88' lang='grc' dir='ltr'>γε</span> <span class='ocrx_word' id='word_1_279' title='bbox 279 3831 343 3901; x_wconf 86' lang='grc' dir='ltr'>τοῦ</span> <span class='ocrx_word' id='word_1_280' title='bbox 361 3818 598 3926; x_wconf 73' lang='grc' dir='ltr'>ἀπηλλάχθω</span> <span class='ocrx_word' id='word_1_281' title='bbox 616 3812 743 3901; x_wconf 72' lang='grc' dir='ltr'>παθῶν</span> <span class='ocrx_word' id='word_1_282' title='bbox 761 3825 833 3901; x_wconf 84' lang='grc' dir='ltr'>τῶυ</span> <span class='ocrx_word' id='word_1_283' title='bbox 852 3817 912 3898; x_wconf 80' lang='grc' dir='ltr'><strong>διὰ</strong></span> <span class='ocrx_word' id='word_1_284' title='bbox 929 3827 993 3899; x_wconf 82' lang='grc' dir='ltr'>τοῦ</span> <span class='ocrx_word' id='word_1_285' title='bbox 1013 3815 1122 3916; x_wconf 86' lang='grc' dir='ltr'>νόμου</span> <span class='ocrx_word' id='word_1_286' title='bbox 1146 3820 1328 3898; x_wconf 90' lang='grc' dir='ltr'>καταδεδι-</span> 
     </span>
     <span class='ocr_line' id='line_1_31' title="bbox 131 3938 1353 4048; baseline -0.005 -21"><span class='ocrx_word' id='word_1_287' title='bbox 131 3946 333 4046; x_wconf 82' lang='grc' dir='ltr'>κασμένωυ.</span> <span class='ocrx_word' id='word_1_288' title='bbox 370 3945 497 4025; x_wconf 83' lang='grc' dir='ltr'>οὐκοῦν</span> <span class='ocrx_word' id='word_1_289' title='bbox 518 3942 569 4025; x_wconf 79' lang='grc' dir='ltr'><strong>ἔτι</strong></span> <span class='ocrx_word' id='word_1_290' title='bbox 590 3945 771 4042; x_wconf 87' lang='grc' dir='ltr'>μενόντων</span> <span class='ocrx_word' id='word_1_291' title='bbox 789 3943 891 4042; x_wconf 82' lang='grc' dir='ltr'>ἡμῶν</span> <span class='ocrx_word' id='word_1_292' title='bbox 906 3943 945 4020; x_wconf 89' lang='grc' dir='ltr'>ἐν</span> <span class='ocrx_word' id='word_1_293' title='bbox 962 3946 1014 4048; x_wconf 79' lang='grc' dir='ltr'>τῷ</span> <span class='ocrx_word' id='word_1_294' title='bbox 1037 3938 1241 4046; x_wconf 82' lang='grc' dir='ltr'>φρονήματι</span> <span class='ocrx_word' id='word_1_295' title='bbox 1265 3941 1353 4040; x_wconf 60' lang='grc' dir='ltr'>τῆςο</span> 
     </span>
    </p>

    <p class='ocr_par' dir='ltr' id='par_1_12' title="bbox 78 4062 1329 4524">
     <span class='ocr_line' id='line_1_32' title="bbox 78 4062 1329 4174; baseline -0.01 -22"><span class='ocrx_word' id='word_1_296' title='bbox 78 4109 120 4170; x_wconf 73' lang='grc' dir='ltr'>3ο</span> <span class='ocrx_word' id='word_1_297' title='bbox 131 4069 279 4174; x_wconf 83' lang='grc' dir='ltr'>σαρκὸς,</span> <span class='ocrx_word' id='word_1_298' title='bbox 297 4066 397 4170; x_wconf 80' lang='grc' dir='ltr'>πάθη</span> <span class='ocrx_word' id='word_1_299' title='bbox 424 4065 470 4149; x_wconf 73' lang='grc' dir='ltr'>τά</span> <span class='ocrx_word' id='word_1_300' title='bbox 498 4062 557 4148; x_wconf 74' lang='grc' dir='ltr'>διλ</span> <span class='ocrx_word' id='word_1_301' title='bbox 579 4070 634 4148; x_wconf 68' lang='grc' dir='ltr'>τῶ</span> <span class='ocrx_word' id='word_1_302' title='bbox 658 4070 754 4172; x_wconf 85' lang='grc' dir='ltr'>νίμιυ</span> <span class='ocrx_word' id='word_1_303' title='bbox 777 4065 1010 4167; x_wconf 83' lang='grc' dir='ltr'>κατειρημένα</span> <span class='ocrx_word' id='word_1_304' title='bbox 1036 4097 1074 4144; x_wconf 85' lang='grc' dir='ltr'>τε</span> <span class='ocrx_word' id='word_1_305' title='bbox 1104 4064 1163 4143; x_wconf 77' lang='grc' dir='ltr'>καὶ</span> <span class='ocrx_word' id='word_1_306' title='bbox 1190 4065 1329 4158; x_wconf 86' lang='grc' dir='ltr'>ὠνομα-</span> 
     </span>
     <span class='ocr_line' id='line_1_33' title="bbox 131 4182 1328 4300; baseline -0.012 -25"><span class='ocrx_word' id='word_1_307' title='bbox 131 4195 259 4294; x_wconf 86' lang='grc' dir='ltr'>σμένα,</span> <span class='ocrx_word' id='word_1_308' title='bbox 278 4193 403 4299; x_wconf 81' lang='grc' dir='ltr'>φησὶν,</span> <span class='ocrx_word' id='word_1_309' title='bbox 426 4192 580 4300; x_wconf 75' lang='grc' dir='ltr'>ἐνηργεῖτο</span> <span class='ocrx_word' id='word_1_310' title='bbox 609 4192 638 4272; x_wconf 83' lang='grc' dir='ltr'>ἑν</span> <span class='ocrx_word' id='word_1_311' title='bbox 665 4190 762 4290; x_wconf 84' lang='grc' dir='ltr'>ἡμῖν·</span> <span class='ocrx_word' id='word_1_312' title='bbox 803 4185 891 4286; x_wconf 86' lang='grc' dir='ltr'>ἦμεν</span> <span class='ocrx_word' id='word_1_313' title='bbox 919 4185 957 4267; x_wconf 85' lang='grc' dir='ltr'>δέ</span> <span class='ocrx_word' id='word_1_314' title='bbox 985 4188 1043 4266; x_wconf 89' lang='grc' dir='ltr'>καὶ</span> <span class='ocrx_word' id='word_1_315' title='bbox 1071 4185 1258 4266; x_wconf 82' lang='grc' dir='ltr'>ίντειίθυνοι</span> <span class='ocrx_word' id='word_1_316' title='bbox 1285 4182 1328 4261; x_wconf 86' lang='grc' dir='ltr'>τὸ</span> 
     </span>
     <span class='ocr_line' id='line_1_34' title="bbox 131 4306 1329 4423; baseline -0.01 -25"><span class='ocrx_word' id='word_1_317' title='bbox 131 4315 294 4418; x_wconf 84' lang='grc' dir='ltr'>τηνικάδε</span> <span class='ocrx_word' id='word_1_318' title='bbox 317 4320 369 4422; x_wconf 77' lang='grc' dir='ltr'>τῷ</span> <span class='ocrx_word' id='word_1_319' title='bbox 396 4311 505 4423; x_wconf 81' lang='grc' dir='ltr'>νόμῳ,</span> <span class='ocrx_word' id='word_1_320' title='bbox 523 4311 584 4394; x_wconf 83' lang='grc' dir='ltr'>ἅτε</span> <span class='ocrx_word' id='word_1_321' title='bbox 606 4311 650 4414; x_wconf 77' lang='grc' dir='ltr'>δι)</span> <span class='ocrx_word' id='word_1_322' title='bbox 668 4317 727 4393; x_wconf 80' lang='grc' dir='ltr'>καὶ</span> <span class='ocrx_word' id='word_1_323' title='bbox 752 4310 870 4414; x_wconf 81' lang='grc' dir='ltr'>ζώσης</span> <span class='ocrx_word' id='word_1_324' title='bbox 891 4313 929 4390; x_wconf 88' lang='grc' dir='ltr'>ἐν</span> <span class='ocrx_word' id='word_1_325' title='bbox 955 4310 1038 4410; x_wconf 81' lang='grc' dir='ltr'>ἡμῖν</span> <span class='ocrx_word' id='word_1_326' title='bbox 1066 4313 1130 4410; x_wconf 79' lang='grc' dir='ltr'>τῆς</span> <span class='ocrx_word' id='word_1_327' title='bbox 1154 4306 1329 4414; x_wconf 81' lang='grc' dir='ltr'>ἁμαρτίας</span> 
     </span>
     <span class='ocr_line' id='line_1_35' title="bbox 131 4441 194 4524; baseline -0.032 0"><span class='ocrx_word' id='word_1_328' title='bbox 131 4441 194 4524; x_wconf 78' lang='grc' dir='ltr'><strong>ἔτι.</strong></span> 
     </span>
    </p>

    <p class='ocr_par' dir='ltr' id='par_1_13' title="bbox 433 4543 1035 4694">
     <span class='ocr_line' id='line_1_36' title="bbox 433 4543 1035 4616; baseline -0.013 -10"><span class='ocrx_word' id='word_1_329' title='bbox 433 4564 459 4606; x_wconf 77' lang='grc' dir='ltr'>α.</span> <span class='ocrx_word' id='word_1_330' title='bbox 478 4547 513 4606; x_wconf 72' lang='grc' dir='ltr'><strong>δι</strong></span> <span class='ocrx_word' id='word_1_331' title='bbox 523 4548 570 4604; x_wconf 85' lang='grc' dir='ltr'><strong>οιίιι</strong></span> <span class='ocrx_word' id='word_1_332' title='bbox 582 4546 721 4604; x_wconf 71' lang='lat' dir='ltr'>omittebat</span> <span class='ocrx_word' id='word_1_333' title='bbox 732 4549 765 4602; x_wconf 78' lang='lat' dir='ltr'>ut</span> <span class='ocrx_word' id='word_1_334' title='bbox 777 4545 887 4602; x_wconf 72' lang='lat' dir='ltr'><strong>adnotat</strong></span> <span class='ocrx_word' id='word_1_335' title='bbox 898 4545 955 4616; x_wconf 69' lang='lat' dir='ltr'>ipse</span> <span class='ocrx_word' id='word_1_336' title='bbox 968 4543 1035 4599; x_wconf 74' lang='lat' dir='ltr'>Mai.</span> 
     </span>
     <span class='ocr_line' id='line_1_37' title="bbox 688 4646 773 4694; baseline 0 -1"><span class='ocrx_word' id='word_1_337' title='bbox 688 4646 773 4694; x_wconf 83' lang='grc' dir='ltr'>οοα</span> 
     </span>
    </p>
   </div>
   <div class='ocr_carea' id='block_1_9' title="bbox 0 0 1647 5130">
    <p class='ocr_par' dir='ltr' id='par_1_14' title="bbox 0 0 1647 5130">
     <span class='ocr_line' id='line_1_38' title="bbox 0 0 1647 5130; baseline 0 0"><span class='ocrx_word' id='word_1_338' title='bbox 0 0 1647 5130; x_wconf 95' lang='lat' dir='ltr'> </span> 
     </span>
    </p>
   </div>
  </div>
 </body>
</html>
