3294 5150
167 364 190 427 i.
209 384 323 451 10,13.
373 365 427 428 IN
448 365 707 430 EPISTOLAM
730 366 758 430 Ι.
786 366 848 429 AD
876 367 1168 432 CORINTHIOS.
1300 370 1361 432 261

1457 471 1494 520 Μ.

166 525 295 631 ἀρχὰς,
328 526 475 632 θρόνους
514 564 552 608 τε
588 533 644 609 καί
683 530 849 637 ἐξουσίας
892 535 949 609 καὶ
992 531 1218 638 ἁπαξαπλῶς
1256 538 1363 612 εἰπεῖν
1382 471 1400 590 -[
1413 487 1444 536 49
1508 473 1518 538 ]

164 656 295 730 πᾶσαν
322 652 441 731 κτίσιν
469 652 629 754 λογικήν.

159 873 247 942 Ἠτε
272 876 308 943 δὲ
336 881 584 968 κατηρτισμένοι
609 880 644 945 ἑν
669 883 717 966 τῷ
744 881 834 966 αὐτῷ
862 874 912 945 νοῒ
938 880 991 944 καὶ
1012 881 1047 947 ὲν
1072 888 1111 972 τῇ
1135 883 1217 973 αὐτῇ
1242 883 1418 972 Mum-10

222 1035 311 1118 Ὅτι
336 1038 483 1137 ὀνόματι
502 1045 553 1148 τῷ
577 1044 777 1148 δεσποτικῲ
796 1041 1128 1139 κατασεμνύνεσθαι
1146 1046 1229 1140 δεῖν,
1249 1045 1364 1192 ἀναγ-

133 1169 271 1261 5καῖον
295 1161 340 1316 ἧγ
364 1163 438 1263 ἅμα
466 1168 524 1244 καὶ
552 1167 722 1272 σοφὸυ’
701 1173 906 1264 αναπεΐσαι,
940 1165 1057 1266 λε’γων
1086 1165 1192 1250 αὐτὸς
1221 1167 1307 1246 δι’
1290 1165 1366 1251 ενδς

168 1292 245 1364 τῶν
263 1287 374 1387 ἁγίων
391 1295 589 1394 προφητῶν
617 1300 638 1337 “
654 1294 740 1372 Τοῖς
763 1288 801 1369 δὲ
824 1288 1038 1368 δουλεύουσί
1058 1323 1120 1388 μοι
1144 1288 1366 1390 κληθήσεται
1379 1321 1421 1371 ια.
1431 1323 1481 1370 ιω
1498 1335 1532 1382 15,

169 1423 193 1457 “
212 1409 324 1508 ὄνομα
353 1411 483 1509 καινὸν,
514 1449 533 1492 ο
515 1410 881 1566 εὑλογηθήσεται
862 1417 920 1493 επὶ
943 1417 1005 1512 τῆς
1027 1411 1127 1514 7693'
1166 1416 1366 1517 χριστιανοὶ
1353 1387 1420 1446 ¹⁶

169 1531 243 1635 γὰρ
274 1535 527 1633 ὠνομᾶσμεθα,
562 1540 620 1615 καὶ
657 1535 699 1616 τὸ
734 1535 847 1636 ὄνομα
884 1534 926 1616 τὸ
958 1535 1078 1615 καινὸν
1109 1536 1362 1636 πεπλουτήκα·

168 1693 247 1755 μεν,
266 1660 308 1740 06
326 1661 466 1745 δικαίως
484 1661 695 1763 ε’στέρηνταί
716 1695 806 1744 τινες
828 1667 901 1739 τῶν
922 1661 1041 1761 ὀρθῶν
1064 1664 1127 1758 τῆς
1145 1662 1367 1760 Ἐκκλησίας

114 1817 154 1856 ιο
169 1785 447 1887 ἁποφοιτῶντες·
496 1788 553 1864 καὶ
597 1785 849 1887 προσκείμενοι
895 1785 1075 1882 πνεύμασι
1116 1785 1268 1868 πλάνοις
1309 1786 1367 1865 καὶ
1383 1803 1517 1852 1666.

169 1906 329 1988 ἀνοσίων
366 1915 473 1987 τινῶν
512 1905 858 2016 ψευδοδιδασκοίλων
897 1915 1134 2009 τερατισμοῖς,
1170 1907 1213 1986 τὸ
1251 1910 1368 1988 αὐτῶν
1383 1885 1404 1920 ¹⁶

169 2029 374 2135 ἐσχήκασιν
392 2030 515 2130 ὄνομα,
535 2033 593 2112 καὶ
620 2031 721 2129 μάλα
743 2029 897 2115 είκότως·
936 2033 978 2110 06
1005 2030 1076 2134 γὰρ
1095 2036 1165 2110 είσὶ
1191 2041 1254 2110 τοῦ
1272 2036 1363 2133 Χρι-

169 2163 278 2250 στοῦ,
308 2153 374 2254 τὴν
402 2159 477 2235 κατ’
498 2158 606 2236 αι’ποῦ
633 2156 843 2258 δυσφημίαν
865 2154 1106 2305 μερισάμενοι,
1126 2158 1184 2236 καί
1212 2162 1261 2240 είς
1289 2161 1366 2235 δια-

170 2278 306 2424 φόρους
328 2279 436 2385 δόξας
461 2314 499 2359 τε
519 2280 576 2358 καὶ
595 2279 739 2381 γνώμας
765 2280 1087 2434 κατεσχισμένον,
1072 2281 1186 2358 καίτοι
1204 2284 1370 2427 Χριστρῦ

116 2428 155 2486 ¹5
170 2401 255 2485 τοὺς
281 2401 387 2485 ίδίους
415 2403 673 2502 κεκληκότος’
655 2437 693 2481 εν
720 2402 851 2506 εἰρήνη.
890 2407 947 2481 καὶ
974 2401 1028 2480 ὅτι
1056 2399 1105 2484 εἷς
1129 2401 1228 2482 ἔστιν
1253 2400 1358 2485 αὐτὸς
1360 2412 1506 2538 ,lgfravu

171 2527 231 2603 καί
259 2523 304 2603 06
339 2527 560 2627 μεμέρισται
605 2526 642 2606 ἓν
674 2527 736 2606 οὖν
767 2532 800 2605 οί
831 2527 963 2609 ποίντες
995 2525 1104 2622 ε’σμέν
1136 2528 1173 2604 ἐν
1205 2530 1422 2673 Χριστῷ,13
1382 2542 1516 2590 Infraver·

171 2648 440 2749 κατηρτίσμεθοί
467 2684 505 2729 τε
532 2650 623 2751 πρὸς
651 2659 755 2730 τοῦτο
780 2651 877 2731 ἐντῶ
906 2655 994 2756 αὐτῷ
1021 2647 1064 2728 ια’
1094 2656 1153 2728 aa}
1174 2649 1203 2728 ἐν
1222 2651 1327 2755 τῇ’
1287 2622 1413 2759 αυτῇ3

171 2773 299 2886 γνώμη,
319 2771 545 2857 συνδεντος
525 2781 617 2873 ημᾶς
637 2780 685 2857 είς
704 2735 911 2880 ὁμοψυχίαν
929 2771 1048 2851 καθ”’
1026 2806 1156 2851 ενωσιν
1174 2770 1239 2870 τὴν
1256 2806 1366 2851 πνευ-

171 2896 325 2994 ματικὴν
353 2905 415 2975 τοῦ
443 2902 524 3000 περὶ
551 2898 652 2996 ἡμῶν
675 2899 843 2998 λέγοντος
866 2899 917 3004 τῷ
936 2899 1017 3004 Θεῷ
1040 2898 1099 2975 καὶ
1120 2896 1241 2997 Πατρί
1257 2891 1368 2974 Θίλω

114 3057 156 3097 αο
172 3015 298 3122 ὥσπερ
324 3019 396 3120 ε’γῶ
424 3025 481 3099 καὶ
509 3020 559 3100 σὺ
583 3022 620 3100 ἕν
644 3023 764 3120 ε’σμεν,
788 3022 900 3104 οὕτως
928 3030 949 3066 “
965 3023 1023 3098 καὶ
1044 3021 1142 3100 αι’ποὶ
1166 3022 1203 3099 ἐν
1228 3020 1312 3118 ἡμῖν
1330 3019 1368 3099 ἓν
1381 3006 1494 3121 {6⁰26}

173 3154 195 3189 “
213 3141 316 3223 ὦσιν.
319 3146 338 3170 ”

200 3384 403 3476 Μεμὲρισται
430 3389 448 3455 ὁ
475 3389 637 3476 Χριστόο;
673 3387 717 3465 μιὶ
745 3388 871 3452 Παῦλος
898 3385 1090 3474 ἐσταυρώθη
1118 3385 1199 3474 ὑπὲρ
1227 3387 1337 3467 ὑμών;
1386 3412 1421 3468 13

231 3556 276 3630 El
307 3551 423 3656 ἕτερος
457 3550 520 3632 τὸν
553 3550 641 3652 ὑπὲρ
673 3552 774 3650 ἡμῶν
803 3551 935 3652 ἀνέτλη
967 3549 1137 3652 σταυρὸν,
1169 3552 1277 3629 αὐτοῦ
1312 3554 1369 3629 καὶ

174 3674 374 3776 λεγώμεθα·
404 3679 461 3754 καὶ
487 3681 517 3753 εὶ
544 3675 821 3772 βεβαπτίσμεθα
848 3672 957 3778 τυχὸν
975 3679 1024 3758 είς
1050 3671 1116 3773 τὴν
1135 3671 1253 3775 ἑτέρου
1282 3677 1369 3770 κλῆ-

116 3835 157 3894 ²5
173 3833 248 3895 σιν,
275 3801 401 3882 ἐκεῖνος
430 3798 522 3897 ἡμᾶς
549 3798 666 3902 ε’χίτω,
688 3801 746 3876 καὶ
774 3795 881 3877 αὐτὸν
908 3794 1192 3903 ἐπιγραψῶμεθα
1219 3801 1368 3894 σωτῆρα

173 3957 231 4002 και
219 3919 445 4077 λυτρωτήν
478 3956 507 3999 ει
498 3921 566 4001 ’δέ
580 3932 603 3967 “
617 3920 777 4022 Χριστὸς
795 3920 1004 4000 αἰπέθανεν
987 3919 1075 4022 υπὲρ
1092 3925 1165 3998 τῶν
1183 3919 1366 4018 ἁμαρτιῶν
1379 3948 1451 3997 lnsm
1462 3966 1501 3997 xv.
1513 3964 1536 4012 ³·

172 4047 338 4145 “ἡμῶν,”
365 4050 422 4124 καί
448 4047 543 4152 αὐτῷ
568 4048 626 4125 καὶ
650 4045 748 4150 μόνῳ
766 4041 1041 4143 συντεθοίμμεθα
1064 4053 1084 4088 “
1100 4042 1157 4122 διδ
1176 4076 1239 4120 του
1223 4049 1361 4134 βαπ·
1380 4063 1424 4117 50
1441 4061 1488 4115 Μ.

172 4183 193 4217 “
213 4172 386 4267 τίσματος
408 4175 455 4253 είς
473 4168 536 4248 τὸν
554 4166 738 4264 θάνατου,”
764 4169 976 4262 πλουτείτω,
998 4169 1103 4271 φησὶ,
1121 4165 1204 4249 τοὺς
1231 4166 1364 4267 ἠγορα·
1381 4139 1452 4186 nom
1465 4137 1497 4186 vi
1512 4150 1536 4196 ⁴⁸

171 4293 325 4391 σμίνους
342 4293 460 4378 αὐτός’
503 4293 724 4389 σεσωσμεθα
742 4289 812 4393 γὰρ
832 4291 873 4370 δι’
895 4291 1003 4370 αὐτοῦ
1021 4323 1058 4368 τε
1078 4291 1136 4368 καί
1154 4290 1236 4390 παρ’
1258 4289 1367 4366 αὐτοῦ

116 4465 156 4520 30
172 4416 365 4500 τεθεικότος
386 4415 471 4519 ὑπὲρ
492 4418 591 4516 ἡμῶν
609 4413 675 4514 τὴν
693 4417 784 4495 ίδίαν
803 4411 937 4520 ψυχήν.

400 4596 441 4650 18.
458 4594 595 4650 συνθέντος
608 4593 687 4647 habet
698 4594 733 4647 A.
747 4591 897 4736 σρνδέοντος
910 4589 1032 4647 emendat
1046 4589 1148 4661 Migne.

722 4695 742 4737 l(
771 4698 779 4710 '
797 4693 815 4737 2
