3294 5150
312 357 378 421 302
439 358 480 422 B.
501 355 691 423 OYRILLI
712 355 980 424 ALEXANDR.
1002 355 1285 422 FRAGMENTA
1327 371 1443 437 xv.17‚
1461 355 1510 419 18.

225 467 264 518 Μ.

157 467 213 534 [⁷³
265 467 300 661 1]7
410 572 444 640 Εἰ
470 572 507 639 δὲ
534 573 669 664 Χριστὸς
696 577 755 641 οὐκ
781 577 961 664 ἔτείτερται,
988 575 1108 653 ματαία
1137 578 1156 639 τί
1184 573 1288 643 πίστις
1315 575 1415 652 ὑμῶν.

371 745 627 844 Ἀληθέστατα
652 749 710 828 καί
734 749 818 828 λίαν
836 750 952 851 ὀρθῶς
975 744 1199 850 προσεπάγει
1216 753 1288 831 τοῖς
1307 748 1435 830 ἅλλοις
1452 749 1512 824 καὶ

315 874 433 948 τοῦτο·
465 874 595 950 δικαιοῖ
615 869 681 969 μέν
699 870 812 974 γὰρὴ
834 873 968 968 πίστις,
988 873 1072 950 ἁλλ’
1093 871 1127 950 εἴ
1146 905 1199 955 τις
1218 871 1307 975 αὐτῇ
1335 866 1512 971 καθαρίζει

315 989 358 1072 τῦ
386 989 537 1090 μάταιον
567 996 614 1079 ὡς
645 1000 811 1097 Χριστοῦ
842 993 894 1095 μὴ
926 997 1173 1098 ἐγηγερμένον,
1203 994 1240 1075 τί
1266 991 1309 1073 τῦ
1338 991 1511 1099 διάφορόν

315 1117 395 1194 ἐστι
418 1115 572 1215 λοιπόν;
604 1119 731 1200 οὐκοῦν
758 1117 980 1224 ἐνεσγώμεθα
1001 1126 1075 1203 τοῖς
1092 1119 1252 1223 ἀρχαίοις
1270 1113 1508 1219 ἐγκλήμασιν,
1527 1149 1548 1208 5

315 1239 558 1322 ἁναπόνιπτον
583 1239 711 1347 ἔχομεν
734 1241 800 1344 τὴν
828 1241 1017 1345 ἁμαρτίαν·
1056 1241 1173 1341 μάτην
1196 1244 1254 1322 καὶ
1279 1237 1509 1322 ὁθεσπέσιος

149 1395 295 1446 mxxxiv.
316 1363 386 1470 ἐφη
408 1365 571 1474 μελῳδάς
601 1377 622 1413 “
637 1366 849 1466 Εῦδόκησας
876 1364 970 1470 κῦριε
996 1362 1064 1465 τὴν
1090 1369 1159 1469 γῆν
1176 1373 1258 1462 σοῦ,
1276 1367 1417 1470 ἀφῆκας
1444 1361 1510 1446 τὰς

151 1477 206 1526 ''³'
318 1499 339 1535 “
358 1491 506 1589 ἀνομίας
542 1496 594 1597 τῷ
629 1496 710 1598 λαῷ
745 1524 827 1589 σου,
860 1486 1047 1595 ἐκάλυφας
1083 1486 1206 1573 πείσας
1238 1488 1303 1573 τὰς
1336 1487 1510 1588 ἁμαρτίας

149 1631 303 1693 lb.mi.1,
319 1623 340 1660 ‘⁶
358 1615 510 1692 αῦτεῦν·”
548 1617 607 1693 καί
634 1611 747 1694 πάλιν
775 1625 797 1661 “
812 1613 995 1717 Μακάριοι
1022 1610 1071 1693 ὧν
1091 1613 1282 1721 ἀφέθησαν
1304 1608 1507 1708 αίάνομίαι,

149 1713 173 1749 ²⁸
317 1745 341 1783 “
358 1737 417 1816 καὶ
441 1732 491 1815 ὧν
509 1737 817 1842 ἐπεκαλῦφθησαν
842 1743 879 1818 αί
900 1737 1081 1840 ἁμαρτίαι·
1109 1735 1281 1839 μακάριος
1302 1729 1440 1841 ἀνῆρῷ
1467 1733 1508 1811 οῦ
1529 1763 1571 1804 ιο

317 1868 339 1905 “
357 1855 408 1957 μὴ
427 1861 621 1961 λογίσηται
642 1861 774 1963 Κύριος
792 1859 1000 1963 ἁμαρτίαν·”
1030 1860 1144 1940 καίτοι
1161 1858 1225 1940 τὸν
1242 1858 1280 1939 ἐν
1303 1892 1345 1960 γε
1372 1855 1509 1940 τούτοις

148 2006 296 2070 Βασίας.
316 1982 548 2086 μακαρισμὸν
564 1982 625 2064 ἐπί
646 2017 684 2062 τε
709 1981 776 2082 τὴν
790 1980 986 2086 περιτομὴν
1002 1985 1061 2063 καί
1085 1981 1168 2066 τοῦς
1186 1982 1231 2089 ἐξ
1251 1986 1363 2063 ἐθνῶν
1380 2015 1503 2060 κατευ-

315 2105 497 2209 ρῦνεσθαε,
516 2109 632 2213 φησίν
655 2107 675 2185 ὁ
701 2105 873 2210 μακάριος
893 2111 1043 2191 Παῦλος
1063 2108 1102 2186 ἐν
1119 2141 1165 2212 τη
1188 2105 1279 2210 πρὸς
1298 2106 1507 2202 Ῥωμαίους·

148 2258 187 2309 1b.
200 2271 240 2323 ιγ.
315 2228 568 2328 δεδικαιῶμεθα
586 2229 658 2334 γὰρ
676 2232 713 2310 ἐν
730 2235 895 2337 Χριστῷ,
915 2226 1021 2315 “Ὃς
1045 2231 1226 2334 παρεδόθη
1250 2230 1309 2310 διὰ
1330 2229 1375 2310 τὰ
1393 2263 1507 2333 παρα-

316 2363 338 2400 “
355 2352 532 2450 πτώματα
549 2353 651 2454 ἡμῶν
668 2356 727 2434 καὶ
745 2354 880 2458 ἡγέρθη
900 2353 959 2433 διὰ
977 2353 1043 2453 τὴν
1061 2356 1244 2435 δικαίωσιν
1261 2353 1396 2454 ἡμῶν.”
1530 2389 1568 2446 ι5

265 2637 301 2693 18
462 2618 544 2708 Ἀρα
573 2620 625 2684 καί
653 2618 684 2686 οἶ
711 2621 921 2700 κοιμιιθὲντες
947 2622 982 2688 ὲν
1010 2623 1138 2712 Χριστῷ
1160 2621 1348 2691 ἀπώλοντο.

369 2802 597 2903 Ἠπάτηνται
615 2805 686 2910 γάρ
700 2811 748 2891 ὡς
766 2807 877 2888 ἔοικεν
897 2811 954 2888 καί
974 2810 1101 2906 ἀμισθὶ
1119 2810 1317 2890 τεθείκασιν
1335 2809 1423 2912 ῦπέρ
1440 2810 1504 2888 αῦ·

148 2959 206 3025 sap.
218 2977 252 3011 m
262 2977 286 3026 4·
314 2933 378 3004 τοῦ
392 2925 458 3024 τὴν
477 2929 611 3032 ψυχὴν,
622 2930 656 3008 εἴ
671 2966 712 3032 γε
730 2929 780 3030 μὴ
791 2931 979 3036 ἐγήγερται
993 2933 1168 3035 Χριστός·
1198 2941 1229 3013 εὶ
1246 2934 1297 3034 μὴ
1311 2935 1508 3016 ἀθανασίας

313 3050 393 3127 ἐστὶ
418 3047 560 3152 πλήρης
585 3059 657 3131 τῶν
674 3053 785 3155 ἁγίων
803 3055 825 3152 ἡ
844 3057 956 3153 ἐλπίς,
976 3061 1005 3135 εί
1026 3055 1077 3156 μὴ
1095 3060 1331 3160 προσδοκῶσι
1358 3064 1504 3156 συμβα-

315 3172 473 3253 σιλεύειν
504 3176 611 3282 αὐτῷ,
639 3177 858 3257 ἀπολώλασι
888 3181 983 3284 τάχα
1011 3215 1092 3278 που,
1125 3184 1184 3261 καὶ
1211 3183 1264 3263 ἐπ’
1296 3183 1409 3261 οὐδενὶ
1437 3187 1509 3260 τῶν
1527 3210 1568 3250 20

314 3297 504 3398 χρησίμων
528 3300 586 3377 καί
609 3296 717 3378 αὑτὸν
735 3301 953 3387 ἁνατλάντες
975 3301 1039 3383 τὸν
1062 3303 1216 3384 θάνατον
1235 3302 1361 3405 ζημίαν
1384 3303 1508 3408 ἔχουσι

314 3417 447 3497 πόνων·
486 3419 603 3525 άπαγε
632 3426 697 3521 τῆς
725 3425 818 3504 οὕτω
849 3430 963 3526 δεινῆς
994 3429 1161 3524 ἀμαθίας·
1203 3438 1225 3474 “
1240 3425 1508 3528 ἀναστήσονται

315 3549 337 3588 “
355 3539 426 3644 γὰρ
443 3547 475 3623 οἱ
494 3547 618 3644 νεκροὶ,
638 3547 696 3625 καί
714 3547 969 3650 ἐγερθήσονται
988 3555 1021 3630 οί
1038 3553 1076 3630 ἐν
1094 3557 1167 3635 τοῖς
1186 3550 1395 3650 μνημείοις,”
1418 3549 1509 3629 κατὰ

312 3663 381 3765 τὴν
407 3675 471 3746 τοῦ
502 3665 690 3774 προφήτου
718 3670 855 3776 φωνὴν,
883 3675 942 3752 καί
971 3673 1177 3754 ταλαντεάει
1209 3673 1351 3781 ἑκάστῳ
1383 3671 1425 3753 τὸ
1454 3671 1509 3752 ὅτι

348 3918 375 3973 3·
394 3901 521 3972 Μθῡρῖίει
533 3903 640 3959 exhibet
652 3913 678 3958 οι
690 3905 724 3960 Α.
762 3905 954 3979 Legendumne
965 3910 1111 3981 καθορίζειὶ
1323 3928 1349 3975 4.
1368 3907 1507 3980 διάφορόν]

312 3972 427 4026 δικαιοῦν
438 3973 506 4043 (sive
519 3984 588 4027 recte
601 3975 657 4028 sivo
668 3993 717 4046 pro
729 3976 784 4032 inte
817 3979 956 4050 retatione)
972 3979 1009 4035 H.
1199 3993 1226 4051 5.
1244 3980 1308 4048 ἐνησ
1332 3978 1407 4043 ’μεθα
1420 3979 1448 4033 δὲ
1460 3998 1509 4048 pro

314 4043 406 4097 οὐκοῦν
417 4042 578 4114 ἐκσλῆθῑθῡ
591 4044 629 4099 H·
784 3995 816 4102 ff
833 4049 1004 4106 ἀναπόνιπτον
1016 4053 1110 4123 ἔχομεν
1121 4051 1168 4120 τὴν
1179 4051 1304 4121 ἁμαρτίαν
1331 4052 1366 4118 μὴ
1378 4049 1509 4120 ἀπονιψά-

310 4135 384 4179 μενοι
395 4115 441 4182 τῆς
451 4113 725 4187 ἁμορτίοςτδνρύπον
738 4117 786 4188 (ita
798 4118 935 4191 desinens)
948 4122 986 4176 H.
1216 4138 1258 4176 10.
1275 4119 1463 4190 ε’καλύφθησαν
1474 4121 1509 4175 Α.

315 4201 826 4290 ιιαμιρεωειιιιιμιῇμωιηω)
839 4218 1069 4292 κεραμείας.
1209 4221 1251 4276 18.
1268 4219 1372 4291 ριγητ]
1387 4221 1510 4290 pergito!

311 4287 380 4374 δηοι
391 4289 517 4379 μάρτυρες
529 4291 570 4344 καὶ
581 4292 627 4358 τῆς
636 4290 675 4380 ἐίς
686 4289 764 4379 οίκρδν
771 4292 941 4376 γνηαιόσητος
952 4290 1006 4346 κατ’
1016 4291 1107 4383 οίηδίνα
1119 4294 1217 4380 τράγον
1227 4291 1354 4376 αὐχοῦσιν
1365 4291 1411 4359 τήν
1422 4290 1510 4380 δόξω,

311 4359 814 4499 Ἓῖίίτῖθίίᾝίίίίῖίίίίίίί
820 4364 974 4502 1170’23.
982 4366 1336 4503 ffl‘m‘fi?“
1354 4363 1511 4486 ssazf‘z'.

311 4447 472 4574 ἐκήδου,
483 4507 620 4569 assumpta
631 4517 663 4554 εκ
678 4499 716 4554 Η.
910 4518 953 4557 αι.
971 4502 1126 4560 ἀιαςλάντες
1138 4502 1285 4558 emendavi.
1297 4501 1451 4558 ἀνατλάπαι
1462 4518 1511 4556 ex·

312 4561 387 4618 lubet
400 4562 468 4621 Cod.
665 4583 708 4639 οη.
727 4569 893 4641 καί-φονῆι
905 4589 959 4630 οιιι.
973 4573 1010 4629 H.
1048 4572 1143 4630 Statim
1161 4574 1202 4629 καὶ
1214 4570 1432 4630 ταλαντεῦει-ὁς
1443 4573 1511 4630 θεός
