3278 5130
141 355 177 420 ii.
191 377 222 442 9.
405 358 459 423 IN
484 358 744 426 EPIS'POLAM
769 357 833 424 AD
861 358 1112 425 HEBRAEOS.
1275 361 1340 424 889

142 519 182 600 δέ
215 521 299 600 λίαν
336 522 357 600 ὁ
394 523 585 607 θεσπέσιος
622 529 771 608 Παῦλος
813 529 870 604 καὶ
907 525 1135 640 περιίστησιν
1172 519 1341 624 εὐτέχνως
1356 459 1501 526 [1¹⁴M.]

142 643 362 742 νενοσηκότα
380 643 426 725 τὰ
451 647 531 726 καθ’
552 648 644 747 ἡμᾶς
668 652 717 731 είς
741 646 930 748 καινότητα
956 646 1013 726 διὰ
1033 653 1207 749 Χριστοῦ·
1237 641 1338 742 καινὴ
1354 666 1433 718 2001.
1441 683 1466 719 v.

141 767 216 868 γὰρ
234 769 350 851 κτίσις
372 766 418 847 τὰ
441 770 480 848 ἐν
505 770 601 876 αὐτῷ
625 773 683 848 καὶ
707 768 754 850 τὰ
778 768 845 870 μὲν
867 772 998 874 ἀρχαῖα
1020 773 1194 872 παρῆλθε,
1214 767 1338 869 γέγονε
1353 745 1394 796 η’

143 890 182 970 δὲ
199 891 317 970 πάντα
336 890 450 970 καινοί·
488 889 593 971 τοῦτό
619 903 714 996 φησι
740 896 797 973 καὶ
823 893 865 972 δι’
886 891 963 976 ἑνὸς
988 899 1061 973 τῶν
1078 897 1278 997 προφητῶν
1296 889 1338 970 τὸ

107 1018 294 1112 5Πνεῦμα
331 1011 373 1094 τὸ
404 1011 536 1114 Ἃγιον
569 1025 590 1062 “
604 1014 746 1117 Θάρσει
783 1014 886 1112 Σιῶν,
919 1012 970 1115 μὴ
1005 1016 1266 1118 παρείσθωσαν
1302 1019 1477 1154 αὶξὲνξηίῑῐ·

143 1149 165 1184 “
184 1137 297 1241 χεῖρές
316 1168 398 1218 σου·
430 1137 562 1240 Κύριος
580 1139 600 1216 ὁ
619 1137 713 1222 Θεός
735 1172 807 1218 σου
833 1140 871 1217 ε’ν
892 1144 953 1218 σοὶ
971 1141 1128 1221 δυνατῶς
1146 1138 1272 1218 σῶσαί
1293 1171 1339 1217 σε
1386 1126 1392 1148 ’
1438 1125 1444 1140 ’

144 1271 166 1308 “
184 1262 244 1338 καὶ
261 1264 455 1340 ἀνακαινιεῖ
469 1294 513 1339 σε
531 1262 568 1340 έν
586 1266 631 1363 τῇ
650 1259 833 1362 ἀγαπήσει
851 1261 995 1340 αῦτοῦ.”

200 1383 413 1490 Ἀποφαίνει
430 1385 549 1463 τοίνυν
567 1384 587 1462 ὁ
608 1389 757 1467 Παῦλος
775 1382 929 1485 γυμνοὺς
946 1383 1039 1482 ἡμᾶς
1062 1387 1126 1483 τῆς
1149 1381 1257 1490 δόξης
1275 1387 1340 1483 τῆς

142 1503 259 1585 πάλαι
278 1507 530 1608 δεδωρημένης·
563 1506 621 1587 διὰ
646 1507 752 1587 τοῦτό
774 1514 870 1612 φησι
890 1516 911 1553 “
926 1511 1007 1588 Νῦν
1026 1506 1063 1587 δέ
1082 1509 1182 1587 οὔπω
1201 1509 1434 1609 ὁρῶμενειριι

85 1630 281 1735 10“a=3†q3
301 1628 348 1709 τά
368 1629 486 1709 πάντα
509 1630 811 1731 ῦπστεταγμεῦα.”
850 1633 909 1708 καὶ
933 1632 975 1709 οῦ
993 1628 1108 1730 δήπου
1127 1636 1339 1734 φρονοῦμεν,
1351 1597 1435 1646 ω’

143 1749 235 1854 όρθά
253 1759 396 1857 φρονεῖν
414 1753 581 1856 ᾑρημένοι
603 1756 684 1855 περὶ
703 1751 780 1836 ἑνός
798 1752 988 1856 ἀνθρώπου
1011 1751 1057 1833 τά
1082 1749 1197 1834 τοιάδε
1220 1756 1341 1852 λέγειν

142 1873 263 1973 αὐτὸν,
297 1878 381 1955 ἀλλ’
416 1881 464 1960 ὡς
496 1879 534 1956 ἐν
565 1877 616 1956 ἑνὶ
647 1876 835 1984 προσώπῳ
870 1875 935 1956 τὸν
962 1877 1126 1958 ’καθόλου
1154 1878 1342 1976 σημαίνων

143 1998 345 2099 ἄνθρωπον,
376 2001 613 2097 σεσυλῆσθαί
643 2007 761 2105 φησιν
792 1997 901 2078 αὐτὸν
932 2003 995 2098 τῆς
1028 1998 1143 2079 πάλαι
1176 1999 1343 2098 δοθείσης
1440 2075 1441 2078 ,

143 2123 304 2204 εὐκλείας
334 2120 401 2221 τὴν
432 2122 587 2228 μέθεξιν.
633 2125 692 2202 καὶ
723 2123 809 2202 ποία
841 2157 896 2207 τις
928 2124 1028 2202 ἐστὶν
1056 2123 1078 2222 ἡ
1110 2129 1174 2202 τοῦ
1206 2118 1342 2204 παντὸς

86 2268 130 2329 ¹5
145 2241 259 2344 λόγου
277 2243 490 2345 κατασκευή,
508 2247 547 2325 τί
565 2244 603 2326 δὲ
628 2242 670 2325 τὸ
694 2249 759 2343 τῆς
783 2247 961 2348 εὐτεχνίας
986 2244 1234 2346 συμπέρασμα
1253 2249 1339 2324 διει-

142 2373 224 2446 πεΐν
242 2368 448 2467 ἀναγκαῖον.
488 2369 678 2473 ἀποφαίνει
703 2367 774 2469 γάρ
799 2371 864 2466 τῆς
891 2367 999 2474 δόξης
1025 2365 1256 2470 ἡμαρτηκότα
1283 2367 1342 2447 διὰ

143 2485 212 2586 τὴν
243 2491 281 2568 ἐν
312 2487 433 2587 Ἀδὰμ
464 2488 676 2593 παράβασιν
707 2491 765 2570 ἵνα
801 2493 859 2569 καὶ
892 2488 955 2568 τὸν
986 2493 1050 2588 τῆς
1079 2489 1341 2596 ε’παναλήφεως

144 2609 382 2717 ἀφηγήσηται
405 2612 540 2714 τρόπον
563 2616 622 2694 καὶ
650 2611 707 2692 οἶά
734 2647 787 2696 τις
814 2611 859 2711 ἦν
883 2609 1026 2717 ε’μφάνη
1044 2611 1110 2711 τήν
1127 2621 1191 2692 τοῦ
1217 2613 1341 2715 γένους

143 2735 325 2839 πτωχείαν
369 2734 426 2813 ἵνα
467 2735 565 2842 δείξη
610 2734 722 2816 πάλιν
762 2734 826 2815 τὸν
864 2733 906 2815 δι’
944 2736 987 2815 οῦ
1028 2736 1337 2835 πεπλοιπίσμεθα.

85 2895 132 2937 20
144 2855 369 2959 προσεπάγει
399 2855 471 2959 γὰρ
501 2857 603 2942 εῦθός
635 2869 657 2905 “
672 2855 749 2938 Τὸν
776 2854 815 2937 δὲ
843 2857 964 2962 βραχύ
990 2891 1026 2937 τι
1052 2856 1137 2959 παρ’
1162 2855 1341 2960 ἀγγέλους

146 2989 168 3026 “
185 2980 436 3081 ἠλαττωμένον
452 2982 637 3079 βλέπομεν
654 2983 798 3082 Ἰησοῦν
817 2980 875 3060 διὰ
899 2977 942 3060 τὸ
966 2978 1116 3081 πόθημα
1141 2990 1205 3062 τοῦ
1227 2981 1338 3062 θανά-

145 3111 168 3150 “
186 3136 250 3181 του
277 3101 368 3208 δόξη
395 3107 455 3183 καὶ
481 3111 567 3209 τιμῇ
595 3104 924 3210 ἐστεφανωμένον·”
952 3101 1045 3189 Θεὸς
1068 3103 1139 3206 γὰρ
1161 3103 1212 3184 ιῦν
1230 3103 1341 3210 φύσει

145 3223 240 3306 καθά
257 3224 469 3310 πλειστάκις
486 3226 672 3329 εἰρήκαμεν
691 3229 711 3306 ὁ
729 3229 768 3306 ἐκ
787 3232 883 3307 Θεοῦ
902 3224 1032 3328 Λόγος,
1047 3231 1199 3326 καθῆκεν
1216 3224 1341 3309 ἑαυτὸν

145 3351 196 3431 εὶς
219 3348 370 3428 κένωσιν
385 3352 444 3428 καὶ
470 3349 703 3455 κεχρημάτικε
727 3351 808 3450 μεθ’
829 3351 930 3450 ήμῶν
948 3353 997 3434 ὡς
1014 3349 1203 3450 ἅνθρωπος
1220 3350 1342 3456 βραχὺ

89 3507 132 3568 ²5
146 3471 230 3574 παρ’
263 3469 454 3573 ἀγγέλους,
485 3473 544 3552 ἵνα
575 3476 634 3553 καὶ
666 3472 819 3573 ὑπήκοος
851 3470 1009 3575 γεγονῶς
1040 3479 1093 3581 τῷ
1129 3476 1249 3577 Πατρὶ
1283 3477 1488 3556 mimas.

146 3594 250 3698 μέχρι
280 3593 446 3693 θανάτου,
478 3595 567 3703 δόξη
597 3599 656 3676 καὶ
686 3602 772 3702 τιμῇ
801 3596 1024 3701 στεφανῶση
1057 3595 1123 3696 τὴν
1149 3598 1341 3702 ἀνθρώπου

147 3717 272 3824 φύσιν,
304 3721 352 3802 ὡς
386 3717 434 3803 εἷς
465 3719 510 3826 ἐξ
543 3720 643 3820 ἡμῶν
662 3718 950 3825 στεφανούμενος
987 3719 1099 3798 καίτοι
1136 3725 1200 3819 τῆς
1232 3718 1341 3827 δόξης

148 3841 280 3943 Κύριος
298 3839 359 3923 ῶν.
629 3851 630 3856 ’

203 3969 249 4044 Εἰ
267 3963 305 4044 δὲ
322 3963 366 4065 δή
385 3999 438 4050 τις
456 3966 557 4068 λέγοι
581 3963 722 4066 μνήμης
744 3965 803 4044 καὶ
828 3966 1026 4064 ἐπισκοπῆς
1045 3963 1223 4070 ἠξιῶσθαι
1241 3964 1342 4068 παρὰ

88 4125 133 4185 30
146 4095 211 4169 τοῦ
236 4092 332 4168 Θεοῦ
350 4087 475 4191 Λόγου
501 4088 564 4169 τὸν
594 4090 632 4168 ἐκ
659 4091 723 4186 τῆς
750 4088 853 4188 ἁγίας
880 4088 1060 4190 παρθένου
1087 4087 1342 4189 γεγεννημένον

146 4211 348 4314 ἄνθρωπον,
369 4212 623 4316 εῦεργειήσθαί
645 4245 683 4292 τε
710 4210 818 4291 αὐτὸν
841 4213 900 4291 καὶ
923 4211 1100 4318 ἠξιῶσθαι
1125 4215 1228 4310 τιμῆς
1253 4209 1341 4315 ὑπὲρ

146 4335 238 4415 ίδίαν
262 4334 387 4441 φύσιν,
408 4340 615 4434 κατακομιεῖ
637 4332 702 4434 μὲν
726 4330 852 4437 ῶσπερ
879 4339 927 4418 είς
954 4338 1024 4436 γῆν
1047 4342 1111 4414 τοῦ
1138 4336 1339 4439 μυστηρίου

588 4561 615 4614 6.
632 4556 759 4631 δυνατῶς]
774 4559 815 4616 lta
827 4557 896 4616 Cod-
