<?xml version="1.0" encoding="UTF-8"?>
<!DOCTYPE html PUBLIC "-//W3C//DTD XHTML 1.0 Transitional//EN"
    "http://www.w3.org/TR/xhtml1/DTD/xhtml1-transitional.dtd">
<html xmlns="http://www.w3.org/1999/xhtml" xml:lang="en" lang="en">
 <head>
  <title>
</title>
<meta http-equiv="Content-Type" content="text/html;charset=utf-8" />
  <meta name='ocr-system' content='tesseract 3.04.00' />
  <meta name='ocr-capabilities' content='ocr_page ocr_carea ocr_par ocr_line ocrx_word'/>
</head>
<body>
  <div class='ocr_page' id='page_1' title='image "./sanctipatrisnos01pusegoog_0289.png"; bbox 0 0 3294 5150; ppageno 0'>
   <div class='ocr_carea' id='block_1_1' title="bbox 154 333 1504 496">
    <p class='ocr_par' dir='ltr' id='par_1_1' title="bbox 154 333 1504 496">
     <span class='ocr_line' id='line_1_1' title="bbox 154 333 1504 496; baseline -0.013 -84"><span class='ocrx_word' id='word_1_1' title='bbox 154 429 193 496; x_wconf 70' lang='lat'>[⁶</span> <span class='ocrx_word' id='word_1_2' title='bbox 221 338 372 494; x_wconf 59' lang='grc' dir='ltr'><strong>Μ1276</strong></span> <span class='ocrx_word' id='word_1_3' title='bbox 449 337 488 401; x_wconf 92' lang='grc' dir='ltr'>Β.</span> <span class='ocrx_word' id='word_1_4' title='bbox 510 335 700 402; x_wconf 84' lang='lat' dir='ltr'>OYRILLI</span> <span class='ocrx_word' id='word_1_5' title='bbox 726 335 991 400; x_wconf 81' lang='lat' dir='ltr'><strong>ALEXANDR.</strong></span> <span class='ocrx_word' id='word_1_6' title='bbox 1019 335 1303 400; x_wconf 72' lang='lat' dir='ltr'><strong>FRAGMENTA</strong></span> <span class='ocrx_word' id='word_1_7' title='bbox 1348 333 1414 398; x_wconf 83' lang='lat' dir='ltr'>viii.</span> <span class='ocrx_word' id='word_1_8' title='bbox 1428 347 1504 414; x_wconf 87' lang='lat'>4—7.</span> 
     </span>
     <span class='ocr_line' id='line_1_2' title="bbox 197 445 260 482; baseline -0.032 0"><span class='ocrx_word' id='word_1_9' title='bbox 197 445 206 482; x_wconf 84' lang='lat'>1</span> <span class='ocrx_word' id='word_1_10' title='bbox 254 466 260 480; x_wconf 85' lang='lat'><strong>.</strong></span> 
     </span>
    </p>
   </div>
   <div class='ocr_carea' id='block_1_2' title="bbox 202 567 1269 654">
    <p class='ocr_par' dir='ltr' id='par_1_2' title="bbox 202 567 1269 654">
     <span class='ocr_line' id='line_1_3' title="bbox 202 567 1269 654; baseline -0.007 -10"><span class='ocrx_word' id='word_1_11' title='bbox 202 589 296 649; x_wconf 76' lang='lat' dir='ltr'><strong>4⁸qq·</strong></span> <span class='ocrx_word' id='word_1_12' title='bbox 545 567 689 647; x_wconf 76' lang='grc' dir='ltr'>Οἴδαμεν</span> <span class='ocrx_word' id='word_1_13' title='bbox 716 573 766 638; x_wconf 84' lang='grc' dir='ltr'>ὅτι</span> <span class='ocrx_word' id='word_1_14' title='bbox 793 571 889 637; x_wconf 86' lang='grc' dir='ltr'>οὐδὲν</span> <span class='ocrx_word' id='word_1_15' title='bbox 917 567 1058 636; x_wconf 75' lang='grc' dir='ltr'>εἴδωλον</span> <span class='ocrx_word' id='word_1_16' title='bbox 1085 571 1119 635; x_wconf 81' lang='grc' dir='ltr'>ὲν</span> <span class='ocrx_word' id='word_1_17' title='bbox 1148 571 1269 654; x_wconf 85' lang='grc' dir='ltr'>κόσμῳ.</span> 
     </span>
    </p>
   </div>
   <div class='ocr_carea' id='block_1_3' title="bbox 211 735 1563 1956">
    <p class='ocr_par' dir='ltr' id='par_1_3' title="bbox 310 735 1506 1094">
     <span class='ocr_line' id='line_1_4' title="bbox 364 735 1506 841; baseline -0.006 -19"><span class='ocrx_word' id='word_1_18' title='bbox 364 745 451 825; x_wconf 93' lang='grc' dir='ltr'>Τοῖς</span> <span class='ocrx_word' id='word_1_19' title='bbox 476 740 569 828; x_wconf 85' lang='grc' dir='ltr'>ὅλως</span> <span class='ocrx_word' id='word_1_20' title='bbox 598 743 662 822; x_wconf 86' lang='grc' dir='ltr'>οῦκ</span> <span class='ocrx_word' id='word_1_21' title='bbox 689 739 802 822; x_wconf 83' lang='grc' dir='ltr'>εἰδόσι</span> <span class='ocrx_word' id='word_1_22' title='bbox 828 741 874 822; x_wconf 90' lang='grc' dir='ltr'>τά</span> <span class='ocrx_word' id='word_1_23' title='bbox 900 740 1041 838; x_wconf 80' lang='grc' dir='ltr'>εἴδωλα,</span> <span class='ocrx_word' id='word_1_24' title='bbox 1060 741 1082 840; x_wconf 83' lang='grc' dir='ltr'>ἢ</span> <span class='ocrx_word' id='word_1_25' title='bbox 1102 741 1160 820; x_wconf 85' lang='grc' dir='ltr'>καὶ</span> <span class='ocrx_word' id='word_1_26' title='bbox 1185 735 1320 818; x_wconf 78' lang='grc' dir='ltr'>εἰδόσιν</span> <span class='ocrx_word' id='word_1_27' title='bbox 1347 739 1506 841; x_wconf 77' lang='grc' dir='ltr'>ἀκριβῶς</span> 
     </span>
     <span class='ocr_line' id='line_1_5' title="bbox 310 858 1506 971; baseline -0.007 -25"><span class='ocrx_word' id='word_1_28' title='bbox 310 866 365 946; x_wconf 84' lang='grc' dir='ltr'>ότι</span> <span class='ocrx_word' id='word_1_29' title='bbox 387 864 484 971; x_wconf 78' lang='grc' dir='ltr'>ξύλα</span> <span class='ocrx_word' id='word_1_30' title='bbox 511 867 580 945; x_wconf 85' lang='grc' dir='ltr'>εἰσί</span> <span class='ocrx_word' id='word_1_31' title='bbox 609 868 667 944; x_wconf 84' lang='grc' dir='ltr'>καί</span> <span class='ocrx_word' id='word_1_32' title='bbox 696 866 792 946; x_wconf 86' lang='grc' dir='ltr'>λίθοι</span> <span class='ocrx_word' id='word_1_33' title='bbox 819 863 927 970; x_wconf 83' lang='grc' dir='ltr'>φιλιί,</span> <span class='ocrx_word' id='word_1_34' title='bbox 949 859 1034 946; x_wconf 82' lang='grc' dir='ltr'>οἰθίν</span> <span class='ocrx_word' id='word_1_35' title='bbox 1058 858 1190 944; x_wconf 77' lang='grc' dir='ltr'>ιίθωλον</span> <span class='ocrx_word' id='word_1_36' title='bbox 1213 863 1243 943; x_wconf 81' lang='grc' dir='ltr'>ἐν</span> <span class='ocrx_word' id='word_1_37' title='bbox 1273 861 1403 970; x_wconf 72' lang='grc' dir='ltr'>κόσμῳ,</span> <span class='ocrx_word' id='word_1_38' title='bbox 1423 858 1506 939; x_wconf 81' lang='grc' dir='ltr'>οιίδί</span> 
     </span>
     <span class='ocr_line' id='line_1_6' title="bbox 310 986 1506 1094; baseline 0 -27"><span class='ocrx_word' id='word_1_39' title='bbox 310 988 381 1091; x_wconf 82' lang='grc' dir='ltr'>γὰρ</span> <span class='ocrx_word' id='word_1_40' title='bbox 400 989 495 1072; x_wconf 86' lang='grc' dir='ltr'>ὅλως</span> <span class='ocrx_word' id='word_1_41' title='bbox 513 987 656 1094; x_wconf 78' lang='grc' dir='ltr'>ἀξιοῦσι</span> <span class='ocrx_word' id='word_1_42' title='bbox 673 995 786 1068; x_wconf 90' lang='grc' dir='ltr'>ταῦτα</span> <span class='ocrx_word' id='word_1_43' title='bbox 804 987 918 1090; x_wconf 84' lang='grc' dir='ltr'>λόγου</span> <span class='ocrx_word' id='word_1_44' title='bbox 936 986 1046 1084; x_wconf 84' lang='grc' dir='ltr'>τινὸς,</span> <span class='ocrx_word' id='word_1_45' title='bbox 1063 986 1148 1066; x_wconf 87' lang='grc' dir='ltr'>ἀλλ’</span> <span class='ocrx_word' id='word_1_46' title='bbox 1169 986 1261 1066; x_wconf 80' lang='grc' dir='ltr'>οὕτω</span> <span class='ocrx_word' id='word_1_47' title='bbox 1279 991 1506 1089; x_wconf 82' lang='grc' dir='ltr'>φρονοῦντες,</span> 
     </span>
    </p>

    <p class='ocr_par' dir='ltr' id='par_1_4' title="bbox 211 1107 1563 1956">
     <span class='ocr_line' id='line_1_7' title="bbox 211 1107 1541 1218; baseline 0 -28"><span class='ocrx_word' id='word_1_48' title='bbox 211 1148 263 1182; x_wconf 80' lang='lat' dir='ltr'><strong>ver·</strong></span> <span class='ocrx_word' id='word_1_49' title='bbox 274 1129 298 1181; x_wconf 89' lang='lat'>6·</span> <span class='ocrx_word' id='word_1_50' title='bbox 312 1118 357 1196; x_wconf 93' lang='grc' dir='ltr'>εἰς</span> <span class='ocrx_word' id='word_1_51' title='bbox 380 1113 440 1192; x_wconf 78' lang='grc' dir='ltr'>ἕνα</span> <span class='ocrx_word' id='word_1_52' title='bbox 464 1110 676 1193; x_wconf 85' lang='grc' dir='ltr'>πιστεύουσι</span> <span class='ocrx_word' id='word_1_53' title='bbox 694 1110 790 1192; x_wconf 86' lang='grc' dir='ltr'>θεὸν</span> <span class='ocrx_word' id='word_1_54' title='bbox 807 1115 865 1190; x_wconf 89' lang='grc' dir='ltr'>καί</span> <span class='ocrx_word' id='word_1_55' title='bbox 886 1109 1031 1215; x_wconf 90' lang='grc' dir='ltr'>Πατέρα</span> <span class='ocrx_word' id='word_1_56' title='bbox 1058 1111 1094 1218; x_wconf 78' lang='grc' dir='ltr'>ἐξ</span> <span class='ocrx_word' id='word_1_57' title='bbox 1114 1109 1148 1190; x_wconf 78' lang='grc' dir='ltr'>οὗ</span> <span class='ocrx_word' id='word_1_58' title='bbox 1166 1107 1213 1189; x_wconf 81' lang='grc' dir='ltr'>τῖι</span> <span class='ocrx_word' id='word_1_59' title='bbox 1232 1107 1362 1198; x_wconf 78' lang='grc' dir='ltr'>πόντοι,</span> <span class='ocrx_word' id='word_1_60' title='bbox 1381 1110 1440 1187; x_wconf 90' lang='grc' dir='ltr'>καί</span> <span class='ocrx_word' id='word_1_61' title='bbox 1457 1111 1505 1190; x_wconf 86' lang='grc' dir='ltr'>εἰς</span> <span class='ocrx_word' id='word_1_62' title='bbox 1520 1137 1541 1198; x_wconf 82' lang='grc'>5</span> 
     </span>
     <span class='ocr_line' id='line_1_8' title="bbox 310 1229 1507 1343; baseline -0.002 -27"><span class='ocrx_word' id='word_1_63' title='bbox 310 1237 373 1316; x_wconf 81' lang='grc' dir='ltr'>ἕνα</span> <span class='ocrx_word' id='word_1_64' title='bbox 392 1234 499 1343; x_wconf 84' lang='grc' dir='ltr'>Κόριον</span> <span class='ocrx_word' id='word_1_65' title='bbox 523 1238 642 1330; x_wconf 73' lang='grc' dir='ltr'>Ἰησοῦν</span> <span class='ocrx_word' id='word_1_66' title='bbox 661 1237 796 1340; x_wconf 77' lang='grc' dir='ltr'>Χριστόν</span> <span class='ocrx_word' id='word_1_67' title='bbox 821 1229 861 1314; x_wconf 77' lang='grc' dir='ltr'>θῖ</span> <span class='ocrx_word' id='word_1_68' title='bbox 883 1232 917 1316; x_wconf 79' lang='grc' dir='ltr'>οὗ</span> <span class='ocrx_word' id='word_1_69' title='bbox 941 1231 989 1314; x_wconf 82' lang='grc' dir='ltr'>τῖι</span> <span class='ocrx_word' id='word_1_70' title='bbox 1016 1233 1145 1315; x_wconf 79' lang='grc' dir='ltr'>πόντοι.</span> <span class='ocrx_word' id='word_1_71' title='bbox 1177 1232 1320 1338; x_wconf 74' lang='grc' dir='ltr'>ἔχοντος</span> <span class='ocrx_word' id='word_1_72' title='bbox 1348 1231 1414 1330; x_wconf 80' lang='grc' dir='ltr'>τὴν</span> <span class='ocrx_word' id='word_1_73' title='bbox 1441 1234 1507 1329; x_wconf 80' lang='grc' dir='ltr'>τῆς</span> 
     </span>
     <span class='ocr_line' id='line_1_9' title="bbox 311 1353 1510 1466; baseline -0.006 -27"><span class='ocrx_word' id='word_1_74' title='bbox 311 1357 515 1463; x_wconf 83' lang='grc' dir='ltr'>κυριότητος</span> <span class='ocrx_word' id='word_1_75' title='bbox 533 1357 645 1466; x_wconf 83' lang='grc' dir='ltr'>δόξαν</span> <span class='ocrx_word' id='word_1_76' title='bbox 662 1367 726 1439; x_wconf 90' lang='grc' dir='ltr'>τοῦ</span> <span class='ocrx_word' id='word_1_77' title='bbox 740 1364 836 1439; x_wconf 87' lang='grc' dir='ltr'>Θεοῦ</span> <span class='ocrx_word' id='word_1_78' title='bbox 856 1360 914 1438; x_wconf 84' lang='grc' dir='ltr'>καί</span> <span class='ocrx_word' id='word_1_79' title='bbox 930 1357 1085 1461; x_wconf 82' lang='grc' dir='ltr'>Πατρός,</span> <span class='ocrx_word' id='word_1_80' title='bbox 1104 1359 1162 1436; x_wconf 80' lang='grc' dir='ltr'>καὶ</span> <span class='ocrx_word' id='word_1_81' title='bbox 1180 1363 1245 1435; x_wconf 89' lang='grc' dir='ltr'>τοῦ</span> <span class='ocrx_word' id='word_1_82' title='bbox 1261 1353 1446 1459; x_wconf 82' lang='grc' dir='ltr'>τεχθείιτος</span> <span class='ocrx_word' id='word_1_83' title='bbox 1464 1354 1510 1460; x_wconf 84' lang='grc' dir='ltr'>ἐξ</span> 
     </span>
     <span class='ocr_line' id='line_1_10' title="bbox 310 1476 1507 1587; baseline -0.006 -24"><span class='ocrx_word' id='word_1_84' title='bbox 310 1485 418 1563; x_wconf 85' lang='grc' dir='ltr'>αὑτοῦ</span> <span class='ocrx_word' id='word_1_85' title='bbox 446 1482 512 1582; x_wconf 87' lang='grc' dir='ltr'>τὴν</span> <span class='ocrx_word' id='word_1_86' title='bbox 536 1481 714 1587; x_wconf 81' lang='grc' dir='ltr'>ὑπεροχὴν</span> <span class='ocrx_word' id='word_1_87' title='bbox 731 1490 795 1562; x_wconf 91' lang='grc' dir='ltr'>τοῦ</span> <span class='ocrx_word' id='word_1_88' title='bbox 822 1479 986 1566; x_wconf 86' lang='grc' dir='ltr'>τεκόντος</span> <span class='ocrx_word' id='word_1_89' title='bbox 1012 1478 1130 1578; x_wconf 81' lang='grc' dir='ltr'>αὐτόν,</span> <span class='ocrx_word' id='word_1_90' title='bbox 1156 1483 1204 1563; x_wconf 84' lang='grc' dir='ltr'>ὡς</span> <span class='ocrx_word' id='word_1_91' title='bbox 1232 1480 1270 1557; x_wconf 82' lang='grc' dir='ltr'>ἐν</span> <span class='ocrx_word' id='word_1_92' title='bbox 1297 1477 1368 1584; x_wconf 78' lang='grc' dir='ltr'>ἰδίᾳ</span> <span class='ocrx_word' id='word_1_93' title='bbox 1395 1476 1507 1582; x_wconf 82' lang='grc' dir='ltr'>φύσει</span> 
     </span>
     <span class='ocr_line' id='line_1_11' title="bbox 311 1598 1507 1710; baseline -0.005 -24"><span class='ocrx_word' id='word_1_94' title='bbox 311 1605 534 1710; x_wconf 78' lang='grc' dir='ltr'>ὑπάρχοντός</span> <span class='ocrx_word' id='word_1_95' title='bbox 560 1639 599 1685; x_wconf 88' lang='grc' dir='ltr'>τε</span> <span class='ocrx_word' id='word_1_96' title='bbox 623 1607 682 1684; x_wconf 83' lang='grc' dir='ltr'>καὶ</span> <span class='ocrx_word' id='word_1_97' title='bbox 709 1605 899 1705; x_wconf 81' lang='grc' dir='ltr'>νοουμένου</span> <span class='ocrx_word' id='word_1_98' title='bbox 916 1610 1022 1701; x_wconf 87' lang='grc' dir='ltr'>θεοῦ,</span> <span class='ocrx_word' id='word_1_99' title='bbox 1041 1605 1083 1683; x_wconf 84' lang='grc' dir='ltr'>οῦ</span> <span class='ocrx_word' id='word_1_100' title='bbox 1105 1601 1196 1682; x_wconf 80' lang='grc' dir='ltr'>κατὰ</span> <span class='ocrx_word' id='word_1_101' title='bbox 1219 1601 1363 1708; x_wconf 77' lang='grc' dir='ltr'>μέθεξιν</span> <span class='ocrx_word' id='word_1_102' title='bbox 1384 1598 1451 1700; x_wconf 74' lang='grc' dir='ltr'>τὴν</span> <span class='ocrx_word' id='word_1_103' title='bbox 1467 1603 1507 1680; x_wconf 80' lang='grc' dir='ltr'>ἐν</span> 
     </span>
     <span class='ocr_line' id='line_1_12' title="bbox 312 1726 1563 1836; baseline -0.002 -28"><span class='ocrx_word' id='word_1_104' title='bbox 312 1728 495 1827; x_wconf 82' lang='grc' dir='ltr'>Πνεῦματι</span> <span class='ocrx_word' id='word_1_105' title='bbox 527 1727 586 1810; x_wconf 83' lang='grc' dir='ltr'>θειί</span> <span class='ocrx_word' id='word_1_106' title='bbox 623 1735 682 1810; x_wconf 80' lang='grc' dir='ltr'>καί</span> <span class='ocrx_word' id='word_1_107' title='bbox 714 1733 811 1836; x_wconf 80' lang='grc' dir='ltr'>κύριοι</span> <span class='ocrx_word' id='word_1_108' title='bbox 840 1727 1028 1829; x_wconf 85' lang='grc' dir='ltr'>κέκληνται</span> <span class='ocrx_word' id='word_1_109' title='bbox 1059 1732 1196 1822; x_wconf 72' lang='grc' dir='ltr'>πολλοὶ,</span> <span class='ocrx_word' id='word_1_110' title='bbox 1224 1726 1337 1829; x_wconf 82' lang='grc' dir='ltr'>ἥνπερ</span> <span class='ocrx_word' id='word_1_111' title='bbox 1368 1731 1507 1828; x_wconf 88' lang='grc' dir='ltr'>γνῶσιν</span> <span class='ocrx_word' id='word_1_112' title='bbox 1523 1766 1563 1806; x_wconf 86' lang='grc' dir='ltr'>ιο</span> 
     </span>
     <span class='ocr_line' id='line_1_13' title="bbox 311 1851 610 1956; baseline -0.007 -22"><span class='ocrx_word' id='word_1_113' title='bbox 311 1853 429 1952; x_wconf 84' lang='grc' dir='ltr'>ὀλίγοι</span> <span class='ocrx_word' id='word_1_114' title='bbox 455 1851 610 1956; x_wconf 80' lang='grc' dir='ltr'>ἔχουσιν.</span> 
     </span>
    </p>
   </div>
   <div class='ocr_carea' id='block_1_4' title="bbox 280 2089 1319 2185">
    <p class='ocr_par' dir='ltr' id='par_1_5' title="bbox 280 2089 1319 2185">
     <span class='ocr_line' id='line_1_14' title="bbox 280 2089 1319 2185; baseline 0.002 -28"><span class='ocrx_word' id='word_1_115' title='bbox 280 2117 298 2176; x_wconf 89' lang='lat'><strong>5</strong></span> <span class='ocrx_word' id='word_1_116' title='bbox 493 2092 624 2182; x_wconf 86' lang='grc' dir='ltr'>Ὠσπερ</span> <span class='ocrx_word' id='word_1_117' title='bbox 652 2089 713 2160; x_wconf 86' lang='grc' dir='ltr'>εἰσί</span> <span class='ocrx_word' id='word_1_118' title='bbox 740 2092 808 2159; x_wconf 88' lang='grc' dir='ltr'>θεοί</span> <span class='ocrx_word' id='word_1_119' title='bbox 835 2095 953 2160; x_wconf 79' lang='grc' dir='ltr'>πολλοί</span> <span class='ocrx_word' id='word_1_120' title='bbox 979 2094 1033 2160; x_wconf 89' lang='grc' dir='ltr'>καί</span> <span class='ocrx_word' id='word_1_121' title='bbox 1060 2096 1164 2185; x_wconf 88' lang='grc' dir='ltr'>κύριοι</span> <span class='ocrx_word' id='word_1_122' title='bbox 1193 2094 1319 2160; x_wconf 82' lang='grc' dir='ltr'>πολλοί.</span> 
     </span>
    </p>
   </div>
   <div class='ocr_carea' id='block_1_5' title="bbox 310 2261 1561 2618">
    <p class='ocr_par' dir='ltr' id='par_1_6' title="bbox 310 2261 1561 2618">
     <span class='ocr_line' id='line_1_15' title="bbox 369 2261 1504 2371; baseline 0.004 -29"><span class='ocrx_word' id='word_1_123' title='bbox 369 2262 476 2343; x_wconf 87' lang='grc' dir='ltr'>Κατά</span> <span class='ocrx_word' id='word_1_124' title='bbox 502 2261 545 2343; x_wconf 86' lang='grc' dir='ltr'>τὸ</span> <span class='ocrx_word' id='word_1_125' title='bbox 573 2264 766 2371; x_wconf 76' lang='grc' dir='ltr'>ἀξιωθῆναι</span> <span class='ocrx_word' id='word_1_126' title='bbox 791 2269 854 2365; x_wconf 81' lang='grc' dir='ltr'>τῆς</span> <span class='ocrx_word' id='word_1_127' title='bbox 878 2274 942 2345; x_wconf 87' lang='grc' dir='ltr'>τοῦ</span> <span class='ocrx_word' id='word_1_128' title='bbox 965 2267 1082 2367; x_wconf 89' lang='grc' dir='ltr'>Ἁγίου</span> <span class='ocrx_word' id='word_1_129' title='bbox 1102 2263 1311 2365; x_wconf 77' lang='grc' dir='ltr'>Πνεῦματος</span> <span class='ocrx_word' id='word_1_130' title='bbox 1338 2268 1504 2368; x_wconf 80' lang='grc' dir='ltr'>μετοχῆς,</span> 
     </span>
     <span class='ocr_line' id='line_1_16' title="bbox 311 2385 1508 2495; baseline -0.002 -29"><span class='ocrx_word' id='word_1_131' title='bbox 311 2385 369 2467; x_wconf 85' lang='grc' dir='ltr'>θειί</span> <span class='ocrx_word' id='word_1_132' title='bbox 401 2392 461 2468; x_wconf 84' lang='grc' dir='ltr'>καί</span> <span class='ocrx_word' id='word_1_133' title='bbox 487 2386 585 2495; x_wconf 82' lang='grc' dir='ltr'>κόριιι</span> <span class='ocrx_word' id='word_1_134' title='bbox 609 2391 797 2489; x_wconf 81' lang='grc' dir='ltr'>κεῖιληνται</span> <span class='ocrx_word' id='word_1_135' title='bbox 825 2391 964 2470; x_wconf 82' lang='grc' dir='ltr'>πολλοί·</span> <span class='ocrx_word' id='word_1_136' title='bbox 1005 2391 1063 2469; x_wconf 89' lang='grc' dir='ltr'>καί</span> <span class='ocrx_word' id='word_1_137' title='bbox 1090 2387 1156 2489; x_wconf 79' lang='grc' dir='ltr'>τὴν</span> <span class='ocrx_word' id='word_1_138' title='bbox 1173 2387 1350 2488; x_wconf 80' lang='grc' dir='ltr'>μυστικὴν</span> <span class='ocrx_word' id='word_1_139' title='bbox 1373 2387 1508 2487; x_wconf 81' lang='grc' dir='ltr'>ταύτην</span> 
     </span>
     <span class='ocr_line' id='line_1_17' title="bbox 310 2509 1561 2618; baseline 0.002 -28"><span class='ocrx_word' id='word_1_140' title='bbox 310 2517 448 2613; x_wconf 73' lang='grc' dir='ltr'>γνοῦσιν</span> <span class='ocrx_word' id='word_1_141' title='bbox 479 2513 596 2616; x_wconf 83' lang='grc' dir='ltr'>ὀλίγοι</span> <span class='ocrx_word' id='word_1_142' title='bbox 630 2513 784 2618; x_wconf 73' lang='grc' dir='ltr'>ἔχουσιν.</span> <span class='ocrx_word' id='word_1_143' title='bbox 823 2516 856 2593; x_wconf 89' lang='grc' dir='ltr'>οἰ</span> <span class='ocrx_word' id='word_1_144' title='bbox 885 2511 950 2611; x_wconf 71' lang='grc' dir='ltr'>μὲν</span> <span class='ocrx_word' id='word_1_145' title='bbox 981 2510 1053 2615; x_wconf 87' lang='grc' dir='ltr'>γάρ</span> <span class='ocrx_word' id='word_1_146' title='bbox 1084 2512 1232 2592; x_wconf 77' lang='grc' dir='ltr'>ἄπιστοι</span> <span class='ocrx_word' id='word_1_147' title='bbox 1260 2509 1423 2595; x_wconf 75' lang='grc' dir='ltr'>πολλοὺς</span> <span class='ocrx_word' id='word_1_148' title='bbox 1455 2510 1507 2590; x_wconf 75' lang='grc' dir='ltr'>ἔτι</span> <span class='ocrx_word' id='word_1_149' title='bbox 1522 2547 1561 2610; x_wconf 86' lang='lat'>15</span> 
     </span>
    </p>
   </div>
   <div class='ocr_carea' id='block_1_6' title="bbox 310 2633 1508 2866">
    <p class='ocr_par' dir='ltr' id='par_1_7' title="bbox 310 2633 1508 2866">
     <span class='ocr_line' id='line_1_18' title="bbox 311 2633 1508 2738; baseline -0.001 -25"><span class='ocrx_word' id='word_1_150' title='bbox 311 2635 492 2738; x_wconf 66' lang='grc' dir='ltr'>νορίῷυσι</span> <span class='ocrx_word' id='word_1_151' title='bbox 510 2635 620 2735; x_wconf 78' lang='grc' dir='ltr'>θεοὺς,</span> <span class='ocrx_word' id='word_1_152' title='bbox 638 2635 729 2720; x_wconf 73' lang='grc' dir='ltr'>τινὲς</span> <span class='ocrx_word' id='word_1_153' title='bbox 748 2635 786 2716; x_wconf 80' lang='grc' dir='ltr'>δὲ</span> <span class='ocrx_word' id='word_1_154' title='bbox 808 2639 866 2716; x_wconf 85' lang='grc' dir='ltr'>καί</span> <span class='ocrx_word' id='word_1_155' title='bbox 888 2642 962 2716; x_wconf 81' lang='grc' dir='ltr'>τῶν</span> <span class='ocrx_word' id='word_1_156' title='bbox 979 2641 1028 2720; x_wconf 90' lang='grc' dir='ltr'>εἰς</span> <span class='ocrx_word' id='word_1_157' title='bbox 1045 2633 1212 2737; x_wconf 82' lang='grc' dir='ltr'>Χριστόν</span> <span class='ocrx_word' id='word_1_158' title='bbox 1229 2635 1508 2716; x_wconf 72' lang='grc' dir='ltr'>πιστευσάντων</span> 
     </span>
     <span class='ocr_line' id='line_1_19' title="bbox 310 2755 1441 2866; baseline 0.002 -30"><span class='ocrx_word' id='word_1_159' title='bbox 310 2755 517 2860; x_wconf 89' lang='grc' dir='ltr'>ὁλοτρόπως</span> <span class='ocrx_word' id='word_1_160' title='bbox 536 2761 599 2840; x_wconf 86' lang='grc' dir='ltr'>οιίκ</span> <span class='ocrx_word' id='word_1_161' title='bbox 617 2761 836 2866; x_wconf 83' lang='grc' dir='ltr'>ἀφίστανται</span> <span class='ocrx_word' id='word_1_162' title='bbox 854 2767 927 2840; x_wconf 86' lang='grc' dir='ltr'>τιῦν</span> <span class='ocrx_word' id='word_1_163' title='bbox 944 2763 1008 2860; x_wconf 80' lang='grc' dir='ltr'>τῆς</span> <span class='ocrx_word' id='word_1_164' title='bbox 1026 2760 1319 2860; x_wconf 88' lang='grc' dir='ltr'>εἰδωλολατρείας</span> <span class='ocrx_word' id='word_1_165' title='bbox 1338 2761 1441 2839; x_wconf 83' lang='grc' dir='ltr'>ε’θιῦν.</span> 
     </span>
    </p>
   </div>
   <div class='ocr_carea' id='block_1_7' title="bbox 283 2997 1507 3203">
    <p class='ocr_par' dir='ltr' id='par_1_8' title="bbox 283 2997 1507 3203">
     <span class='ocr_line' id='line_1_20' title="bbox 283 2997 1507 3092; baseline 0 -26"><span class='ocrx_word' id='word_1_166' title='bbox 283 2999 408 3082; x_wconf 71' lang='grc' dir='ltr'>γΤινὲε</span> <span class='ocrx_word' id='word_1_167' title='bbox 435 3001 471 3065; x_wconf 87' lang='grc' dir='ltr'>δὲ</span> <span class='ocrx_word' id='word_1_168' title='bbox 498 3007 538 3092; x_wconf 69' lang='grc' dir='ltr'>τῇ</span> <span class='ocrx_word' id='word_1_169' title='bbox 566 3001 747 3068; x_wconf 75' lang='grc' dir='ltr'>συνειδήσει</span> <span class='ocrx_word' id='word_1_170' title='bbox 773 3007 830 3068; x_wconf 85' lang='grc' dir='ltr'>τοῦ</span> <span class='ocrx_word' id='word_1_171' title='bbox 858 2999 997 3067; x_wconf 81' lang='grc' dir='ltr'>εἰδώλου</span> <span class='ocrx_word' id='word_1_172' title='bbox 1024 3005 1090 3069; x_wconf 80' lang='grc' dir='ltr'>ἓωι</span> <span class='ocrx_word' id='word_1_173' title='bbox 1115 3001 1188 3090; x_wconf 81' lang='grc' dir='ltr'>ἄρτι</span> <span class='ocrx_word' id='word_1_174' title='bbox 1215 3001 1262 3064; x_wconf 83' lang='grc' dir='ltr'>ὡα</span> <span class='ocrx_word' id='word_1_175' title='bbox 1289 2997 1507 3068; x_wconf 83' lang='grc' dir='ltr'>εἰδωλόθυτον</span> 
     </span>
     <span class='ocr_line' id='line_1_21' title="bbox 351 3121 1468 3203; baseline 0.003 -14"><span class='ocrx_word' id='word_1_176' title='bbox 351 3124 511 3191; x_wconf 73' lang='grc' dir='ltr'>ἐσθίουσιν</span> <span class='ocrx_word' id='word_1_177' title='bbox 538 3127 591 3190; x_wconf 89' lang='grc' dir='ltr'>καί</span> <span class='ocrx_word' id='word_1_178' title='bbox 618 3127 637 3191; x_wconf 81' lang='grc' dir='ltr'>ιί</span> <span class='ocrx_word' id='word_1_179' title='bbox 666 3125 847 3194; x_wconf 71' lang='grc' dir='ltr'>συνείδησις</span> <span class='ocrx_word' id='word_1_180' title='bbox 873 3126 982 3193; x_wconf 81' lang='grc' dir='ltr'>αὐτῶν</span> <span class='ocrx_word' id='word_1_181' title='bbox 1009 3126 1148 3193; x_wconf 71' lang='grc' dir='ltr'>ἀσθενιία</span> <span class='ocrx_word' id='word_1_182' title='bbox 1175 3121 1256 3192; x_wconf 85' lang='grc' dir='ltr'>οὖσα</span> <span class='ocrx_word' id='word_1_183' title='bbox 1283 3127 1468 3203; x_wconf 86' lang='grc' dir='ltr'>μολύνεται.</span> 
     </span>
    </p>
   </div>
   <div class='ocr_carea' id='block_1_8' title="bbox 314 3294 1561 4236">
    <p class='ocr_par' dir='ltr' id='par_1_9' title="bbox 314 3294 1561 4236">
     <span class='ocr_line' id='line_1_22' title="bbox 370 3294 1561 3400; baseline 0.009 -26"><span class='ocrx_word' id='word_1_184' title='bbox 370 3299 456 3374; x_wconf 83' lang='grc' dir='ltr'>Τῶν</span> <span class='ocrx_word' id='word_1_185' title='bbox 488 3300 537 3380; x_wconf 91' lang='grc' dir='ltr'>εἰς</span> <span class='ocrx_word' id='word_1_186' title='bbox 571 3295 735 3399; x_wconf 80' lang='grc' dir='ltr'>Χριστόν</span> <span class='ocrx_word' id='word_1_187' title='bbox 767 3297 1043 3379; x_wconf 85' lang='grc' dir='ltr'>πιστευσάντων</span> <span class='ocrx_word' id='word_1_188' title='bbox 1078 3297 1168 3382; x_wconf 82' lang='grc' dir='ltr'>τινίς</span> <span class='ocrx_word' id='word_1_189' title='bbox 1204 3294 1412 3400; x_wconf 88' lang='grc' dir='ltr'>ὁλοτρόπως</span> <span class='ocrx_word' id='word_1_190' title='bbox 1444 3298 1507 3376; x_wconf 88' lang='grc' dir='ltr'>οιίκ</span> <span class='ocrx_word' id='word_1_191' title='bbox 1522 3343 1561 3384; x_wconf 78' lang='grc' dir='ltr'>ιο</span> 
     </span>
     <span class='ocr_line' id='line_1_23' title="bbox 314 3415 1506 3522; baseline 0.005 -28"><span class='ocrx_word' id='word_1_192' title='bbox 314 3415 538 3502; x_wconf 79' lang='grc' dir='ltr'>ἀποστάντες</span> <span class='ocrx_word' id='word_1_193' title='bbox 566 3423 629 3518; x_wconf 80' lang='grc' dir='ltr'>τῆς</span> <span class='ocrx_word' id='word_1_194' title='bbox 654 3420 961 3522; x_wconf 87' lang='grc' dir='ltr'>εἰδωλολατρείας,</span> <span class='ocrx_word' id='word_1_195' title='bbox 989 3425 1007 3514; x_wconf 74' lang='grc' dir='ltr'><em>ἦ</em></span> <span class='ocrx_word' id='word_1_196' title='bbox 1035 3415 1213 3515; x_wconf 75' lang='grc' dir='ltr'>συνείδησις</span> <span class='ocrx_word' id='word_1_197' title='bbox 1241 3419 1345 3502; x_wconf 74' lang='grc' dir='ltr'>αἰτεῖν</span> <span class='ocrx_word' id='word_1_198' title='bbox 1372 3416 1506 3514; x_wconf 77' lang='grc' dir='ltr'>ἀσθενίις</span> 
     </span>
     <span class='ocr_line' id='line_1_24' title="bbox 316 3535 1504 3652; baseline 0.003 -34"><span class='ocrx_word' id='word_1_199' title='bbox 316 3535 401 3619; x_wconf 80' lang='grc' dir='ltr'>ιιίσιι</span> <span class='ocrx_word' id='word_1_200' title='bbox 428 3539 618 3645; x_wconf 82' lang='grc' dir='ltr'>μιλόνετιιι.</span> <span class='ocrx_word' id='word_1_201' title='bbox 650 3541 722 3632; x_wconf 82' lang='grc' dir='ltr'>ἀπὸ</span> <span class='ocrx_word' id='word_1_202' title='bbox 749 3543 822 3647; x_wconf 78' lang='grc' dir='ltr'>γὰρ</span> <span class='ocrx_word' id='word_1_203' title='bbox 849 3546 1023 3628; x_wconf 86' lang='grc' dir='ltr'>ἀσθενοῦς</span> <span class='ocrx_word' id='word_1_204' title='bbox 1047 3547 1180 3652; x_wconf 79' lang='grc' dir='ltr'>ψυχῆς,</span> <span class='ocrx_word' id='word_1_205' title='bbox 1201 3543 1290 3630; x_wconf 89' lang='grc' dir='ltr'>ἰσως</span> <span class='ocrx_word' id='word_1_206' title='bbox 1318 3547 1375 3624; x_wconf 86' lang='grc' dir='ltr'>καί</span> <span class='ocrx_word' id='word_1_207' title='bbox 1403 3544 1504 3642; x_wconf 82' lang='grc' dir='ltr'>νομί-</span> 
     </span>
     <span class='ocr_line' id='line_1_25' title="bbox 315 3660 1505 3774; baseline 0.003 -33"><span class='ocrx_word' id='word_1_208' title='bbox 315 3660 437 3763; x_wconf 67' lang='grc' dir='ltr'>ᾄιυσιν</span> <span class='ocrx_word' id='word_1_209' title='bbox 464 3667 618 3771; x_wconf 85' lang='grc' dir='ltr'>ὠφελεῖν</span> <span class='ocrx_word' id='word_1_210' title='bbox 645 3665 772 3750; x_wconf 75' lang='grc' dir='ltr'>αὐτοῦς</span> <span class='ocrx_word' id='word_1_211' title='bbox 794 3672 846 3774; x_wconf 79' lang='grc' dir='ltr'>τῷ</span> <span class='ocrx_word' id='word_1_212' title='bbox 873 3675 1068 3772; x_wconf 87' lang='grc' dir='ltr'>μετασχεῖν</span> <span class='ocrx_word' id='word_1_213' title='bbox 1093 3673 1194 3770; x_wconf 86' lang='grc' dir='ltr'>ἰερῶν</span> <span class='ocrx_word' id='word_1_214' title='bbox 1214 3674 1350 3748; x_wconf 83' lang='grc' dir='ltr'>θυσιῶν</span> <span class='ocrx_word' id='word_1_215' title='bbox 1371 3666 1505 3769; x_wconf 89' lang='grc' dir='ltr'>ἀγγειί-</span> 
     </span>
     <span class='ocr_line' id='line_1_26' title="bbox 315 3787 1508 3893; baseline 0.004 -29"><span class='ocrx_word' id='word_1_216' title='bbox 315 3791 455 3865; x_wconf 90' lang='grc' dir='ltr'>σασθαι</span> <span class='ocrx_word' id='word_1_217' title='bbox 483 3792 541 3866; x_wconf 90' lang='grc' dir='ltr'>καί</span> <span class='ocrx_word' id='word_1_218' title='bbox 567 3794 709 3891; x_wconf 81' lang='grc' dir='ltr'>βρῶσιν</span> <span class='ocrx_word' id='word_1_219' title='bbox 735 3795 916 3870; x_wconf 84' lang='grc' dir='ltr'>ποιεῖσθαι</span> <span class='ocrx_word' id='word_1_220' title='bbox 943 3787 985 3870; x_wconf 82' lang='grc' dir='ltr'>τὸ</span> <span class='ocrx_word' id='word_1_221' title='bbox 1013 3789 1204 3893; x_wconf 78' lang='grc' dir='ltr'>ἱερόθυτον.</span> <span class='ocrx_word' id='word_1_222' title='bbox 1246 3793 1440 3892; x_wconf 87' lang='grc' dir='ltr'>ἀναγκαῖον</span> <span class='ocrx_word' id='word_1_223' title='bbox 1470 3788 1508 3869; x_wconf 76' lang='grc' dir='ltr'>δὲ</span> 
     </span>
     <span class='ocr_line' id='line_1_27' title="bbox 315 3907 1561 4021; baseline 0.005 -33"><span class='ocrx_word' id='word_1_224' title='bbox 315 3907 397 3992; x_wconf 87' lang='grc' dir='ltr'>τοῦς</span> <span class='ocrx_word' id='word_1_225' title='bbox 430 3912 592 3993; x_wconf 86' lang='grc' dir='ltr'>ἀσθενεῖς</span> <span class='ocrx_word' id='word_1_226' title='bbox 617 3907 877 4009; x_wconf 70' lang='grc' dir='ltr'>’πνευματικαῖς</span> <span class='ocrx_word' id='word_1_227' title='bbox 910 3915 1159 3998; x_wconf 85' lang='grc' dir='ltr'>διδασκαλίαις</span> <span class='ocrx_word' id='word_1_228' title='bbox 1191 3919 1436 4021; x_wconf 78' lang='grc' dir='ltr'>ψυχαγωγεῖν,</span> <span class='ocrx_word' id='word_1_229' title='bbox 1467 3913 1509 3994; x_wconf 84' lang='grc' dir='ltr'>οιί</span> <span class='ocrx_word' id='word_1_230' title='bbox 1523 3949 1561 4009; x_wconf 82' lang='grc' dir='ltr'>ι5</span> 
     </span>
     <span class='ocr_line' id='line_1_28' title="bbox 314 4022 1505 4141; baseline 0.005 -32"><span class='ocrx_word' id='word_1_231' title='bbox 314 4030 386 4130; x_wconf 81' lang='grc' dir='ltr'>μὴν</span> <span class='ocrx_word' id='word_1_232' title='bbox 413 4028 455 4112; x_wconf 81' lang='grc' dir='ltr'>τὸ</span> <span class='ocrx_word' id='word_1_233' title='bbox 485 4022 689 4141; x_wconf 78' lang='grc' dir='ltr'>ἀδιαφόρως</span> <span class='ocrx_word' id='word_1_234' title='bbox 716 4037 847 4116; x_wconf 89' lang='grc' dir='ltr'>ε’σθίειν</span> <span class='ocrx_word' id='word_1_235' title='bbox 875 4040 934 4117; x_wconf 86' lang='grc' dir='ltr'>καί</span> <span class='ocrx_word' id='word_1_236' title='bbox 963 4045 1037 4124; x_wconf 90' lang='grc' dir='ltr'>τοῖς</span> <span class='ocrx_word' id='word_1_237' title='bbox 1069 4040 1236 4121; x_wconf 85' lang='grc' dir='ltr'>ἀπίστοις</span> <span class='ocrx_word' id='word_1_238' title='bbox 1268 4043 1505 4140; x_wconf 87' lang='grc' dir='ltr'>συγκατακεῖ-</span> 
     </span>
     <span class='ocr_line' id='line_1_29' title="bbox 315 4159 415 4236; baseline 0.04 -4"><span class='ocrx_word' id='word_1_239' title='bbox 315 4159 415 4236; x_wconf 88' lang='grc' dir='ltr'>σθαι.</span> 
     </span>
    </p>
   </div>
   <div class='ocr_carea' id='block_1_9' title="bbox 316 4343 1508 4491">
    <p class='ocr_par' dir='ltr' id='par_1_10' title="bbox 316 4343 1508 4491">
     <span class='ocr_line' id='line_1_30' title="bbox 351 4343 1508 4424; baseline -0.009 -12"><span class='ocrx_word' id='word_1_240' title='bbox 351 4360 377 4412; x_wconf 84' lang='grc'>3·</span> <span class='ocrx_word' id='word_1_241' title='bbox 396 4343 478 4416; x_wconf 57' lang='lat' dir='ltr'>W]</span> <span class='ocrx_word' id='word_1_242' title='bbox 495 4344 536 4399; x_wconf 81' lang='lat' dir='ltr'>lta</span> <span class='ocrx_word' id='word_1_243' title='bbox 548 4345 617 4401; x_wconf 69' lang='lat' dir='ltr'>c0⁴1·</span> <span class='ocrx_word' id='word_1_244' title='bbox 892 4366 918 4419; x_wconf 91' lang='lat'>9.</span> <span class='ocrx_word' id='word_1_245' title='bbox 937 4347 980 4419; x_wconf 83' lang='grc' dir='ltr'>οὐ]</span> <span class='ocrx_word' id='word_1_246' title='bbox 997 4349 1037 4404; x_wconf 72' lang='lat' dir='ltr'>lta</span> <span class='ocrx_word' id='word_1_247' title='bbox 1049 4349 1117 4406; x_wconf 85' lang='lat' dir='ltr'><strong>Cod.</strong></span> <span class='ocrx_word' id='word_1_248' title='bbox 1130 4350 1273 4424; x_wconf 78' lang='lat' dir='ltr'>legendum</span> <span class='ocrx_word' id='word_1_249' title='bbox 1287 4351 1330 4423; x_wconf 77' lang='lat' dir='ltr'>(ut</span> <span class='ocrx_word' id='word_1_250' title='bbox 1342 4347 1458 4417; x_wconf 77' lang='lat' dir='ltr'>videtur)</span> <span class='ocrx_word' id='word_1_251' title='bbox 1470 4347 1508 4402; x_wconf 75' lang='grc' dir='ltr'>οδ.</span> 
     </span>
     <span class='ocr_line' id='line_1_31' title="bbox 316 4413 1082 4491; baseline 0.007 -23"><span class='ocrx_word' id='word_1_252' title='bbox 316 4428 360 4481; x_wconf 77' lang='lat'>23.</span> <span class='ocrx_word' id='word_1_253' title='bbox 379 4413 571 4488; x_wconf 80' lang='grc' dir='ltr'>ἀγγειίσασθοι]</span> <span class='ocrx_word' id='word_1_254' title='bbox 588 4417 629 4474; x_wconf 75' lang='lat' dir='ltr'>lta</span> <span class='ocrx_word' id='word_1_255' title='bbox 642 4415 710 4474; x_wconf 86' lang='lat' dir='ltr'><strong>Cod.</strong></span> <span class='ocrx_word' id='word_1_256' title='bbox 723 4427 798 4474; x_wconf 74' lang='lat' dir='ltr'>estne</span> <span class='ocrx_word' id='word_1_257' title='bbox 810 4435 859 4490; x_wconf 82' lang='lat' dir='ltr'>pro</span> <span class='ocrx_word' id='word_1_258' title='bbox 870 4417 1082 4491; x_wconf 74' lang='grc' dir='ltr'>όνογειίσαιτθαιί</span> 
     </span>
    </p>
   </div>
   <div class='ocr_carea' id='block_1_10' title="bbox 0 0 1654 5150">
    <p class='ocr_par' dir='ltr' id='par_1_11' title="bbox 0 0 1654 5150">
     <span class='ocr_line' id='line_1_32' title="bbox 0 0 1654 5150; baseline 0 0"><span class='ocrx_word' id='word_1_259' title='bbox 0 0 1654 5150; x_wconf 95' lang='lat' dir='ltr'> </span> 
     </span>
    </p>
   </div>
  </div>
 </body>
</html>
