3284 5130
306 308 368 372 162
607 307 647 372 B.
671 306 880 372 CYRILLI
910 306 1201 374 ALEXANDR.
1328 305 1504 388 xxm-14.

304 470 424 576 ἔξεστι
453 476 553 566 νοεῖν,
579 468 621 550 τδ
642 467 692 570 μὴ
713 467 910 551 ἀτέλεστον
932 470 1083 551 ἔσεσθαι
1107 477 1181 551 τῶν
1203 469 1317 572 ἁγίων
1335 463 1498 550 ἀποστό-

305 604 382 673 λων
400 590 464 672 τδν
480 591 605 675 πόνον.
644 595 882 696 παρεστησαν
904 592 976 696 γὰρ
999 599 1050 702 τῷ
1072 599 1251 697 θηρᾶσθαι
1280 587 1503 695 διατεταχθτι

306 722 378 795 τιῗιν
402 716 665 819 τεθηρευμένωυ
688 717 752 796 τὸν
780 715 903 821 ὄχλου,
928 715 967 802 ὃς
992 722 1049 798 καὶ
1073 720 1110 798 ἐν
1139 724 1261 822 ἱχθῦσι
1289 713 1504 814 σημαίνεται

270 837 370 919 λιτὸν
399 838 551 944 ἀριθμὸν
568 839 659 944 ρνγ’·
705 848 769 921 τοῦ
797 839 862 940 μὲν
890 837 1025 937 ἑκατὸν,
1043 838 1091 926 ὥς
1108 876 1152 944 γε
1173 875 1236 940 μοι
1255 841 1418 946 φαίνεται
1442 838 1502 916 καὶ

307 965 403 1043 δοκεῖ
429 970 549 1050 καλῶς
579 963 682 1068 ἔχειν,
711 963 753 1044 τὸ
780 961 963 1065 πλήρωμα
995 970 1067 1044 τῶν
1099 968 1210 1045 ε’θνῶν
1243 961 1497 1063 σημαίνοντος·
1519 983 1546 1069 5¹

305 1086 557 1188 πληρεστατος
574 1085 645 1190 γὰρ
665 1089 684 1166 ὁ
702 1085 827 1169 ἑκατὸν
846 1085 996 1191 ἀριθμὸς
1014 1089 1053 1167 ἐκ
1072 1087 1229 1168 δεκάδων
1247 1086 1333 1167 δέκα
1350 1082 1499 1186 συγκεί-

306 1242 420 1307 μενος,
439 1209 620 1313 τοιγάρτοι
648 1214 706 1291 καὶ
727 1209 833 1294 αὐτὸς
861 1212 882 1291 ὁ
911 1210 1044 1314 Κύριος
1069 1210 1170 1311 ἡμῶν
1187 1208 1330 1311 Ἰησοὺς
1359 1209 1497 1308 ὁΧρι·

137 1335 259 1460 {ffl}
307 1330 407 1426 στὸς,
424 1332 511 1413 ποτὲ
539 1333 604 1430 μὲν
621 1334 747 1415 ἑκατὸν
764 1330 855 1414 εἶναί
879 1342 974 1439 φησι
999 1333 1045 1414 τὰ
1062 1333 1270 1439 ὑπάρχοντα
1292 1333 1388 1439 αὐτῷ
1411 1326 1503 1431 πρό-

307 1461 414 1553 βατα,
437 1455 478 1535 τὸ
502 1460 645 1541 τελείως
670 1457 761 1561 ἔχειν
778 1459 815 1536 ἐν
834 1459 974 1566 ἀριθμῷ
1001 1457 1047 1537 τὰ
1076 1456 1206 1560 λογικὰ
1234 1456 1414 1554 κτίσματα
1443 1452 1502 1531 διὰ

137 1579 241 1696 {⁴¹¹¹-
307 1579 434 1658 τούτου
462 1582 593 1679 δηλῶν,
612 1581 698 1661 ποτὲ
726 1579 765 1660 δὲ
786 1586 856 1683 γῆν
877 1579 943 1680 τὴν
961 1579 1114 1684 ἀρίστην
1141 1579 1175 1685 ρ’
1206 1576 1501 1684 καρποφορήσειν
1522 1609 1562 1650 10

277 1703 568 1807 σδιισχυρίσατο,
586 1701 628 1783 τὸ
647 1702 784 1783 τέλειον
802 1709 849 1788 εἰς
868 1705 1155 1810 εὖκαρποφορίαν
1173 1708 1237 1805 τῆς
1254 1703 1359 1787 ὁσίας
1376 1704 1500 1807 ψυχῆς

306 1821 365 1903 διὰ
386 1825 515 1905 τούτου
539 1829 737 1925 σημαίνων·
776 1835 840 1907 τοῦ
868 1826 909 1906 δι’
932 1861 973 1929 γε
999 1826 1220 1927 πεντήκοντα
1244 1825 1503 1929 παρατιθέντος

305 1953 354 2032 εἷς
382 1945 507 2048 νόησιν
534 1952 638 2029 οἱονεὶ
663 1947 706 2030 τδ
734 1953 810 2030 κατ’
840 1949 994 2052 ἐκλογὴν
1024 1958 1158 2048 λεῖμμα
1184 1950 1329 2055 χάριτος
1356 1955 1430 2029 τῶν
1459 1947 1506 2054 ἐξ

304 2069 469 2172 Ἰσραὴλ,
509 2075 546 2152 ἐν
577 2073 699 2171 ἡμίσει
734 2074 806 2177 γὰρ
835 2081 909 2153 τῶν
940 2073 1067 2154 ε’κατδν
1099 2075 1145 2154 τὰ
1177 2073 1409 2174 πεντήκοντα,
1441 2075 1502 2150 καὶ

306 2193 464 2274 λείπεται
487 2203 551 2274 τοῦ
572 2197 709 2276 τελείου
732 2197 821 2299 πρὸς
846 2196 1007 2300 ἀριθμόν·
1044 2205 1115 2278 τῶν
1134 2197 1177 2279 δέ
1191 2233 1233 2301 γε
1250 2204 1359 2299 τριῶν
1377 2203 1496 2276 εἰσκο-
1520 2228 1561 2288 ¹5

304 2314 414 2419 μίζειν
431 2319 634 2417 δυναμένων
653 2323 717 2419 τῆς
735 2322 838 2423 ἁγίας
859 2356 896 2401 τε
922 2324 980 2401 καὶ
999 2323 1192 2421 ὃμοουσίου
1211 2321 1368 2424 Τριιίδος
1393 2323 1441 2403 ὡς
1463 2321 1502 2398 ἐν

306 2442 445 2549 ἀριθμῷ
461 2440 561 2550 μόνη)
588 2441 654 2543 τὴν
682 2442 854 2543 δήλωσιν,
885 2445 927 2546 ἦς
957 2451 1005 2528 εἰς
1033 2445 1144 2552 δόξαν
1173 2448 1231 2525 καὶ
1250 2441 1501 2542 ἀκατάληκτον

305 2565 492 2669 εὐφημίαν,
519 2565 542 2666 ἡ
575 2573 647 2648 τῶν
679 2568 737 2649 διὰ
769 2568 925 2652 πίστεως
962 2568 1225 2671 τεθηρευμένων
1255 2567 1501 2672 ἀναγράφεται

272 2685 376 2790 δζωὴ
395 2692 452 2769 καὶ
471 2698 598 2770 νοεῖται
627 2689 917 2794 συνεζευγμένως.
955 2692 1048 2776 Θεὸς
1065 2692 1136 2795 γὰρ
1155 2695 1193 2772 ἐν
1212 2693 1309 2775 ὅλοις
1326 2693 1406 2772 ἐστὶ
1426 2698 1502 2775 τοῖς

303 2811 538 2893 πιστεύουσιν
556 2814 663 2916 ἐγγύς
681 2815 783 2919 ἔχων,
802 2814 893 2895 κατά
915 2849 956 2916 γε
974 2814 1038 2894 τδν
1057 2818 1095 2895 ἐν
1114 2817 1284 2923 ἁγιασμῷ
1310 2813 1501 2911 νοούμενον
1518 2853 1562 2894 το

304 2934 448 3035 τρόπον,
462 2934 544 3019 τοὺς
562 2944 636 3020 τοῖς
655 2939 897 3038 εὐαγγελικοῖς
916 2940 1240 3035 ἀναπεπεισμένους
1259 2937 1498 3040 κηρύγμασιν.
1560 2965 1563 2972 ’

303 3059 420 3158 ἐπειδὴ
450 3059 487 3140 δὲ
516 3064 575 3139 καὶ
607 3059 826 3160 ἀνειλκύσθη
856 3065 890 3142 τδ
923 3058 1060 3159 δίκτυον,
1090 3063 1160 3168 ἔφη
1190 3063 1303 3150 πάλιν
1325 3064 1345 3140 ὁ
1365 3061 1500 3164 Κύριος

304 3181 405 3278 ἡμῶν
431 3190 505 3266 τοῖς
532 3182 646 3284 ἁγίοις
669 3191 843 3283 μαθηταῖς
862 3189 963 3265 Δεῦτε
986 3189 1198 3293 ίιριστιὶσατε,
1217 3187 1275 3265 καὶ
1295 3184 1354 3264 διὰ
1373 3185 1501 3266 τούτου

306 3304 343 3385 δὲ
362 3304 528 3405 δηλονότι
548 3306 741 3404 δικσίσκωυ,
760 3308 813 3387 ὅτι
835 3307 924 3408 μετὰ
946 3309 1077 3393 πόνους
1096 3315 1154 3390 καὶ
1174 3314 1324 3413 ἱδρῶτας
1342 3308 1424 3393 τούς
1442 3311 1502 3388 ε’ττὶ

138 3441 261 3560 ffiosffl
305 3434 378 3511 τοῖς
406 3431 632 3529 κεκλημένοις
658 3464 696 3510 τε
725 3433 783 3510 καὶ
812 3433 1136 3531 ἀνασεσωσμενοις,
1160 3432 1496 3533 συνανακλιθήσου·
1519 3465 1560 3526 ²5

140 3546 201 3640 ιμ’
306 3583 365 3630 ται
393 3550 505 3631 πάλιν
532 3556 637 3662 αὐτῷ,
657 3552 747 3635 κατὰ
772 3555 837 3655 τὴν
864 3557 973 3635 αὐτοῦ
1000 3563 1064 3635 τοῦ
1093 3561 1261 3660 Σωτῆρος
1282 3554 1417 3662 φωνὴν,
1443 3558 1502 3635 καὶ

306 3673 519 3754 συνείσονται
552 3675 610 3755 διὰ
640 3678 785 3772 παντὸς,
812 3679 1071 3779 παρακειμένης
1101 3681 1219 3764 αι’ντοῖς
1249 3685 1312 3780 τῆς
1347 3679 1503 3783 οἱρῥήτου

278 3804 455 3905 στροφῆς,
473 3805 709 3898 πνευματικῆς
737 3804 850 3901 δῆλον
868 3800 923 3882 ’ὅτι
950 3805 1047 3888 θείας
1075 3839 1112 3884 τε
1138 3808 1196 3884 καὶ
1226 3803 1312 3907 ι’πέρ
1337 3813 1419 3884 νοῦν
1437 3802 1502 3882 τὸν

309 3921 487 4026 ἡμέτερον.
526 3921 637 4024 μόνον
669 3923 707 4003 δὲ
739 3925 817 4028 οὐχὶ
851 3933 1101 4026 κατασημᾶναι
1135 3926 1306 4023 βούλεται
1340 3923 1502 4030 Χριστὸς

206 4115 212 4129 .
256 4153 262 4166 .
306 4047 349 4127 τδ
366 4050 404 4127 ἐν
421 4051 586 4155 ψαλμοῖς
607 4046 786 4150 εἰρημένον
805 4048 859 4128 ὅτι
876 4059 897 4096 “
912 4048 1007 4135 Τοὺς
1026 4049 1184 4154 καρπούς
1202 4057 1273 4130 τῶν
1291 4049 1412 4131 πόνων
1431 4083 1502 4130 σου
1518 4083 1562 4141 30

346 4264 385 4303 ¹0.
405 4248 653 4321 καρποφορῆσαςΕ.
775 4268 816 4306 ιτ.
834 4251 989 4321 πεντήκοντα
1020 4260 1048 4318 †
1063 4255 1176 4308 τᾶλαντα
1189 4253 1221 4308 Ε.
1348 4269 1388 4324 ι3.
1408 4253 1503 4324 -λσγην

307 4319 402 4386 λεῖμμα
413 4321 518 4391 χάριτος
529 4337 584 4376 om.
597 4321 694 4392 (spatio
710 4338 741 4376 ιτ
753 4321 808 4376 fere
820 4323 872 4375 litt.
886 4323 987 4391 relicto)
1025 4363 1032 4378 .
1126 4341 1168 4379 τι.
1188 4326 1228 4380 καὶ
1241 4333 1410 4394 assumptum
1422 4341 1455 4378 ex
1470 4325 1502 4380 E.

308 4402 351 4474 τη.
370 4391 449 4441 Δεῦτε
461 4390 619 4459 ἀριστήσατε
631 4409 685 4445 om.
699 4392 796 4462 (spatio
812 4408 844 4463 ιη
857 4393 911 4447 fere
923 4394 973 4448 litt.
986 4394 1089 4464 relicto)
1104 4394 1135 4449 E.
1285 4410 1329 4462 25.
1348 4397 1503 4449 συναυακλι·

307 4458 414 4524 θησεται
428 4457 460 4511 Ε.
591 4460 632 4516 26.
651 4461 697 4530 τὴν
708 4464 776 4534 αὐτῷ
791 4463 823 4517 Ε.
960 4477 1002 4534 27.
1021 4465 1216 4534 παρακειμένοις
1229 4465 1260 4520 Ε.
1395 4465 1438 4520 28.
1456 4465 1504 4521 τὸν

307 4523 366 4581 καθ’
379 4525 467 4598 ἕτερον
481 4527 512 4582 Ε.
644 4548 689 4602 30.
705 4553 750 4604 γρ.
762 4530 902 4606 ψαλτηρίφ
916 4532 977 4604 (εἱς)
990 4533 1011 4588 F
1023 4551 1078 4606 mg.
