3284 5130
322 319 385 384 130
624 321 664 386 Β.
687 319 893 386 CYRILLI
923 318 1215 385 ALEXANDR.
1401 332 1518 382 xx.21.

271 575 306 617 ²1
323 562 381 630 Καί
404 557 494 630 εἶπεν
513 561 623 631 αὐτοῖο
646 565 743 632 πάλιν
765 563 885 656 Εἰριίνιι
910 562 993 643 ὑμῖν·
1030 565 1140 631 καθὼς
1164 563 1338 630 ἀπέστειλέ
1361 585 1401 639 με
1418 562 1436 627 ὁ
1456 560 1517 650 ζῶν

629 691 743 782 Πστιίρ
772 691 862 767 κάτώ
889 691 1087 757 ἀποστέλλω
1112 693 1206 767 ὑμᾶς.

376 861 651 966 Κεχειροτόνηκε
678 860 742 962 μέν
766 866 803 943 ἐν
828 863 965 949 τούτοις
993 866 1013 943 5
1041 864 1174 968 Κιίριος
1201 863 1302 962 ἡμῶν
1324 860 1467 960 Ἰησοῦς
1495 860 1516 937 5

319 983 482 1088 Χριστός
500 984 582 1071 τοιίς
607 991 670 1086 τῆς
695 988 899 1088 οἰκουμένης
921 988 1126 1090 καθηγηταῖς
1144 1021 1183 1067 τε
1200 988 1258 1069 καί
1276 983 1516 1066 διδασκάλους

150 1129 308 1187 loma
320 1111 378 1188 καὶ
396 1115 467 1190 τῶν
486 1111 588 1190 θείων
606 1112 714 1191 αὐτοῦ
738 1112 946 1214 μυστηρίων
963 1109 1176 1212 οἰκονόμους,
1196 1109 1257 1196 οὓς
1280 1114 1338 1191 καί
1362 1104 1514 1217 φαστῆ
1530 1135 1550 1197 5

316 1266 392 1335 ρων
411 1235 511 1336 δίκην
528 1233 745 1342 ἀναλάμψαι
772 1269 811 1316 τε
838 1236 906 1337 ἤδη
934 1239 992 1316 καί
1020 1233 1246 1340 καταυγάσαι
1274 1232 1408 1315 κελεύει
1435 1233 1515 1335 οιίχί

315 1356 429 1457 μόνην
447 1364 520 1437 τῶν
536 1358 716 1438 Ἰουδαίων
734 1357 800 1459 τὴν
818 1360 951 1464 χώραν,
970 1357 1121 1441 κατὰτὸ
1139 1359 1269 1463 μέτρον
1287 1361 1351 1457 τῆς
1369 1360 1515 1455 νομικῆς

148 1483 258 1614 Q&
315 1482 462 1582 ἐντολῆς
489 1483 681 1582 διηκοάσης
699 1493 720 1530 “
734 1482 806 1564 ἀπὸ
826 1482 909 1564 Δάν
931 1486 989 1564 καί
1016 1484 1081 1569 ἕως
1110 1481 1332 1587 Βηρσαβεὲ,”
1353 1479 1443 1561 κατὰ
1470 1479 1513 1559 τὸ

147 1616 252 1668 θλῑῑῑλῑ·
314 1606 572 1710 γεγραμμένον,
592 1613 737 1705 μᾶλλον
765 1607 803 1688 δέ
830 1606 896 1707 τῆν
921 1610 980 1713 ὑφ’
1002 1609 1092 1716 ἡλίῳ
1119 1608 1322 1705 σύμπασαν
1346 1608 1405 1687 καί
1432 1603 1514 1689 τοὺς

314 1729 524 1835 πανταχόσε
552 1731 865 1834 κατεσπαρμένους
892 1737 950 1813 καί
978 1729 1237 1841 κατῳκηκότας.
1285 1727 1422 1831 ἀληθῆς
1449 1730 1513 1808 οὖν
1529 1767 1567 1808 ιο

146 1865 270 1932 Ηοίινι·
314 1850 385 1954 ἀρα
413 1851 532 1956 λέγων
561 1855 581 1932 5
611 1859 770 1952 Παῦλος,
799 1859 847 1938 ὡς
877 1866 898 1903 “
912 1857 979 1960 οὐχ
1008 1856 1120 1963 ἑαυτῷ
1151 1890 1205 1941 τις
1236 1853 1415 1956 λαμβάνει
1447 1853 1513 1954 τὴν

314 1986 336 2022 “
354 1975 469 2077 τιμῆν,
487 1979 572 2056 ἀλλ’
593 1979 613 2057 5
640 1979 857 2079 καλούμενος
884 1978 984 2081 παρὰ
1010 1989 1075 2060 τοῦ
1104 1979 1234 2060 Θεοῦ.”
1263 1979 1411 2078 κέκληκε
1440 1976 1512 2081 γὰρ

312 2103 361 2184 εἰς
397 2101 666 2203 εὐκλεεστάτην·
693 2103 904 2202 ἀποστολὴν
941 2105 961 2183 5
1001 2105 1134 2207 Κύριος
1170 2105 1272 2204 ἡμῶν
1307 2105 1450 2204 Ἰησοῦς
1491 2104 1511 2182 5

278 2223 472 2327 δΧριστδς
489 2223 561 2330 πρὸ
580 2233 653 2306 τῶν
671 2227 799 2306 ἀλλων
818 2224 987 2307 ἀπάντων
1005 2227 1087 2312 τοὺς
1112 2229 1238 2309 ἑαυτοῦ
1260 2226 1432 2328 μαθητάς,
1453 2228 1511 2305 καὶ

310 2353 501 2457 μονονουχὶ
532 2351 721 2453 σειομένην
748 2355 806 2433 καί
838 2353 1043 2440 πίπτουσαν
1072 2352 1162 2453 όλην
1190 2351 1300 2459 ἔπηξε
1329 2351 1396 2451 τὴν
1423 2356 1506 2453 γῆν,
1527 2379 1563 2440 15

143 2485 265 2601 ξίιιξίςι·
310 2473 498 2582 ἀναδείξας
516 2479 565 2561 ὡς
583 2474 674 2560 Θεὸς
693 2475 739 2556 τά
757 2478 1059 2578 ὑποστηρίγματα
1081 2478 1189 2576 αὐτῆς
1216 2479 1274 2557 καί
1298 2475 1380 2560 τοὺς
1403 2479 1506 2556 ἀντε-

162 2589 168 2603 ’
213 2589 220 2602 ’
307 2601 434 2701 ρείδειν
454 2598 656 2706 ἰσχύοντας.
694 2599 876 2704 τοιγάρτοι
895 2604 953 2681 καί
970 2600 1040 2706 ἔφη
1060 2601 1119 2682 διά
1137 2605 1198 2702 τῆς
1216 2609 1281 2682 τοῦ
1296 2597 1510 2707 ψάλλοντος

142 2736 264 2788 mxxiv.
309 2726 432 2828 φωνῆς
469 2725 554 2826 περί
587 2759 624 2804 τε
659 2729 722 2823 τῆς
758 2730 825 2828 γῆς
862 2728 920 2804 καί
955 2732 1028 2805 τῶν
1062 2723 1282 2806 ἀποστόλων
1313 2723 1368 2805 ότι
1398 2734 1420 2771 “
1437 2723 1508 2826 ἐγὼ

142 2821 230 2966 ἔργω,
309 2855 332 2892 “
349 2846 551 2949 ἐστερέωσα
578 2846 660 2932 τοὺς
688 2847 847 2932 στόλους
875 2849 1017 2948 αὐτῆς·”
1047 2849 1178 2930 στύλοι
1204 2849 1277 2953 γάρ
1301 2846 1427 2951 ὥσπερ
1450 2855 1507 2929 καί
1557 2867 1559 2872 “

141 2967 176 3002 ¹¹¹‘
192 2965 230 3016 ¹⁵⁴
309 2969 489 3072 ἑδραίωμα
514 2974 578 3070 τῆς
606 2973 775 3070 ἀληθείας
803 2977 837 3050 οἰ
865 2970 1031 3076 μακάριοι
1058 2971 1233 3075 γεγόνασι
1261 2974 1427 3073 μαθηταὶ,
1447 2972 1508 3057 οὓς
1523 3006 1562 3047 ²0

308 3092 353 3193 δὴ
378 3098 437 3174 καὶ
462 3096 680 3176 ἀποστεῖλαί
701 3104 828 3201 φησιν,
846 3094 971 3200 ὥσπερ
993 3097 1100 3177 αὐτὸν
1118 3097 1352 3179 ἀπίστειλενιί
1374 3095 1503 3204 Πατῆρ,

279 3219 399 3319 οόμοῦ
416 3216 481 3320 μέν
498 3224 562 3320 τῆς
580 3223 792 3318 ἀποστολῆς
814 3218 856 3299 τὸ
881 3219 1023 3326 ἀξίωμα
1048 3221 1197 3318 δεικνὺς,
1219 3224 1277 3301 καί
1301 3225 1365 3320 τῆς
1390 3222 1503 3302 δοθεί-

307 3376 377 3444 σης
395 3344 514 3429 αὐτοῖς
532 3343 698 3452 ἔξουσίας
719 3343 786 3444 τῆν
804 3344 1024 3446 ἀσύγκριτον
1043 3343 1165 3452 δόξαν·
1195 3349 1233 3425 έν
1250 3347 1368 3453 ταίπῷ
1393 3345 1431 3427 δί
1458 3350 1505 3431 ὡς

305 3467 396 3553 εἰκός
423 3473 482 3551 καί
509 3475 582 3549 τῶν
609 3471 864 3549 ἀποστολικῶν
891 3470 1177 3568 ἐπιτηδευμάτων
1204 3473 1412 3580 ὑποφαίνων
1439 3470 1505 3572 τὴν

305 3594 401 3675 ὁδόν.
456 3599 484 3674 εἰ
521 3594 592 3696 γὰρ
632 3596 743 3677 οὕτως
778 3592 1021 3674 ἀποστέλλειν
1052 3591 1140 3700 ᾤετο
1177 3599 1249 3675 δεῖν
1279 3593 1386 3678 αὐτὸς
1423 3593 1505 3680 τοιίς
1520 3633 1559 3694 ²5

305 3719 450 3803 οἰκείους
472 3716 646 3819 μαθητάς,
665 3715 789 3820 ὥσπερ
816 3717 878 3797 οὖν
902 3715 1011 3798 αὐτόν
1029 3719 1229 3800 ἀπίστειλεν
1249 3727 1263 3798 ἰ
1284 3716 1409 3826 Πατῆρ,
1427 3727 1505 3804 πῶς

304 3845 368 3924 οὐκ
396 3844 591 3945 ἀναγκαῖον
615 3846 699 3923 ἰδεῖν
723 3841 816 3939 τοὺς,
835 3842 872 3922 οἵ
896 3876 938 3944 γε
966 3848 1039 3922 τῶν
1064 3841 1155 3922 ’ίσων
1176 3843 1332 3942 ἔμελλον
1354 3843 1504 3923 ε”σεσθαι

302 3971 462 4070 μιμηταὶ,
498 3969 537 4048 τί
577 3965 621 4068 δὴ
667 3970 725 4046 καί
772 3966 955 4072 δράσοντα
997 3965 1061 4046 τὸν
1098 3965 1188 4047 Υἰὸν
1228 3966 1441 4047 ἀπέστειλεν
1483 3969 1504 4047 5

305 4092 461 4197 Πατήνι

361 4219 504 4299 Οὐκοῦν
522 4220 586 4315 τῆς
614 4216 703 4301 ἰδίας
731 4219 942 4315 ἀποστολῆς
970 4213 1033 4295 τὸν
1056 4213 1190 4316 τρόπον
1212 4213 1393 4319 διαφόρως
1420 4215 1504 4315 ἡμῖν
1519 4247 1558 4305 30

132 4341 259 4474 ,Ἠῶ
303 4345 549 4453 ἐξηγούμενος,
577 4338 665 4422 ποτέ
692 4339 757 4438 μέν
784 4341 944 4448 ε”φασκεν
972 4349 994 4386 “
1009 4341 1089 4419 Οὐκ
1120 4335 1235 4437 ἦλθον
1263 4338 1417 4419 καλέσαι
1451 4342 1503 4419 δι-

482 4577 524 4636 ¹5·
541 4563 639 4634 ἔπηξαν
651 4561 684 4620 Ε.
1111 4559 1154 4614 28.
1171 4559 1280 4630 μιμητὰς
1294 4558 1326 4614 Ε.
