3280 5142
289 330 332 394 78
585 329 624 394 B.
649 327 863 394 CYRILLI
894 325 1185 393 ALEXANDR.
1358 322 1490 405 xix.15.

344 490 529 595 Ἐπιτήρει
547 493 585 575 δὲ
601 493 715 575 πάλιν
732 494 771 575 ἐν
787 492 926 577 τούτοις
950 502 1016 574 τοῦ
1040 493 1284 598 συγγραφέως
1301 488 1368 589 τήν
1384 486 1487 590 ἀκρί-

289 623 402 712 βειαν.
454 618 496 697 οῦ
525 616 598 722 γάρ
628 616 693 698 τὸν
723 621 838 720 δῆμον
865 617 937 723 ἐφη
968 621 1032 717 τῆς
1065 619 1159 697 οὕτω
1192 611 1493 710 δυσσεβεστάτης

290 738 465 848 κατάρξαι
489 747 623 848 φωνῆς,
643 743 743 823 ἀλλά
767 741 881 824 πάλιν
899 741 1026 826 αῦτοῦς
1051 740 1133 827 τοῦς
1157 742 1324 844 ἡγεῖσθαι
1349 737 1491 844 λαχόν-

288 900 366 951 τας.
407 865 626 976 ἐκραύγασαν
644 865 727 971 γάρ,
747 870 874 975 φησὶν,
895 876 922 948 οἱ
941 871 1113 975 ἀρχιερεῖς,
1132 872 1320 970 πανταχοῦ
1339 861 1491 959 δεικνύς,

291 989 347 1071 ότι
371 999 445 1076 τοῖς
469 989 679 1094 ἡγουμένοις
704 995 995 1072 κατακολουθοῦν
1013 987 1055 1070 τὸ
1076 988 1232 1090 ι’πτήκοον
1250 990 1382 1093 ἠνέχθη
1400 985 1494 1069 κατά
1509 1006 1530 1068 5

258 1121 441 1224 Ιθπετροῖν,
471 1119 530 1196 καὶ
568 1121 617 1201 είς
653 1113 695 1196 τὸ
733 1119 797 1216 τῆς
832 1115 1013 1199 ἀπωλείας
1048 1115 1255 1194 κατόλισθε
1291 1110 1491 1218 βάραθρον.
1635 1159 1636 1170 ¹

291 1236 495 1320 εῦθύνονται
514 1239 633 1320 τοίνυν
651 1245 684 1320 οἱ
702 1242 884 1344 ἀρχιερεῖς,
903 1242 952 1324 ὡς
974 1239 1016 1320 οῦ
1037 1236 1149 1338 μόνον
1167 1237 1233 1324 τάς
1258 1240 1348 1321 ἰδίας
1372 1239 1491 1318 ἀπολ-
1625 1160 1632 1295 ἀ

290 1360 418 1448 λύντες
436 1364 572 1470 φυχάς,
589 1361 691 1444 ἀλλά
709 1367 767 1444 καὶ
788 1371 863 1448 τοῖς
890 1360 959 1443 ῦπά
984 1369 1087 1468 χεῖρα
1111 1368 1215 1446 λαοῖς
1239 1365 1302 1461 τῆς
1327 1359 1495 1464 ὀλεθρίου

289 1490 494 1596 μιαιφονίας
532 1490 634 1569 αὐτοὶ
669 1486 855 1592 γεγονότες
892 1485 1062 1590 ἡγεμόνες
1098 1490 1158 1568 καὶ
1199 1488 1398 1592 στρατηγοὶ
1433 1488 1495 1566 καὶ

290 1615 483 1716 παραίτιοι,
502 1612 663 1716 καθάπερ
681 1611 806 1712 ἀμέλει
824 1614 882 1693 καὶ
904 1614 925 1692 ὁ
949 1610 1140 1717 προφήτης
1159 1610 1285 1696 αὐτοῦς
1303 1617 1495 1716 κατῃτιᾶτο
1512 1632 1559 1674 ¹0

291 1743 390 1832 βοῦν
418 1735 542 1817 “”Οτι
569 1743 678 1838 παγίς
708 1734 897 1839 ἐγενήθητε
928 1742 974 1842 τῇ
1008 1745 1157 1844 σκοπιᾷ,
1187 1739 1246 1817 καὶ
1276 1739 1324 1821 ὡς
1353 1735 1495 1815 δίκτυον

175 1842 181 1856 ’
292 1871 314 1910 “
332 1861 559 1960 ἐκτεταμένον
585 1863 642 1942 ἐπὶ
666 1857 708 1941 τῦ
735 1859 929 1964 ῖταβύριον,
955 1858 975 1941 ὃ
1001 1865 1035 1941 οἱ
1059 1859 1269 1964 ἀγρεύοντες
1292 1859 1359 1960 τὴν
1380 1858 1496 1960 θήραν

293 1995 315 2032 “
334 1983 573 2091 κατέπηξαν.”
609 1982 767 2065 σκοπιάν
795 1983 866 2087 γάρ
893 1986 931 2064 ἐν
958 1985 1096 2071 τούτοις
1127 1988 1306 2066 ἀποκαλεῖ
1330 1982 1396 2085 τήν
1421 1989 1496 2062 τῶν

294 2106 364 2190 {arb
392 2117 493 2214 χεῖρα
520 2107 677 2209 πληθῦν,
699 2107 919 2211 τεταγμένην
946 2108 1070 2212 ὥσπερ
1097 2108 1163 2210 τὴν
1190 2116 1263 2190 τῶν
1291 2108 1497 2210 ἡγουμένων

296 2232 610 2314 κατασκέτττεσθαι
628 2234 824 2332 πολιτείαν,
846 2232 1076 2314 διαπλάττειν
1094 2232 1133 2314 δέ
1151 2236 1244 2315 οὕτω
1262 2233 1327 2334 τὴν
1344 2235 1490 2314 ἑαυτῶν.
1515 2261 1559 2322 15

124 2361 429 2441 1056Δ.οσκοποὶ
456 2356 529 2462 γάρ
557 2357 616 2437 διά
646 2367 753 2439 τοῦτο
783 2357 883 2462 παρά
916 2365 989 2443 τοῖς
1019 2359 1133 2460 ἁγίοις
1161 2359 1350 2459 κέκληνται
1379 2356 1497 2460 γράμ-

296 2516 411 2583 μασιν
436 2487 469 2563 οἱ
497 2489 598 2562 λαῶν
619 2481 908 2588 προτεταγμένοι.
946 2484 1056 2585 παγίς
1084 2483 1147 2561 οὖν
1171 2483 1242 2586 ἀρα
1269 2485 1328 2562 καὶ
1356 2481 1498 2562 δίκτυον

292 2615 338 2711 τῇ
366 2612 503 2713 σκοπιᾷ
530 2606 727 2709 γεγόνασιν
757 2616 784 2686 οἱ
813 2611 974 2716 ἀρχιερεῖς
1004 2606 1104 2686 αὐτοὶ
1132 2609 1189 2686 καὶ
1219 2611 1283 2707 τῆς
1313 2605 1497 2710 ἀρνήσεως

293 2730 498 2838 ἀρξάμενοι,
518 2733 576 2811 καὶ
596 2729 679 2815 τοῦς
697 2731 834 2814 ἀλλους
853 2726 1013 2815 ἅπαντας
1031 2733 1360 2816 συναναπείσαντες
1378 2731 1497 2833 λέγειν

294 2861 371 2936 Οῦκ
405 2856 524 2960 ἔχομεν
557 2854 716 2950 βασιλέα
749 2862 776 2935 εί
808 2851 856 2959 μή
889 2857 1062 2961 Καίσαρα.
1113 2862 1279 2951 τολμῶσι
1316 2853 1354 2936 δέ
1391 2864 1497 2935 τοῦτο
1515 2891 1562 2931 20

294 2979 413 3080 λέγειν
434 2982 468 3058 οἱ
496 2979 656 3076 δείλαιοι,
675 2978 788 3059 καίτοι
816 2985 880 3058 τοῦ
906 2982 1001 3058 θεοῦ
1029 2981 1087 3059 καὶ
1113 2955 1260 3082 Harpa}
1287 2979 1346 3059 διὰ
1374 2985 1498 3086 φωνῆς

295 3109 359 3182 τοῦ
383 3101 572 3209 προφήτου
597 3101 663 3203 τὴν
686 3111 750 3183 τοῦ
777 3105 945 3205 Σωτῆρος
970 3104 1088 3188 αὐτοῖς
1110 3104 1498 3207 προκαταγγέλλοντος

295 3229 433 3338 ἀφιξιν,
461 3231 553 3311 οὕτω
583 3265 622 3310 τε
651 3237 810 3326 βοῶντος
838 3241 860 3278 “
874 3235 988 3335 Χαῖρε
1021 3230 1171 3336 σφόδρα
1200 3230 1355 3332 θύγατερ
1385 3227 1495 3326 Σιὼν,

295 3365 317 3402 “
336 3353 484 3457 κήρυττε
504 3355 659 3459 θύγατερ
678 3351 932 3457 Ἰερουσαλήμ·
963 3352 1038 3434 ἰδοῦ
1058 3355 1077 3434 ὁ
1100 3353 1275 3448 βασιλεύς
1299 3389 1370 3435 σου
1394 3354 1493 3458 ε”ρχε-

260 3479 398 3559 1)“ταί
422 3513 484 3559 σοι
511 3481 643 3564 δίκαιος
668 3482 726 3560 καὶ
751 3476 889 3580 σώζων,
912 3476 1019 3562 αῦτῦς
1046 3476 1162 3582 πραῢς
1190 3482 1249 3558 καὶ
1276 3477 1497 3578 ἐπιβεβηκὼς
1515 3517 1532 3556 2
1539 3513 1562 3574 5

297 3613 318 3650 “
337 3605 393 3683 ἐπὶ
411 3602 601 3706 ’ωτοζύγιον
620 3608 678 3684 καί
695 3609 823 3684 πῶλον
841 3601 955 3683 νέον.”
987 3607 1020 3683 οἱ
1043 3601 1080 3684 δέ
1103 3604 1216 3684 καίτοι
1234 3609 1285 3710 τῷ
1302 3604 1417 3711 πόλῳ
1435 3605 1498 3701 τῆς

297 3725 382 3807 ὄνου
404 3723 467 3806 τὸν
485 3729 631 3827 Ἰησοῦν
649 3728 889 3832 ἐποχούμενον
908 3725 1153 3830 ἀνενεγκόντες
1178 3734 1225 3812 είς
1243 3726 1495 3828 Ἱεροσόλυμα,

296 3851 458 3950 πανδημί
473 3885 511 3930 τε
531 3852 668 3950 νηπίοις
687 3853 776 3951 ὁμοῦ
795 3857 872 3936 ταῖς
892 3852 980 3954 ὑπὲρ
999 3851 1189 3955 ἄνθρωπον
1206 3852 1500 3957 καταστέψαντες

126 3985 249 4118 ξὲφθῑ·
296 3977 495 4084 εὐφημίαις,
514 3974 678 4081 ἔφασκον
697 3975 768 4079 γάρ
788 3987 809 4024 “
824 3977 1079 4078 Εὐλογημένος
1106 3977 1126 4056 ὁ
1149 3975 1339 4081 ἐρχόμενος
1356 3978 1394 4055 ἐν
1414 3975 1496 4055 ἀνό-

205 4089 211 4102 ·
295 4113 317 4149 “
336 4135 423 4199 ματι
453 4097 618 4203 Κυρίοο,”
641 4106 851 4196 καταβοῶσι
879 4103 966 4199 νυνὶ,
991 4098 1106 4201 μόνην
1129 4097 1408 4207 ἐπιγραφόμενοι
1435 4099 1501 4200 τὴν
1516 4133 1566 4192 3ο

294 4226 485 4326 Ῥωμαίων
512 4222 637 4330 ἀρχὴν,
668 4227 727 4304 καὶ
755 4229 819 4324 τῆς
850 4225 919 4306 ύπὸ
948 4231 1033 4333 Θεῷ
1061 4227 1253 4318 βασιλείας
1285 4223 1348 4306 τὸν
1375 4231 1502 4306 οἰκεῖον

335 4510 376 4548 11.
395 4494 546 4581 ε’γενγήθητε
558 4494 591 4550 Ε.
697 4511 739 4576 123
760 4494 945 4568 ἐκτεταμμένον
957 4496 990 4552 E.
1044 4496 1174 4570 ι’ταιιύριον
1186 4497 1219 4553 Ε.
1327 4497 1372 4553 28.
1390 4497 1505 4567 πονδημί

298 4565 330 4619 Ε.
343 4565 461 4636 πανδημη
474 4566 547 4621 Aub.
559 4566 687 4636 πανδημεί
700 4565 804 4638 Mlgne.
