3280 5142
307 329 351 392 54
611 329 649 395 Β.
674 331 885 397 CYRILLI
914 332 1205 398 ALEXANDR.
1350 331 1437 396 xviii.
1451 331 1504 416 36.

308 491 396 572 εἶναι
413 493 581 595 λέγοντες
602 494 644 576 τὸ
669 494 790 577 κακόν.
833 497 1106 579 ὑπεπλοίττοντο
1128 496 1199 600 γὰρ
1222 497 1353 575 εὐνοεῖν
1370 493 1506 575 ἐθέλειν

308 618 402 696 οὕτω
439 619 637 717 Ῥωμαίοις,
676 623 724 704 ὡς
765 619 935 719 μηδόλως
979 620 1170 726 ἀνέχεσθαι
1213 617 1280 700 κάν
1316 626 1405 720 γοῦν
1446 617 1506 697 διὰ

309 740 476 842 γλῶττης
493 741 586 847 ἐχειν
605 741 647 821 τὸ
666 746 728 842 τῆς
747 742 987 826 ἀποστάσεως
1005 741 1130 842 ὄνομα.
1170 741 1300 841 ταύτης
1323 741 1386 820 οὖν
1403 741 1505 820 ἕνεκα

276 867 372 963 οτής
402 865 514 948 αἰτίας
542 867 833 970 προσαγήοχέναι
867 899 904 945 τε
937 870 1033 974 φασὶ
1064 870 1122 945 καὶ
1153 867 1253 948 δίκας
1281 865 1504 945 ἀποτίνοντα

307 995 548 1091 παρενεγκεῖν.
601 991 894 1091 ἀπολογούμενος
925 990 963 1070 δέ
993 990 1084 1093 πρὸς
1117 997 1229 1070 ταῦτα
1256 986 1428 1091 Χριστὸς,
1460 986 1537 1081 τὸ5
1634 1041 1635 1062 ι

305 1110 371 1210 μέν
407 1108 495 1192 εἶναι
532 1110 708 1208 βασιλεὺς
745 1114 809 1192 οὐκ
848 1111 1046 1215 ἠρνήσατο·
1095 1114 1214 1216 λέγειν
1248 1111 1318 1215 γὰρ
1356 1112 1424 1191 ἔδει
1459 1109 1503 1190 τὸ

306 1235 451 1335 ἀληθές·
494 1234 549 1316 ὅτι
577 1234 615 1316 δέ
642 1239 705 1335 τῆς
734 1243 798 1315 τοῦ
826 1237 1013 1339 Καίσαρος
1040 1238 1231 1331 βασιλείας
1260 1237 1302 1315 οὐ
1331 1235 1503 1334 πολέμιος

305 1355 351 1456 ἦν
378 1356 568 1464 ἀπελεγχει
597 1364 740 1464 σαφῶς,
765 1358 830 1438 οὐκ
858 1359 1012 1460 ἐπίγειον
1040 1360 1155 1439 οὖσαν
1182 1357 1248 1458 τὴν
1275 1360 1401 1438 ἐαυτοῦ
1427 1393 1500 1458 οη·

304 1484 441 1581 μαίνων
479 1482 606 1587 ἀρχὴν,
644 1483 727 1561 ἀλλ’
767 1482 919 1584 οὐρανοῦ
958 1517 996 1563 τε
1039 1487 1098 1564 καὶ
1135 1487 1203 1586 γῆς
1244 1486 1302 1562 καὶ
1338 1488 1411 1562 τῶν
1450 1483 1503 1563 ἐτι

305 1604 470 1710 μειζάνων
495 1610 703 1709 θεοπρεπῶς
730 1604 967 1712 ἐξάρχουσαν.
1517 1647 1558 1688 10

361 1731 428 1814 Τίς
456 1730 519 1809 οὖν
545 1729 616 1832 ἀρα
644 1726 774 1809 λοιπὸν
802 1729 824 1828 ἡ
853 1729 1043 1838 ἀπόδειξις,
1071 1734 1131 1810 καὶ
1156 1728 1268 1812 πόθεν
1294 1731 1317 1830 ἡ
1349 1734 1413 1830 τῆς
1443 1733 1502 1811 ἐπὶ

305 1853 444 1939 τούτοις
476 1854 636 1959 ὑποψίας
668 1852 874 1955 ἀναίρεσις;
917 1851 959 1934 τὸ
995 1853 1047 1954 μὴ
1084 1851 1296 1961 δορυφόροις
1331 1863 1407 1935 τισὶ
1443 1859 1501 1935 καὶ

271 1983 577 2079 δπροασπισταῖς
596 1979 867 2080 ἀποκεχρῆσθαι
885 1977 1040 2076 πώποτε,
1059 1979 1173 2081 ἤγουν
1191 1979 1285 2062 ὅλως
1310 1979 1402 2082 ἔχειν
1419 1977 1502 2064 τοὺς

305 2097 586 2202 ἀνθοπλίζεσθαι
611 2104 684 2179 δεῖν
708 2101 907 2199 ἑλομένους,
926 2104 985 2181 καὶ
1012 2103 1081 2207 οὐχ
1108 2101 1204 2188 ὅπως
1232 2101 1276 2182 ἂν
1298 2105 1362 2200 τῆς
1385 2110 1497 2197 βασι-

303 2225 403 2307 λείας
430 2221 481 2324 μή
509 2223 689 2304 ἀποπέσοι
715 2223 837 2322 μόνον,
855 2223 957 2304 ἀλλά
981 2225 1053 2329 γάρ
1078 2224 1155 2306 οὐδ’
1175 2227 1232 2306 ἵνα
1258 2224 1412 2334 διαδρφη
1438 2225 1501 2306 τὸν
1518 2259 1555 2315 15

303 2347 549 2450 ἐπαρτηθέντα
581 2347 745 2427 κίνδυνον
773 2348 871 2455 αὐτῷ
902 2351 961 2428 καὶ
997 2358 1103 2429 τοῦτο
1136 2347 1195 2428 διὰ
1226 2353 1289 2450 τῆς
1320 2350 1502 2430 Ἰουδαίων

302 2469 421 2575 χειρὸς
448 2469 776 2576 ἐπιῤῥιπτοιίμευον·
806 2470 892 2571 μήτι
916 2506 958 2574 γε
982 2476 1040 2553 καὶ
1065 2475 1174 2554 αὑτοῦ
1199 2482 1263 2554 τοῦ
1287 2483 1501 2577 κρατοῦντος

302 2597 496 2695 Ἰουδαίων,
515 2597 690 2691 τουτείττι,
707 2602 772 2674 τοῦ
795 2595 991 2699 Καίσαρος.
1029 2598 1228 2699 λελυμένης
1256 2599 1318 2679 οὖν
1340 2598 1411 2701 ἀρα
1437 2601 1501 2698 τῆς

302 2725 350 2802 εἰς
382 2727 490 2799 τοῦτο
519 2723 700 2817 καταβοῆς
731 2717 789 2798 διὰ
822 2724 886 2820 τῆς
918 2723 1030 2806 οὕτως
1062 2723 1233 2824 ἐναργοῦς
1270 2721 1499 2828 ἀποδείξεως,

302 2841 586 2948 ἀπροφάσιστον
622 2842 691 2942 ἤδη
730 2841 882 2951 Πιλάτιρ
922 2842 965 2925 τὸ
1007 2843 1099 2924 κατὰ
1135 2851 1301 2948 Χριστοῦ
1339 2847 1501 2952 φαίνεται
1515 2880 1555 2921 20

304 2965 452 3066 θράσος.
490 2963 631 3048 οὐδενὸς
656 2963 727 3068 γάρ
751 2966 1068 3071 ἐπαναγκάζοντος,
1086 2969 1199 3072 ἤγουν
1221 2969 1266 3077 ἐξ
1288 2967 1501 3053 ἀκολουθίας

304 3094 354 3171 είς
390 3095 496 3168 τοῦτο
533 3087 780 3188 καθέλκοντος,
819 3098 896 3175 ταῖς
933 3097 1006 3171 τῶν
1041 3092 1223 3173 Ἰουδαίων
1259 3094 1400 3193 ἡδοναῖς
1437 3097 1501 3192 τῆς

276 3212 432 3291 οὲαυτοῦ
459 3217 582 3320 φυχῆς
611 3210 790 3318 χαρίζεται
819 3212 885 3315 τήν
914 3215 1107 3315 ἀπώλειαν,
1137 3219 1195 3297 καὶ
1227 3215 1401 3321 μερίζεται
1429 3213 1502 3297 σὺν

305 3335 423 3419 αὐτοῖς
450 3339 514 3436 τῆς
542 3339 813 3440 χριστοκτουίας
840 3336 885 3417 τά
913 3339 1133 3441 ἐγκλήματα.
1171 3342 1316 3443 εἰρηκὼς
1344 3339 1501 3443 γεμὴνό

305 3457 467 3560 Χριστὸς
495 3457 735 3559 ὖπερκόσμιόν
762 3495 842 3541 τινα
870 3458 958 3541 εἶναι
985 3461 1051 3562 τὴν
1078 3465 1204 3544 ἑαυτοῦ
1231 3466 1434 3562 βασιλείαν,
1458 3466 1501 3544 οὐ
1516 3493 1553 3552 25

302 3581 414 3681 μόνον
435 3589 499 3661 τοῦ
525 3579 646 3688 φόβου
666 3585 830 3665 Πιλάτου
846 3584 1026 3692 ἐξίστησι,
1045 3593 1104 3667 καὶ
1131 3590 1297 3673 ὑπονοίας
1322 3593 1505 3692 ἐλευθεροῖ

302 3707 366 3802 τῆς
385 3701 476 3784 κατά
493 3702 559 3803 τὴν
577 3704 763 3809 ἀνταρσιυ,
782 3708 883 3787 ἀλλά
901 3743 935 3788 τι
954 3714 1013 3790 καὶ
1036 3711 1129 3812 μέγα
1152 3715 1234 3816 περὶ
1258 3717 1384 3793 ἑαυτοῦ
1410 3720 1503 3793 νοεῖν

302 3829 493 3924 ἀναπείθει,
522 3831 580 3908 καὶ
607 3827 810 3934 ἀπάρχεταί
833 3866 910 3917 πως
937 3832 997 3912 διὰ
1025 3839 1090 3934 τῆς
1118 3837 1319 3938 ἀπολογίας
1351 3840 1414 3936 τῆς
1443 3840 1499 3918 ἐπ’

303 3951 399 4058 αὐτῷ
427 3950 669 4056 κατηχήσεως.

693 4201 737 4258 25.
755 4211 811 4244 τινα
823 4186 888 4246 εἶναι
899 4190 951 4246 hoc
963 4191 1055 4248 ordine
1069 4193 1100 4248 E.
