3278 5130
121 345 169 410 iii.
186 367 258 433 1-3.
344 413 347 420 ,
371 346 426 412 ΙΝ
452 347 711 413 EPISTOLAM
737 346 801 410 AD
828 345 1079 410 HEBRAEOS.
1256 344 1319 406 401

1332 452 1478 519 [¹¹4M·l

1205 508 1216 537 λ

120 545 183 588 ται
195 544 207 608 ;
239 509 289 611 μὴ
306 513 386 618 οὑχὶ
407 513 452 614 δὴ
469 511 643 616 πρότερον
666 511 736 618 ἔξω
763 545 803 590 τε
831 509 1001 615 ὑπάρχων
1024 510 1132 589 αὑτοῦ
1160 541 1219 587 και
1246 506 1321 586 οἷον

119 635 400 742 ἆπῳκισμένος;

180 758 387 860 Εἱσβέβηκε
403 761 523 841 τοίνυν
540 766 588 845 είς
609 758 710 839 τόνδε
729 757 793 838 τὸν
812 756 951 858 κόσμον
969 760 989 837 ὁ
1015 761 1053 838 ἐκ
1071 763 1167 838 θεοῦ
1185 752 1318 856 Λόγος,

119 881 165 958 οὑ
192 889 348 966 τοπικῶς
376 883 413 963 δὲ
440 891 586 982 μᾶλλον
604 881 704 963 άλλά
726 890 888 987 φυσικῶς
909 882 967 962 ότε
997 883 1055 960 καὶ
1082 880 1187 964 αὐτὸς
1213 881 1320 983 με’ρος

83 1026 103 1085 5
120 1003 261 1109 πέφηνε
283 1016 347 1086 τοῦ
365 1007 506 1105 κόσμου
524 1009 805 1110 καταρτίσαντος
822 1007 919 1114 αὐτῷ
940 1004 982 1086 τὸ
1006 1013 1115 1102 σῶμα
1139 1014 1202 1086 τοῦ
1222 1011 1318 1085 Θεοῦ
1331 1009 1373 1136 ξ’·
1385 1007 1471 1058 ”¹¹¹-

122 1131 183 1206 καὶ
204 1128 361 1233 Πατρὸς,
380 1132 437 1210 ίνα
456 1133 514 1211 καὶ
533 1135 596 1230 τῆς
614 1129 783 1218 ἁπάντων
805 1130 895 1232 ζωῆς
912 1131 1156 1230 ἀντάλλαγμα
1175 1129 1319 1229 γε’νηται
1330 1139 1488 1254 iCiifiI¹SSff⁹f

121 1252 274 1338 τεθνειὸς
302 1257 411 1356 σαρκὶ
440 1255 532 1334 κατὰ
561 1252 625 1338 τὸις
654 1252 809 1361 γραφάς.
850 1252 975 1355 γε’γονε
1003 1252 1073 1356 γάρ
1093 1263 1115 1300 “
1128 1251 1187 1331 διὰ
1215 1261 1319 1331 τοῦτο
1332 1240 1487 1332 mdix-{52

123 1386 147 1422 “
165 1381 287 1475 καινῆς
306 1376 475 1479 διαθήκης
491 1380 640 1479 μεσίτης
658 1379 756 1463 ὅπως
774 1379 929 1460 θανάτου
950 1377 1140 1480 γενομένου
1159 1383 1206 1458 είς
1225 1378 1313 1455 ἀπο·

123 1511 146 1546 “
165 1499 348 1604 λύτρωσιν
377 1509 449 1581 τῶν
476 1506 533 1582 ε’πὶ
562 1509 607 1608 τῇ
639 1502 765 1608 πρώτῃ
793 1499 943 1607 διαθήκῃ
972 1500 1227 1603 παραβάσεων,
1255 1499 1320 1598 τὴν

66 1660 107 1700 ιο
122 1634 146 1672 “
164 1626 387 1727 ἐπαγγελίαν
405 1625 574 1721 λάβωσιν
592 1631 625 1705 οί
650 1625 856 1726 κεκλημένοι
883 1630 947 1724 τῆς
974 1625 1115 1706 αἰωνίου
1143 1637 1318 1724 κληρονο-

123 1759 146 1797 “
163 1750 281 1846 μίας.”
321 1748 528 1847 ὠνόμασται
546 1751 663 1829 τοίνυν
680 1748 852 1860 ἀρχιερεὺς
872 1757 931 1830 καὶ
951 1750 1145 1831 ἀπόστολος
1163 1747 1221 1840 τῆς
1241 1757 1320 1852 δμο-

122 1875 253 1974 λογίας
275 1872 373 1978 ἡμῶν,
393 1873 431 1950 εὑ
449 1871 551 1971 μάλα
575 1873 822 1971 πεποιημένος,
847 1871 1108 1974 προσκεκόμικε
1128 1877 1180 1980 τῷ
1200 1874 1320 1973 Πατρὶ

122 1993 288 2097 καθάπερ
313 1996 433 2094 ὀσμὴν
451 1998 595 2080 εὐωδίας
618 2000 854 2094 πνευματικῆς
883 1999 942 2075 καὶ
969 1998 1017 2080 ὡς
1045 1995 1113 2094 ἤδη
1141 2003 1315 2098 κεκαθαρ-

121 2120 263 2218 μίνονς,
283 2121 484 2222 προσίομεν
502 2119 574 2222 γὰρ
598 2120 763 2220 λε’γοντες
792 2124 856 2218 τῆς
882 2120 1038 2203 πίστεως
1062 2121 1162 2218 ἡμῶν
1180 2119 1222 2199 τὸ
1246 2117 1315 2214 μα’-

67 2248 235 2342 1αθημα.
276 2243 335 2324 ὅτε
353 2244 471 2323 τοίνυν
489 2247 554 2341 τῆς
572 2245 788 2348 ἀκραιφνοῦς
806 2243 963 2327 πίστεως
979 2242 1045 2341 τὴν
1065 2244 1262 2343 ὁμολογίαν
1280 2278 1318 2322 τε
1332 2271 1460 2350 &cidisse

123 2371 184 2446 καὶ
214 2366 409 2464 όμοοὺσιον
433 2364 573 2469 Τριάδα
601 2372 782 2465 ποιεῖσθαι
809 2366 1121 2469 προστετάγμεθα,
1149 2373 1225 2449 πῶς
1252 2368 1319 2470 οὑχ
1330 2336 1433 2466 {iffi

120 2488 264 2571 ἅπασιν
285 2490 430 2595 ε’ναργὲς
459 2491 525 2595 οὑχ
554 2492 601 2574 ὡς
629 2489 734 2597 ἑτέρῳ
758 2498 902 2588 μᾶλλον
925 2490 1037 2589 αὑτὴν
1065 2495 1239 2590 ίερονργεῖ
1261 2493 1319 2567 καὶ

124 2615 325 2720 προὺχοντί
350 2648 388 2694 τε
422 2617 480 2693 καὶ
509 2614 741 2724 ὑπερκειμένην
774 2614 865 2694 κατὰ
893 2613 960 2714 τὴν
989 2613 1113 2718 φύσιν,
1141 2615 1254 2720 ἑαυτῷ
1281 2611 1319 2690 δὲ

123 2745 274 2837 μᾶλλον
291 2737 382 2837 μετὰ
399 2747 462 2818 τοῦ
483 2736 628 2840 Πατρὸς
646 2741 704 2818 καὶ
722 2746 785 2818 τοῦ
803 2739 931 2839 Ἀγίου
952 2737 1171 2835 Πνεῦματος.
1226 2736 1320 2821 Θεὸς

66 2884 109 2924 20
125 2863 190 2942 οῦν
208 2863 279 2964 άρα
303 2865 362 2942 καί
387 2865 424 2940 ἐν
446 2863 555 2964 σαρκὶ
584 2860 740 2961 γεγονὼς
768 2863 871 2942 νοοῖτ’
892 2859 937 2940 ἂν
955 2859 1107 2943 είκότως·
1139 2859 1319 2940 δεδικαιά·

124 2994 220 3086 μεθα
239 2983 310 3088 γάρ
329 2988 589 3086 ὁμολογοῦντες
617 2983 671 3065 ίνιι
699 2987 756 3064 καὶ
785 2986 909 3087 γε’γονε
938 2983 1039 3091 σὸιρξ
1064 2988 1122 3064 καὶ
1150 2983 1319 3084 μεμένηκε

125 3109 250 3212 Λόγος
269 3115 327 3189 καὶ
345 3109 547 3208 πεπάτηκεν
561 3107 648 3211 ὑπὲρ
666 3110 766 3208 ἡμῶν
779 3117 843 3188 τοῦ
863 3108 1018 3188 θανάτου
1029 3105 1078 3207 τὸ
1096 3107 1234 3210 κράτος,
1249 3106 1319 3212 ζωὴ

125 3233 219 3314 κατὰ
238 3234 352 3338 φύσιν
372 3231 541 3337 ὑπάρχων
561 3235 608 3316 ὡς
627 3235 666 3312 ἐκ
684 3233 773 3335 ζωῆς
791 3239 855 3311 τοῦ
876 3230 1032 3333 Πατρός.

176 3356 266 3437 Ὅτι
298 3356 369 3461 γάρ
401 3359 480 3436 ε’στι
514 3354 607 3440 Θεὸς
639 3355 730 3435 κατὰ
763 3354 876 3460 φύσιν
908 3358 965 3435 καὶ
998 3353 1086 3440 Υἱὸς
1122 3358 1267 3456 άληθῶς
1298 3358 1318 3435 ό

65 3491 109 3552 ²5
123 3480 374 3581 Ἐμμανουὴλ,
396 3478 496 3560 οὑδέν
514 3480 622 3581 ἦττον
644 3479 737 3578 ἡμᾶς
764 3479 987 3560 πιστώσεται
1016 3480 1134 3580 λέγων
1157 3481 1177 3558 ό
1206 3481 1320 3574 μακά·

123 3638 203 3708 ριος
234 3610 382 3689 Παῦλος
412 3607 460 3687 ὡς
492 3603 617 3705 γε’γονε
650 3601 714 3699 μὲν
745 3607 942 3686 ἀπόστολος
974 3609 1033 3682 καὶ
1064 3601 1232 3708 ἀρχιερεὺς
1262 3603 1320 3696 τῆς

124 3730 316 3831 ὁμολογίας
345 3725 442 3833 ἡμῶν,
461 3725 591 3810 πιστὸς
618 3724 663 3825 δὴ
690 3723 780 3827 πρὸς
809 3725 922 3834 τοῦπερ
946 3733 993 3834 τῷ
1022 3729 1193 3820 ποιήσαντι
1223 3732 1319 3805 αὑτὸν

123 3849 221 3932 καθὰ
251 3859 310 3931 καὶ
341 3849 486 3944 Μωυσῆς
517 3852 547 3931 ἑν
575 3859 623 3957 τῷ
655 3851 733 3958 οίιιῳ
764 3852 873 3939 αὑτοῦ,
905 3852 1056 3934 πλείονος
1086 3848 1199 3951 γεμὴν
1227 3845 1382 3956 δόξηςιει.
1396 3893 1418 3940 ³·

122 3975 231 4060 αι’πὸς
253 3976 388 4083 ἧξίωται
415 3971 514 4076 παρὸν
540 3971 683 4064 Μανία,
712 3971 848 4053 καθόσον
871 3973 1013 4051 πλείονα
1041 3971 1137 4075 τιμῗιν
1165 3972 1235 4070 ἔχει
1263 3976 1320 4052 τοῦ

64 4136 105 4192 30
123 4103 214 4180 οίκιν
233 4108 247 4180 o‘
269 4094 541 4183 κατασκευάσας
559 4099 666 4177 αὐτόν.
705 4099 768 4176 καί
788 4128 849 4193 μοι
866 4094 979 4174 πάλιν
997 4098 1034 4172 ἐν
1052 4095 1332 4177 τοὺτοις’κατα··

122 4221 314 4324 θαυμάζειν
332 4221 447 4302 ἔπεισι
466 4218 529 4300 τὸν
546 4218 802 4322 μυσταγωγὸν,
822 4216 1005 4321 ὑποτρέχει
1023 4215 1094 4319 γὰρ
1113 4215 1319 4321 εὐμηχάνως

162 4452 188 4492 ο.
208 4435 305 4490 Statim
321 4453 419 4490 nomen
432 4435 565 4506 Καμίλλου
577 4435 672 4490 iterum
685 4453 831 4506 apponens,
845 4434 965 4490 scholion
982 4449 1082 4489 novum
1094 4433 1147 4487 inc.
1161 4451 1184 4488 c.
1198 4433 1243 4488 sol.
1258 4433 1319 4491 261.

123 4525 152 4578 3.
171 4505 311 4589 ’βιβέβηκε
325 4507 370 4562 Cr.
406 4577 413 4588 ·
528 4525 554 4574 4.
572 4511 682 4562 τοπικῶς
694 4506 841 4562 emendavi.
854 4509 964 4561 τυπικῶς
976 4503 1027 4560 Εδ.
1040 4503 1073 4558 de
1086 4521 1139 4576 quo
1151 4504 1217 4559 nihil
1230 4507 1320 4561 notavi

124 4577 243 4632 ςοδιοειιι
257 4577 394 4631 conserens
407 4594 471 4648 ιρις.

168 4677 241 4722 von.
258 4677 309 4720 111.
706 4677 724 4742 3
740 4676 759 4720 ι
