3278 5130
314 329 379 410 396
434 345 968 411 B.0YR1LL1ALEXANDR.
991 347 1274 413 FRAGMENTA
1340 346 1374 412 ii.
1392 360 1517 429 178qq.

145 455 295 571 [ΡΠΛΗ
347 507 355 532 u
488 511 533 539 ,ε
637 515 653 533 η
823 511 833 538 ι
957 510 968 537 ι
1013 510 1023 536 ι
1138 512 1148 540 ι
1261 512 1271 538 2
1345 509 1356 538 Ι
1501 506 1513 532 λ

170 539 189 572 ε·
199 523 276 573 ¹¹1³·
316 543 420 588 νοτον
443 543 501 588 και
537 513 655 612 Ινδικῃ
683 508 899 611 τερματιζων
927 545 994 610 την
1027 516 1195 593 Ιουδαιων
1223 521 1244 560 “
1275 510 1436 616 Εξετεινε
1467 542 1519 587 τα

149 600 187 636 η’
316 643 338 680 “
356 631 525 730 κλήματα
541 633 649 727 αὐτῆς
667 633 733 716 ἕως
750 630 944 734 θαλάσσης
963 637 1021 714 καὶ
1039 634 1103 720 ἕως
1121 639 1294 732 ποταμῶν
1312 631 1377 717 τὰς
1393 665 1515 732 παρα-

315 765 337 803 “
356 754 496 861 φυιίδας
527 754 670 854 αὐτῆς.”
714 756 1006 855 συνεσταλμένον
1035 757 1197 861 οὖνὸρα
1228 760 1288 836 καὶ
1319 761 1367 839 είς
1398 753 1517 852 μόλις

316 880 436 975 διῆκον
457 877 557 961 ἔθνος
584 879 627 958 τὸ
655 887 720 958 τοῦ
747 876 943 985 πανσόφου
966 881 1154 964 Μωυσέως
1181 883 1305 982 όρῦιται
1333 878 1517 980 κήρυγμα,

314 1003 519 1103 προσετίθει
543 1001 581 1080 δὲ
604 1003 932 1102 τοῖςκεκλημείιοις
953 1007 1017 1102 τῆς
1041 1003 1233 1086 εὐπειθείας
1260 999 1307 1082 τὰ
1335 1002 1424 1102 γε’ρα
1453 1003 1553 1082 καὶὸ

315 1128 379 1222 τῆς
406 1126 444 1204 ἐν
472 1123 569 1233 νόμερ
601 1123 691 1227 ζωῆς
725 1123 879 1222 ἀμοιβὰς
905 1125 952 1206 τῦι
978 1125 1184 1228 πρόσκαιρα
1211 1127 1269 1204 καὶ
1297 1121 1517 1222 εὐμόραντα·

315 1250 385 1346 γῆν
410 1247 453 1326 δέ
477 1256 569 1353 φημι
597 1247 663 1348 τὴν
685 1252 750 1347 τῆς
777 1249 995 1349 ἐπαγγελίας
1021 1247 1205 1351 ὀνομάζειν
1232 1250 1410 1350 πανταχῆ.
1452 1250 1519 1326 καὶ

315 1371 515 1450 δεδικαίωκε
545 1369 610 1472 μὲν
642 1372 662 1450 ὁ
699 1371 808 1469 νόμος
843 1370 976 1452 οὐδένα·
1015 1374 1209 1451 δικαιοῦται
1236 1369 1308 1472 γὰρ
1335 1372 1446 1452 οὐδεὶς
1476 1373 1519 1448 ἐν

146 1520 285 1585 τεηομ.
316 1490 413 1600 νόμῳ
444 1493 544 1597 παρὰ
573 1500 670 1575 θεοῦ
701 1495 763 1575 καί
789 1498 889 1575 ἐστιν
919 1505 941 1544 “
954 1496 1130 1576 αἰδύνατον
1159 1492 1247 1593 αἷμα
1279 1492 1421 1596 τράγων
1453 1495 1518 1571 καὶ

315 1625 338 1664 “
356 1617 496 1720 ταύρων
515 1619 680 1724 ἀφαιρεῖν
699 1620 906 1721 ἁμαρτίας·”
936 1621 957 1699 ὁ
976 1620 1020 1698 δέ
1038 1652 1079 1720 γε
1101 1616 1234 1720 Κύριος
1250 1618 1351 1716 ἡμιῦν
1369 1618 1518 1714 Ἰησοῦς
1534 1651 1573 1692 10

315 1741 336 1820 ὁ
355 1739 517 1842 Χριστὸς
536 1743 680 1848 ἐλεήμων
698 1742 822 1844 γε’γονε
843 1749 901 1824 ιιαλ
919 1742 1041 1829 πιστλς
1059 1740 1226 1848 ἀρχιερεὺς
1246 1748 1291 1827 είς
1310 1739 1346 1821 τλ
1366 1737 1519 1820 ι’λοίσιιε-

199 1901 252 1937 ver.
263 1887 302 1938 18.
315 1861 395 1944 σθαι
413 1862 478 1948 τας
497 1863 673 1970 ἁμαρτίας
699 1869 755 1946 τοῦ
774 1869 862 1946 λαοῦ
882 1877 942 1947 καί
962 1869 992 1946 ἐν
1010 1864 1036 1974 ᾧ
1052 1865 1185 1967 γε’γονεν
1203 1861 1304 1949 αὐτός
1320 1861 1517 1968 πειρασθείς

314 1985 512 2086 βεβοήθηκε
546 1993 613 2074 τοῖς
643 1988 899 2098 πειραζομένοις.
955 1990 1102 2088 κε’κληκε
1133 1986 1199 2086 μὲν
1231 1984 1303 2090 γὰρ
1335 1986 1419 2092 ἁγίᾳ
1451 1990 1516 2066 καὶ

315 2111 496 2218 ἐπουρανίῳ
521 2113 642 2205 κλήσει
660 2110 726 2211 τὴν
745 2111 966 2213 οἰκουμένην,
986 2113 1131 2217 ἐλεήμων
1155 2109 1194 2190 δὲ
1220 2108 1365 2212 γε’γονεν
1389 2117 1511 2216 ἀρχιε·

315 2231 393 2340 ρεῖις,
413 2234 468 2314 ὅτι
492 2233 542 2333 μὴ
565 2234 675 2332 νόμον
698 2233 859 2320 διάκονος
886 2234 930 2336 ἦν
954 2243 1019 2315 τοῦ
1047 2233 1329 2336 κατακρίναντος,
1350 2235 1510 2333 ἀμνησι-
1531 2257 1572 2318 ¹5

315 2355 413 2465 κοίκιρ
435 2357 472 2437 δὲ
497 2364 641 2455 μᾶλλον
660 2356 778 2461 χάριτι
804 2360 863 2438 καὶ
889 2357 1014 2464 ἀγάπη
1041 2357 1240 2438 δεδικαίωκε
1270 2354 1328 2436 διὰ
1353 2356 1514 2440 πίστεως

312 2484 373 2561 καὶ
394 2487 466 2561 τῶν
484 2480 641 2586 ἀρχαίων
660 2482 744 2580 ήμΐν
760 2479 998 2580 πταισμάτων
1016 2480 1210 2584 δεδώρηται
1236 2479 1302 2580 τὴν
1320 2476 1511 2584 ἀπόνιψιν.

311 2605 459 2710 ἐλεήμων
477 2602 548 2706 γὰρ
566 2602 616 2682 ὧν
632 2604 689 2682 ἀεί
709 2638 749 2684 τε
771 2607 829 2683 καὶ
848 2603 970 2710 φύσει,
990 2603 1141 2686 τίθειται
1163 2603 1312 2704 μεσίτης
1331 2603 1432 2701 ἡμῶν
1451 2606 1513 2682 καὶ

314 2731 409 2807 Θεοῦ
436 2724 495 2805 διὰ
519 2731 584 2826 τῆς
610 2726 913 2830 ε’νανθρωπήσεως
945 2728 965 2807 ὁ
992 2725 1203 2829 Μονογενὴς
1233 2727 1344 2805 αὐτοῦ
1372 2721 1510 2826 Λόγος,

313 2850 356 2929 ἵν’
377 2847 500 2952 ὥσπερ
528 2852 581 2930 ἀεὶ
609 2847 770 2954 χρηστός
797 2884 836 2930 τε
868 2853 926 2931 καὶ
957 2852 1103 2956 ἐλεήμων
1127 2848 1184 2950 ἦν,
1207 2851 1300 2930 οῦτω
1327 2846 1372 2948 δὴ
1397 2847 1514 2928 πᾶλιν
1530 2881 1572 2922 ιο

313 2971 480 3081 ἀρχιερεὺς
509 2971 795 3074 ἀναδεδειγμίνος
823 2975 1044 3079 κατοικτείρη
1071 2969 1153 3057 τοῦς
1181 2974 1239 3054 ἐπὶ
1266 2976 1330 3069 τῆς
1357 2973 1435 3071 γῆς,
1463 2968 1514 3051 τὰ

315 3095 408 3204 φίλα
434 3130 474 3175 τε
500 3097 597 3203 αὐτῷ
623 3099 680 3176 καί
708 3095 849 3197 συνήθη
874 3101 968 3200 δρῶν
986 3099 1044 3177 καὶ
1068 3103 1140 3176 τῶν
1159 3097 1256 3177 ίδίων
1274 3097 1338 3175 οὐκ
1359 3092 1508 3201 ἐξιστά-

313 3251 419 3315 μενος
443 3221 600 3320 ἀγαθῶν,
617 3219 702 3299 ἵλεω
729 3218 767 3298 δὲ
795 3223 854 3300 καὶ
881 3216 989 3299 αὐτὸν
1010 3219 1094 3318 ἡμῖν
1117 3217 1180 3298 τὸν
1198 3219 1237 3297 ίν
1255 3222 1327 3302 τοῖς
1350 3219 1512 3320 οὐρανοῖς

311 3339 483 3446 ἀποφήνῃ
508 3341 662 3443 Πατίρα.
699 3343 823 3444 γε’γονε
851 3343 889 3423 δὲ
918 3347 976 3423 καὶ
1005 3349 1129 3429 πιστλς
1156 3339 1248 3422 κατὰ
1272 3337 1417 3442 θέλημα
1444 3348 1511 3419 τοῦ

312 3468 410 3543 Θεοῦ
442 3467 501 3543 καὶ
534 3464 689 3567 Πατρός,
722 3465 846 3546 ἑαυτὸν
879 3465 966 3568 ὑπὲρ
998 3467 1098 3564 ήμῶν
1129 3472 1178 3550 είς
1211 3464 1333 3564 ὀσμὴῦ
1365 3465 1510 3548 εὐωδίας
1525 3487 1568 3548 ²5

310 3584 562 3689 προσαγαγιύν
594 3590 652 3667 καὶ
690 3586 753 3672 τὰς
791 3589 937 3669 πάντων
969 3589 1069 3687 ἡμῶν
1101 3588 1276 3691 ἁμαρτίας
1297 3583 1511 3688 ’ἀνενεγκὼν

146 3723 291 3853 :ihm
316 3722 338 3760 “
355 3714 393 3791 ἐν
424 3717 475 3818 τῷ
507 3711 651 3809 σώματι
681 3713 790 3793 αὐτοῦ
822 3715 878 3793 ἐπὶ
911 3709 952 3792 τὸ
985 3711 1127 3818 ξύλον,”
1161 3710 1256 3791 καθὰ
1293 3711 1506 3813 γε’γραπται·

314 3833 514 3935 βεβοήθηκε
542 3832 612 3937 γὰρ
641 3837 733 3914 οὐτω
762 3840 831 3921 τοῖς
858 3837 1101 3946 πειραζομένοις
1129 3836 1158 3915 ἐν
1186 3833 1213 3942 ᾧ
1239 3833 1393 3916 πέποιθεν
1411 3831 1510 3918 αὐτῦς

145 3993 186 4043 1b.
314 3957 512 4067 πειρασθελε,
540 3961 591 4066 τῷ
620 3957 692 4060 γὰρ
719 3958 872 4058 μώλωπι
902 3961 1010 4038 αὐτοῦ
1040 3959 1137 4058 ἡμεῖς
1166 3958 1324 4058 ίόθημεν,
1349 3955 1440 4036 κατὰ
1466 3953 1510 4035 τὸ

313 4083 570 4187 γεγραμμένον.
609 4083 760 4162 νοείσθω
782 4081 826 4182 δή
849 4084 911 4162 οῦν
929 4084 968 4163 ε’ν
985 4082 1123 4166 τούτοις
1148 4079 1190 4162 τό
1215 4079 1404 4190 πειραοθελς
1430 4081 1510 4160 ἀντὶ
1523 4099 1566 4157 3ο

313 4215 378 4286 τοῦ
404 4205 591 4289 πεπονθὼς
622 4206 700 4305 ἤτοι
729 4205 930 4307 πειρασμὸν
958 4205 1020 4286 τὸν
1048 4207 1087 4286 ἐκ
1117 4212 1190 4286 τῶν
1216 4202 1511 4307 σταυρωσόντων

314 4330 526 4430 ὐπενεγκών·
557 4326 638 4412 δοῦς
663 4327 735 4431 γὰρ
758 4328 846 4432 ὑπὲρ
870 4328 1015 4411 πάντων
1031 4328 1073 4411 τῦ
1099 4325 1184 4436 ε’νῷ
1208 4327 1362 4412 πέπονθε
1388 4333 1509 4426 σῶμα,

354 4581 376 4616 ι.
393 4564 520 4618 Ἰουδαίαν
531 4563 578 4617 Cr.
672 4584 699 4631 4.
717 4563 803 4638 ἴθνοι]
816 4565 995 4638 legendumne
1006 4566 1080 4624 ἔθνος
1092 4565 1137 4621 In?
1237 4581 1278 4622 ιι.
1297 4562 1413 4621 &omisit
1427 4561 1473 4620 Cr.
