3294 5150
155 393 208 436 xv.
222 385 340 458 55sqq.
386 375 440 440 IN
466 375 532 440 ΕΡ.
552 374 581 440 1.
608 375 672 442 AD
701 373 997 440 CORINTHIOS.
1037 373 1125 440 αις.
1141 373 1222 440 vn.
1287 375 1352 441 ιιι

156 545 178 585 “
194 534 383 637 γενόμενος
410 535 497 640 ῦπὲρ
524 538 625 638 ἡμῶν
653 537 827 642 κατάρα·”
865 538 969 620 ἔσται
996 537 1034 619 δὲ
1063 540 1083 619 5
1111 572 1349 644 μετασχημα-
1363 479 1474 614 διίίάί
1475 479 1518 627 15

154 658 285 759 τισμὸς
303 662 366 742 οὐκ
384 666 432 746 είς
452 661 574 764 ἑτέραν
591 660 670 743 τινὰ
696 665 810 769 φύσιν
828 662 1053 766 ἀποκομίζων
1071 663 1176 763 ἡμᾶς,
1196 659 1352 761 ἐσόμεθα

155 781 229 885 γάρ
251 783 338 888 ὅπερ
359 783 479 884 ε’σμέν,
497 786 682 866 τουτέστιν
710 786 903 888 ἅνθρωποι,
921 784 1021 886 πλὴν
1048 786 1210 886 ἀμείνους
1238 789 1353 888 ἀσυγ-

156 907 295 1005 κρίτιος·
336 910 515 1014 ἄφθαρτοι
542 908 613 1013 γάρ
642 913 699 990 καὶ
727 909 938 1012 ἀνώλεθρυι,
960 913 1018 990 καὶ
1047 907 1138 1012 πρός
1166 944 1209 1012 γε
1238 907 1353 1018 τοῦτιρ

123 1031 420 1137 5δεδοξυσμένοι.
448 1032 487 1113 τί
501 1032 531 1113 δ
547 1030 592 1112 ἀν
609 1033 781 1128 βούλοιτο
800 1038 934 1133 δηλοῦν
949 1034 971 1132 ἡ
986 1035 1124 1133 ε’τχάτη
1142 1032 1315 1139 σάλπιγξ
1329 1029 1417 1132 ἢτοι·
1429 1065 1470 1117 5¹·

156 1156 323 1262 διανιστᾷ
346 1153 429 1241 τοῦς
454 1153 608 1257 νεκροῦς,
628 1157 732 1240 αὐτὸς
752 1157 835 1256 ἡμῖν
851 1162 1026 1260 σαφηνιεῖ
1047 1154 1166 1258 λέγων
1184 1157 1204 1234 5
1223 1155 1354 1236 θεσπέ-
1499 1257 1504 1266 ἡ

156 1311 237 1362 σιος
256 1283 404 1362 Παῦλος
430 1277 549 1360 “”Οτι
574 1277 680 1364 αὐτὸς
699 1281 719 1359 5
741 1278 873 1382 Κύριος
894 1279 932 1359 ἐν
951 1278 1169 1377 κελεύσματι
1191 1281 1230 1358 έν
1248 1283 1352 1383 φανῇ
1367 1287 1477 1403 {gw-
1489 1289 1522 1339 iv.

156 1413 179 1450 “
198 1401 430 1507 ἀρχαγγέλου
458 1409 516 1483 καὶ
544 1405 583 1483 ἐν
609 1403 792 1505 σάλπιγγι
811 1409 907 1483 Θεοῦ
934 1400 1180 1502 καταβήσεται
1207 1403 1267 1482 ἀπ’
1293 1401 1353 1482 οῦ-

156 1535 180 1572 “
196 1527 338 1628 ρανοῦ·”
375 1535 435 1608 καὶ
465 1535 492 1607 oi
522 1535 618 1634 νεκροὶ
642 1523 864 1634 ι’γερθιὶσιντιιι
883 1524 1058 1632 ἄφθαρτοι.
1087 1527 1214 1605 οῦκοῦν
1231 1558 1353 1627 παρει-

102 1681 143 1721 10
155 1646 249 1750 κάζει
277 1649 461 1753 σιίλπιγγι
492 1649 558 1748 τὴν
586 1657 651 1731 τοῦ
679 1647 911 1755 ἀρχαγγέλου
940 1645 1076 1755 φωνὴν,
1102 1653 1159 1728 καί
1188 1647 1231 1730 τῦ
1259 1654 1355 1730 θεῖον

155 1775 265 1851 έκεῖνο
289 1776 345 1852 καὶ
365 1772 656 1878 φρικωδέστατον
674 1772 869 1873 κέλευσμα.
898 1779 927 1853 εί
946 1772 984 1854 δὲ
1003 1775 1060 1853 καὶ
1083 1773 1103 1851 5
1126 1769 1353 1878 ἀρχάγγελάς
1367 1792 1410 1846 82
1424 1790 1474 1850 Π.-

155 1897 299 1976 ἐστινὸ
323 1895 503 1998 κεκραγὼς
531 1900 589 1976 καὶ
616 1897 659 1977 τὸ
686 1901 751 1996 τῆς
778 1895 1013 1980 ἀναστάσεως
1040 1895 1209 1994 σύνθημα
1237 1894 1354 1981 διδοῦς

154 2026 229 2103 τοῖς
245 2021 283 2099 έν
301 2025 349 2125 γῇ
366 2022 547 2120 κειμένοις,
569 2019 654 2101 ἀλλ’
675 2021 738 2101 οῦν
756 2028 820 2100 τοῦ
838 2025 1004 2124 Χριστοῦ
1023 2019 1126 2098 ε’ίτται
1144 2020 1261 2126 φωνή·
1294 2024 1353 2100 καὶ

154 2138 228 2245 γάρ
252 2145 352 2223 ε’στιν
378 2143 483 2228 αὐτὸς
514 2145 585 2252 ἰδίᾳ
614 2142 758 2241 δυνάμει
790 2143 975 2228 διανιστάς
1004 2141 1087 2227 τοῦς
1114 2141 1266 2246 νεκροῦς,
1295 2145 1354 2223 καί

100 2291 140 2350 ¹5
155 2267 239 2369 οῦχί
256 2301 327 2346 που
344 2266 487 2351 πάντας
506 2267 528 2366 ἡ
546 2276 611 2347 τοῦ
628 2266 860 2372 ἀρχαγγέλου
879 2267 993 2372 φωνή·
1033 2271 1259 2350 δεσποτικαῖς
1281 2265 1354 2369 γὰρ

153 2388 420 2492 προστάγμασι
447 2396 552 2470 πᾶσα
580 2391 696 2474 κτίσις
715 2389 917 2493 ῦπέζευκται
944 2390 1087 2490 λογικὴ·
1126 2391 1213 2469 ποία
1235 2391 1354 2470 τοίνυν

155 2511 252 2596 ὅλως
277 2512 478 2598 ἀνάστασις
508 2513 610 2592 έσται
643 2511 734 2593 κατὰ
764 2509 946 2612 ἀλήθειαν,
975 2515 1005 2590 εἰ
1034 2509 1084 2611 μὴ
1113 2509 1200 2591 αὐτό
1234 2518 1354 2619 φαμεν

155 2636 429 2729 ἀναβιώσεσθαι
452 2635 495 2716 τὸ
516 2641 568 2743 τῷ
586 2634 729 2742 θανάτῳ
749 2634 1044 2740 κατησχημένον;
1078 2633 1101 2735 ἢ
1120 2635 1200 2714 τίνα
1216 2634 1352 2738 τρόπον

154 2761 318 2861 ε’ροῦμεν,
343 2761 531 2863 μονονουχὶ
559 2756 836 2863 κατορχούμενοι
863 2762 926 2856 τῆς
954 2763 1093 2864 φθορᾶς
1124 2755 1306 2853 Κατεπόθη
1336 2766 1465 2848 διατι,

100 2916 142 2957 20
155 2881 294 2968 θάνιιτις
324 2891 370 2968 είς
399 2887 494 2978 νῖκος,
519 2884 577 2961 καὶ
605 2881 650 2962 τὰ
678 2881 761 2989 ἑξῆς
773 2913 784 2979 3

250 3150 317 3214 Ποῦ
343 3172 400 3216 σου
424 3153 543 3216 θάνατε
569 3151 608 3217 τὸ
636 3151 769 3240 κέντρον
783 3182 792 3234 3
828 3155 890 3216 ποῦ
915 3174 972 3218 οου
999 3151 1062 3243 ᾷδιι
1090 3149 1128 3216 τὸ
1156 3146 1264 3234 οἴκους
1368 3161 1405 3223 55
1420 3165 1482 3226 flq‘l·

213 3333 350 3413 Ἰστέου
378 3332 417 3414 δὲ
445 3333 499 3414 ὅτι
526 3333 592 3433 τὴν
616 3343 680 3415 τοῦ
708 3335 939 3439 προκειμένου
966 3339 1076 3440 ῥητοῦ
1104 3335 1306 3441 παράθεσιν
1333 3341 1354 3419 5

156 3455 328 3560 μακάριος
348 3463 497 3541 Παῦλος
516 3455 606 3538 κατά
625 3457 691 3558 τὴν
709 3460 863 3563 ἑβραίων
882 3459 1025 3540 ἔκδοσιν
1043 3459 1252 3560 ἐποιήσατο·
1283 3460 1354 3566 ἔχει

157 3579 196 3659 δὲ
215 3581 281 3685 οῦχ
299 3581 411 3665 οῦτιος
429 3582 451 3680 ἡ
469 3587 542 3659 τῶν
559 3580 815 3682 ἑβδομήκοντα·
849 3583 1048 3686 γέγραπται
1067 3583 1138 3687 γάρ
1155 3586 1193 3664 έν
1210 3583 1353 3690 προφή-

255 3713 276 3751 “
355 3704 410 3729 ιιι
461 3706 470 3731 ι
672 3705 683 3730 τ
872 3714 888 3732 a
936 3707 948 3733 κ
1012 3707 1023 3738 t
1239 3705 1257 3737 Ἰ
1331 3697 1491 3747 ’θΗοεκιίἰλ

101 3738 142 3799 ²5
158 3737 237 3787 ταις
292 3709 372 3784 Που
390 3740 412 3804 η
433 3709 512 3804 δικη
537 3739 608 3784 σου
636 3710 789 3802 θανατε;
818 3740 889 3786 που
912 3741 954 3786 το
977 3740 1122 3810 κεντρον
1144 3741 1214 3786 σου
1233 3711 1324 3813 ᾳδης
1366 3774 1404 3825 14·
1482 3769 1487 3780 ·

214 3825 322 3925 Πλὴν
340 3827 376 3908 τῦ
398 3823 515 3936 κε’ντριι
533 3831 589 3908 τοῦ
608 3826 746 3908 θανάτου
766 3834 880 3936 φησὶν
899 3833 916 3924 5
937 3835 1106 3939 ἁμαρτία,
1125 3835 1142 3924 5
1161 3825 1196 3912 δὲ
1210 3825 1352 3937 δυίαμις
1365 3867 1415 3901 ver.
1427 3849 1468 3914 τὰ

156 3948 215 4046 τῆς
243 3953 416 4059 ἁμαρτίας
438 3960 453 4034 ὁ
477 3952 585 4058 ιίμις·
616 3951 767 4052 πλήττει
793 3951 859 4053 μέν
876 3950 947 4056 γὰρ
966 3951 1023 4034 οἷά
1050 3988 1105 4039 τις
1130 3954 1304 4058 σκορπίος
1332 3957 1352 4036 5

195 4174 235 4228 18.
255 4173 445 4246 κατεσχημένον
458 4174 500 4246 (ut
510 4173 602 4245 supra)
613 4173 716 4243 Migne.
743 4173 800 4230 lnc.
813 4175 845 4228 Εί
855 4175 891 4245 με)
902 4175 932 4230 τὸ
942 4175 1026 4232 πέσον
1036 4175 1073 4232 είς
1083 4178 1132 4246 γῆν
1141 4175 1274 4232 ἀνίσταται
1282 4177 1351 4234 ἀλλὰ

156 4243 226 4334 μίνει
244 4245 287 4300 ini
303 4246 358 4315 γῆς,
376 4249 431 4300 πῶς
443 4246 566 4313 νενίκητοι
580 4247 595 4300 δ
607 4245 723 4312 θάνατος,
734 4243 816 4313 ηπῶς
831 4247 967 4328 μονονουχὶ
983 4249 1028 4332 τῇς
1039 4247 1350 4370 φθορᾶςικατορχοάμενοι

157 4336 265 4384 ερονμεν
276 4315 403 4382 κατεπόθη
420 4315 455 4370 Η.
670 4331 713 4370 20.
732 4314 812 4387 νικος]
828 4315 917 4387 Perglt
928 4338 1062 4371 τουτεστιν
1079 4338 1116 4373 ες
1133 4337 1261 4385 εκνικησιν
1272 4323 1351 4390 ἤγουν

157 4385 275 4440 είσάπαν.
296 4383 391 4452 ταύτην
406 4385 434 4438 δὲ
452 4388 498 4439 τοῦ
515 4384 594 4454 ῥητοῦ
612 4385 658 4455 τὴν
669 4387 813 4457 παράθεσιν
824 4389 839 4440 5
850 4387 999 4443 ἀπόστολος
1011 4385 1151 4456 ἐποιήσατο
1168 4389 1231 4442 κατὰ
1243 4389 1351 4457 τὴντῶν

156 4456 270 4580 Ιίέροίιυν
290 4455 402 4518 ἔκδοσιν,
422 4456 453 4510 οῦ
475 4455 526 4524 μὴν
549 4458 612 4510 κατὰ
635 4457 681 4525 τὴν
704 4461 755 4510 τῶν
778 4456 961 4527 ἑβδομήκοντα,
982 4457 1036 4528 ἥτις
1060 4457 1140 4513 αῦτας
1160 4459 1215 4546 ἔχει
1235 4463 1286 4514 ποῦ
1307 4458 1352 4532 [ut

157 4543 165 4580 ι
197 4523 287 4597 τις5]
304 4523 340 4580 H.
558 4540 600 4598 25.
619 4525 788 4596 amydem.
1009 4543 1052 4599 27.
1071 4527 1352 4602 Ῑῑιο.πληττειμι“νῶς

158 4596 282 4666 σκορπίοι
293 4599 308 4650 δ
320 4598 432 4653 Σατανᾶς
445 4599 459 4650 ὀ
475 4595 510 4650 Η.
