3278 5130
159 372 271 452 iii.11‚
287 394 337 442 12.
381 374 434 440 IN
462 374 527 440 ΕΡ.
550 374 597 442 11.
625 375 688 440 AD
715 376 1009 443 CORINTHIOS.
1046 374 1134 443 LIB.
1151 377 1197 441 11.
1293 379 1356 442 335

158 534 233 639 γάρ
259 540 339 617 ε’στι
365 537 407 618 τό
435 546 489 620 Ού
519 536 785 650 δεδόξασται
752 580 789 623 το
820 537 1055 650 δεδοξασμίνον
1087 577 1146 622 και
1174 576 1221 622 τα
1204 541 1355 648 εξῆς;
1385 475 1437 540 [⁹¹
1452 473 1503 538 M]

160 659 242 739 ἔστι
260 661 305 740 δέ
314 696 350 741 τι
368 671 528 744 τοιοῦτον
546 699 566 744 ο
548 663 754 760 βούλεται
774 668 920 765 δηλοῦν.
962 660 1229 774 δεδόξασται
1186 699 1252 765 μεν
1270 665 1356 768 γὰρ,

162 786 324 886 φησὶν,
307 820 328 864 ο
346 790 536 886 Μωαη”ς,“
514 823 561 872 ως
576 787 789 872 διοίκονος’
749 822 860 939 νομηυ
875 797 941 870 τοῦ
957 789 1257 891 καταργουμένου,
1272 787 1356 867 ἀλλ’

161 941 186 1004 η
212 941 276 987 του
303 908 381 988 νεόυ
407 912 465 989 καὶ
495 912 533 991 ἐν
562 917 715 1018 Χριστῷ
744 911 970 1014 κηρύγματος
1000 911 1092 1019 δόξα
1124 918 1277 992 νικῶσα·
1292 910 1358 1011 τὴν

127 1029 310 1131 ὄπριότην
327 1031 486 1138 ἀπέφηνε
510 1035 677 1135 τοιαύτην
694 1035 805 1136 αῦτὴν
832 1038 880 1120 ὦς
904 1035 992 1135 μηδὲ
1019 1037 1114 1120 ὅλως
1140 1034 1357 1142 δεδοξάσθαι

163 1155 288 1236 δοκεῖν.
328 1155 437 1258 όνπερ
470 1156 541 1262 γὰρ
572 1157 706 1260 τρόπον
739 1158 863 1242 νυκτὸς
897 1158 1076 1259 μενούσης
1114 1160 1166 1239 ἔτι
1204 1162 1263 1238 καὶ
1295 1167 1359 1239 τοῦ

163 1279 240 1355 κατ’
259 1275 370 1378 αὐτὴν
387 1278 541 1365 σκότους
565 1281 644 1362 τόδε
671 1280 713 1361 τό
739 1280 890 1381 σύμπαν
915 1283 1246 1381 καταμελαίνοντος,
1266 1285 1358 1360 ἀπα-

163 1397 339 1502 στράπτει
357 1402 423 1500 μὲν
441 1401 566 1507 ὥσπερ
590 1409 654 1504 τῆς
682 1403 840 1503 σελήνης·
869 1406 888 1484 5
913 1404 1058 1502 κύκλος,
1090 1403 1202 1512 δόξαν
1226 1403 1264 1484 δὲ
1293 1403 1359 1504 τὴν

164 1524 256 1604 ἰδίαν
274 1525 345 1630 ἔχει
364 1529 384 1606 5
400 1534 473 1606 τῶν
489 1527 635 1630 ἄστρων
652 1527 772 1633 χορός·
806 1527 910 1625 ἡλίου
936 1527 1048 1629 γεμὴν
1066 1530 1278 1632 ἀνίσχοντος
1300 1531 1359 1608 καὶ

109 1653 228 1748 τοτῆς
254 1651 379 1730 ἑαυτοῦ
405 1655 640 1753 μαρμαρυγῆς
668 1653 869 1735 ἁπλοῦντος
896 1646 963 1748 τὴν
988 1651 1111 1758 δόξαν,
1136 1651 1285 1751 ἥτταται
1307 1655 1360 1758 τῷ

164 1775 358 1876 προῦχοντι
386 1778 449 1873 τῆς
468 1771 626 1873 σελήνης
650 1773 692 1854 τὸ
712 1781 800 1880 φῶς,
819 1773 907 1853 ἔοικε
928 1774 971 1854 δι’
990 1809 1067 1859 πως
1084 1772 1175 1875 μηδὲ
1193 1775 1356 1880 πεφωτί-

164 1879 253 1975 σθαι
271 1899 401 1976 δοκεῖν·
441 1895 532 1977 κατὰ
548 1896 611 1977 τὸν
629 1896 737 1977 αὑτὸν
756 1895 852 1996 οἶμαι
870 1896 1018 2002 τρόπον,
1039 1896 1103 1978 τόν
1119 1904 1193 1977 τῶν
1210 1930 1356 1999 προκει-

164 2017 280 2116 μένων
297 2019 422 2126 ἐκδέξη
441 2027 535 2100 νοῦν.
567 2020 609 2100 τὸ
628 2019 699 2124 γάρ
718 2053 773 2100 τοι
792 2014 1038 2128 δεδοξασμένον,
1052 2023 1159 2126 φησὶ,
1174 2020 1359 2100 τουτέστιν

164 2141 187 2240 ἡ
206 2149 269 2221 τοῦ
287 2140 397 2242 νόμον
414 2145 586 2240 διακονία,
604 2144 715 2224 καίτοι
735 2151 904 2247 λαχοῦσα
922 2141 1023 2247 παρὰ
1036 2147 1133 2222 Θεοῦ
1151 2141 1218 2243 τὴν
1237 2141 1360 2250 δόξαν,

112 2283 150 2344 ¹5
165 2263 258 2344 ἔοικέ
270 2300 347 2350 πως
364 2265 414 2366 μὴ
426 2265 642 2373 δεδοξάσθαι
659 2261 725 2364 τὴν
736 2263 851 2371 ἀρχὴν
870 2263 983 2346 ε’ίνικεν
1001 2265 1058 2359 τῆς
1077 2265 1359 2374 ὑπερβαλλούσης

165 2380 272 2494 δόξης,
291 2392 355 2487 τῆς
377 2389 617 2493 δεδωρημεῦης
641 2387 809 2488 δηλονότι
835 2395 909 2472 τοῖς
927 2393 1202 2495 διακονοῦσιτῲ
1221 2389 1303 2496 θείιρ
1321 2423 1360 2468 τε

166 2513 224 2588 καὶ
241 2511 460 2620 εῦαγγελικηῦ
477 2512 688 2616 κηρύγματι·
722 2519 933 2616 παραχωρεῖ
947 2509 1018 2615 γάρ
1036 2546 1113 2596 πως
1130 2515 1182 2591 ἀεὶ
1201 2509 1242 2591 τῦ
1261 2517 1360 2609 μεῖον

165 2635 217 2740 τῷ
233 2636 439 2740 προῦχοντι.

168 2887 203 2957 Εἰ
232 2891 291 2981 scip
317 2891 355 2960 τὸ
383 2895 643 2982 καταρτούμενον
671 2894 724 2960 διὰ
751 2894 861 2974 δόξειε,
888 2896 1004 2980 πολλῷ
1030 2899 1156 2971 μᾶλλον
1183 2894 1221 2960 τὸ
1243 2879 1354 2975 μένον,
1376 2923 1408 2964 11

111 3053 152 3094 οο
688 3019 723 3085 ἓν
750 3019 841 3110 δόξης.

221 3187 273 3266 Τί
293 3185 330 3269 τῦ
353 3188 638 3297 καταργούμενονς
669 3188 797 3288 ἡσκιδι
820 3193 877 3270 καὶ
896 3191 916 3269 5
936 3189 1042 3289 νόμος
1063 3189 1174 3291 ἤγουν
1193 3191 1213 3269 ὁ
1231 3188 1357 3286 τύπος,

165 3310 204 3390 τί
218 3308 256 3390 δὲ
275 3309 311 3391 τδ
324 3308 436 3414 μόνοις
465 3310 512 3391 τά
530 3321 593 3393 τοῦ
612 3319 707 3393 θεοῦ
727 3315 975 3415 θεσπίσματα.
1015 3314 1142 3395 οῦκοῦν
1160 3319 1218 3394 καὶ
1236 3315 1266 3394 ἑν
1284 3307 1360 3425 δίξη

165 3431 254 3533 ἦνῆ
278 3432 377 3531 σκιὰ,
401 3437 486 3515 ἀλλ’
508 3437 546 3514 ἐν
573 3434 663 3541 δόξῃ
692 3437 955 3544 διαφανεστέρᾳ
978 3436 1025 3517 τδ
1043 3443 1223 3540 Χριστοῦ·
1264 3437 1361 3535 μένει

165 3555 236 3658 γὰρ
264 3562 294 3636 εί
322 3555 585 3662 κατακρατήσει
614 3563 677 3657 τῆς
706 3561 763 3640 ὑπ’
791 3560 954 3663 οὐρανόν.

113 3827 152 3887 ²5
219 3813 374 3902 Ἔχοντες
401 3812 457 3882 οὖν
483 3818 636 3883 τοιαύταν
663 3817 781 3884 ἐλπίδα
808 3823 915 3908 πολλῇ
943 3816 1108 3909 παρῤννοῖα
1135 3817 1298 3907 χρώμεθα.
1378 3863 1413 3902 12

224 3983 341 4064 Ποίαν
360 3979 573 4082 ἐλπίδας
538 4021 579 4067 το
599 3992 796 4067 ίκανῶσθαι
816 4022 917 4089 παρα
900 3986 1028 4067 Θεοῦ
1046 3989 1105 4066 καὶ
1123 3987 1252 4089 ἀρτίως
1269 4019 1362 4088 εχειν

165 4104 294 4186 διδ
250 4141 314 4206 της
336 4106 481 4212 χάριτος
503 4108 594 4211 πρὸς
615 4110 657 4190 τῦ
683 4108 770 4189 εἶναι
798 4121 819 4157 “
834 4109 1015 4194 διακόνους
1044 4113 1164 4207 καινῆς
1193 4107 1515 4209 διαθήκηςεερηνετ.

165 4239 189 4277 “
207 4230 249 4308 οῦ
281 4227 525 4334 γροίμματος.”
561 4234 688 4337 πρέπει
721 4232 759 4315 δὲ
790 4240 864 4316 τοῖς
895 4231 1068 4315 τοιούτοις
1099 4231 1141 4310 τὸ
1175 4233 1213 4310 ἐν
1245 4240 1362 4346 πολλῇ
1374 4207 1398 4260 ⁶¹

165 4354 336 4463 παρ’ῥησίηι
353 4361 490 4453 λαλεῖν,
509 4356 589 4435 οὔτε
607 4363 680 4436 τῶν
698 4356 821 4439 τύπων
840 4354 1115 4460 αἰσχυνομένους
1134 4353 1176 4433 τῦ
1195 4353 1359 4458 ἀδρανὲς,

187 4593 229 4650 17.
246 4579 331 4653 μεῖον]
343 4603 378 4651 μη
391 4580 422 4638 δν
432 4583 563 4652 (ιμεῖον)
577 4581 646 4639 cod.
721 4601 761 4654 19.
781 4583 856 4640 Haec
868 4582 923 4639 duo
935 4581 1038 4640 scholia
1049 4582 1128 4639 nobis
1140 4581 1293 4656 suppediut
1306 4584 1344 4640 H.
