3280 5142
127 345 194 410 xix.
208 345 240 426 8,
253 367 283 434 9.
405 347 464 414 IN
494 347 527 414 S.
553 348 574 413 J
579 347 812 415 OANNEM.
857 350 954 418 LIB.
977 350 1059 418 XII.
1290 353 1334 418 69

127 510 227 621 αὐτῷ
254 515 314 594 καὶ
338 512 385 595 τά
409 519 473 616 τῆς
491 513 658 617 θεότητος
676 515 765 618 ἔργα
784 519 842 596 καὶ
861 513 927 617 τῆν
945 519 1003 598 ἐπὶ
1021 523 1095 602 τοῖς
1113 515 1334 625 παραδόξοις

128 643 383 718 καταιτιᾶσθαι
409 640 685 743 μεγαλουργίαν
721 637 790 720 ἔδει
818 641 893 741 μετ’
924 642 1034 722 ε’κεῖνο
1061 639 1213 741 βοᾶν,”
1193 676 1249 723 στι
1276 676 1333 724 τε·

128 759 378 866 θρήμερος
334 797 401 862 μεν
423 765 554 861 ἀνεβίω
580 761 702 868 νεκρδς
729 761 788 844 διά
814 769 898 864 μιᾶς
924 773 989 845 τοῦ
1017 769 1185 869 Σωτῆρος
1209 749 1463 872 ςδιονῆςῑ),ριΓι
1422 829 1462 881 ³9

127 886 476 992 πολινδρομῆσας’
447 922 496 972 εις
515 886 620 990 ζωήν·
665 887 733 969 ἔδει
750 894 980 992 παρενεγκεῖν
995 887 1059 970 τὸν
1076 893 1251 993 μονογενῆ
1269 895 1335 991 τῆς

95 1008 245 1115 5χῆρας
261 1009 347 1111 υἱόν,
366 1013 426 1092 καὶ
451 1019 516 1092 τοῦ
543 1009 845 1117 ἀρχισυναγώγου
871 1009 914 1093 τό
932 1011 1064 1116 κόριον·
1095 1011 1165 1094 ἔδει
1192 1018 1251 1095 καὶ
1268 1020 1333 1116 τῆς

128 1135 493 1288 θεοπρητεστάτης’
474 1136 605 1237 εκείνης
638 1140 902 1236 διαμεμνῆσθαι
934 1140 1116 1243 φωνῆς,’
1098 1141 1156 1220 επὶ
1187 1138 1253 1239 μὲν
1282 1143 1334 1248 τῷ

128 1261 195 1356 τῆς
222 1256 337 1364 χῆρας
365 1261 428 1367 υιῷ
455 1269 477 1307 “
492 1261 684 1358 Νεανίσκε,
703 1263 765 1340 σοὶ
793 1262 902 1362 λε’γω,
921 1257 1165 1363 ε’γερθητι,”’
1146 1297 1203 1344 επι
1190 1262 1333 1343 δε
1282 1299 1333 1372 τιρ
1378 1275 1474 1326 ⁸··¹⁴¹¹⁰

129 1383 240 1491 κυρίῳ
269 1393 290 1430 “
303 1383 354 1464 H
382 1390 467 1469 παῖς
495 1384 657 1489 ἕγειραι·”
691 1387 800 1491 ἐχρῆν
818 1386 875 1466 ἐπὶ
902 1382 1039 1468 τούτοις
1064 1383 1298 1484 διδιίσκειν,”
1278 1422 1333 1469 οτι
1377 1343 1475 1468 ίόάἀ.

128 1511 285 1614 τιφλοΐς
310 1506 376 1605 μὲν
394 1505 437 1588 τδ
455 1509 614 1606 βλέπειν,
632 1516 778 1613 λεπροῖς
796 1505 889 1588 δὲ
849 1543 915 1607 την
933 1505 1146 1612 κάθαρσιν’
1128 1511 1333 1616 εχαρίσατο,
1378 1496 1419 1549 ⁵⁴⁹

80 1668 117 1711 ιο
129 1632 190 1710 καὶ
209 1630 300 1734 πρὸς
317 1630 465 1730 τούτοις,
484 1630 538 1713 ότι
556 1636 622 1738 μιᾷ
644 1629 906 1734 κατεστόρεσεν
924 1633 1056 1736 ἀπειλῇ
1074 1636 1132 1714 καὶ
1150 1634 1333 1736 θαλάττης

130 1757 260 1858 ἀγρίιις
286 1755 428 1855 κίνησιν
446 1760 504 1837 καὶ
530 1754 743 1855 πνευμάτων
766 1755 949 1861 ῥαγδαίων
974 1756 1194 1863 καταφορὰν,
1220 1759 1279 1839 καὶ
1304 1759 1338 1840 εἴ

130 1911 168 1957 τι
193 1877 285 1977 πρὸς
308 1878 447 1964 τούτοις
470 1880 659 1983 εἴργασται
682 1877 856 1983 Χριστός.
895 1880 980 1959 ἀλλ’
1009 1881 1122 1960 ἐκεῖνα
1149 1877 1214 1980 μὲν
1241 1884 1333 1986 ἀχα-

130 2003 270 2104 ρίστοις
301 2003 595 2109 καταχωννιίουσι
625 2011 791 2102 σιιοπαΐς,
823 2005 882 2084 καὶ
914 2001 961 2083 τά
994 2004 1037 2086 δι’
1068 2001 1119 2084 ὧν
1149 2003 1193 2106 ἦν
1224 2007 1362 2089 αὐτδνθ

131 2129 288 2230 ἀρᾶσθαι
320 2127 414 2208 Θεὸν
442 2125 612 2230 παρέντες
644 2124 857 2231 δυστρόπους
892 2129 950 2208 ἐπὶ
981 2127 1112 2227 μόνους
1144 2131 1334 2235 βαδίζουσι

81 2279 117 2342 15
130 2252 445 2354 παραλογισμοός·
482 2255 585 2355 ἀνδρὶ
603 2249 643 2331 δὲ
660 2254 854 2353 ἀλλογενεΐ
877 2254 937 2332 καὶ
954 2249 1020 2352 τὴν
1038 2253 1137 2334 θείαν
1155 2251 1251 2340 όλιος
1269 2255 1334 2336 οὐκ

129 2375 239 2457 εἰδότι
263 2373 422 2484 γραφὴν,
448 2375 638 2479 ἀνθρονπον
657 2377 785 2479 όρῶντι
809 2372 873 2456 τόν
890 2376 1048 2474 Ἰησοῦν,
1075 2379 1273 2472 ἐπιβοῶσιν
1299 2385 1333 2460 οἱ

130 2501 280 2580 δείλαιοι
311 2496 383 2581 Υίδι
412 2501 497 2581 Θεαί
531 2499 645 2583 ἑαυτδν
674 2501 817 2597 ἐποίησε,
850 2501 965 2581 καίτοι
997 2504 1060 2600 τῆς
1092 2501 1333 2584 θεοπνεύστου

129 2626 317 2730 γραφῆς’
298 2659 336 2704 εν
351 2624 563 2777 ἀνθραηεάρ
578 2621 740 2729 σχήματι
766 2621 829 2704 τδν
846 2657 911 2704 του
893 2628 1027 2704 θεοῦ
1046 2622 1170 2725 Λόγον
1188 2628 1329 2774 ἐπιφοι·

129 2745 257 2850 τήσειν
274 2780 363 2828 ποτε
379 2753 432 2857 τῷ
450 2746 578 2857 κόσμῳ
596 2746 755 2848 βοιόσης·
790 2758 813 2796 “
826 2745 990 2828 Ἰδοδ
945 2781 1028 2852 γαρ,
1047 2749 1213 2855 φησὶν,
1192 2784 1214 2849 η
1233 2784 1329 2854 παρ·
1377 2784 1502 2836 αιιιιιιι.

80 2882 155 2948 20“
172 2871 318 2956 θενος’
300 2905 337 2952 εν
364 2906 499 2974 γαστρι
485 2872 597 2980 ἕξει
622 2905 680 2953 και
668 2868 919 2978 τέξεται
871 2906 956 2970 υιον,
979 2907 1037 2952 και
1065 2873 1325 2955 καλόσουσι
1377 2849 1393 2898 ¹
1442 2889 1448 2909 ⁸

132 2995 198 3046 “⁹
131 3029 288 3168 “avom
315 2997 424 3076 αὐτοῦ
449 2992 739 3096 Ἐμμανουῆλ,
719 2998 842 3077 σε’στι
866 2997 1234 3152 μεθερμηνευόμενον
1232 2998 1330 3079 Μεθ’
1379 2996 1419 3047 14

131 3121 275 3221 “ῆμῶν
303 3120 468 3205 όθεός.”
501 3118 544 3201 τὸ
569 3118 653 3201 δι’
634 3153 674 3200 εκ
700 3119 879 3223 παρθένου
905 3118 1046 3226 τεχθὲν,
1077 3154 1112 3201 τι
1139 3119 1185 3202 ἀν
1212 3123 1333 3225 ἕτερον

131 3245 184 3344 εἴη
202 3241 333 3324 λοιπὸν
349 3241 372 3344 ἢ
390 3243 577 3346 ἅνθρωπος
595 3241 679 3323 καθ’
698 3242 802 3342 ἡμᾶς,
822 3242 913 3323 όσον
931 3249 978 3328 είς
997 3241 1063 3344 τῆν
1080 3253 1145 3325 τοῦ
1162 3245 1366 3346 σώματοςδ

131 3368 222 3476 ὄψιν
245 3401 283 3449 τε
311 3371 370 3448 καὶ
396 3367 537 3473 φύσιν;
568 3364 614 3466 ἦν
637 3365 710 3470 γὰρ
733 3365 823 3468 μετά
850 3374 915 3448 τοῦ
943 3364 1030 3448 εἶναι
1057 3366 1246 3472 ἅνθρωπος
1273 3373 1332 3450 καὶ

80 3517 118 3579 ²5
133 3490 228 3577 Θεὸς
250 3495 407 3593 ἀληθῶς.

124 3717 209 3786 'Ore
236 3715 292 3785 οὖν
318 3716 456 3784 ἤκουσεν
476 3719 495 3790 ό
517 3717 661 3785 Πιλάτοο
687 3720 800 3784 τοῦτον
821 3717 879 3785 τόν
901 3717 1009 3799 λότον,
1026 3721 1154 3794 μᾶλλον
1172 3719 1365 3807 ἑφαβιίθιι,8

185 3841 238 3908 καὶ
265 3840 413 3911 εἰσῆλθεν
440 3841 488 3910 εἶα
517 3845 556 3911 τό
584 3842 786 3934 πραιτώριον
814 3847 923 3927 πάλιν,
951 3844 1005 3909 καὶ
1036 3845 1123 3920 λὲτει
1152 3851 1201 3931 τῷ
1222 3845 1366 3920 Ἰιισοῦ9

182 3970 289 4036 Πόθεν
316 3963 347 4036 εἷ
372 3972 429 4054 σύγ
465 3970 483 4038 ὁ
511 3969 547 4036 δὲ
569 3969 698 4036 Ἰιιαοῦι
725 3969 898 4061 ἀπόκρισιν
925 3969 985 4036 οὐκ
1011 3969 1137 4036 ἔδωκεν
1165 3969 1263 4056 αὐτῷ.

189 4141 444 4247 Περιτρέπεται
467 4148 541 4228 τοῖς
558 4139 742 4228 Ἰουδαίοις
761 4140 804 4224 τὸ
823 4142 1057 4246 κακούργημα
1074 4139 1166 4243 πρὸς
1184 4139 1226 4220 τὸ
1245 4138 1332 4243 παρ’

74 4297 116 4356 30
130 4268 273 4349 ε’λπίδα.
316 4272 350 4348 οἱ
367 4266 433 4369 μὲν
450 4265 522 4373 γάρ
546 4272 595 4352 είς
622 4269 718 4375 ὕψος
741 4266 808 4368 τῆν
826 4273 890 4348 τοῦ
914 4262 1141 4369 ἐγκλήματος
1167 4261 1333 4367 αἴρουσιν

169 4459 195 4500 1.
213 4444 337 4502 αι’πδνΕ.
523 4461 549 4502 2.
567 4403 713 4504 ε’κείνιινΕ.
905 4461 946 4499 ιο.
965 4444 1154 4512 κατεστόρεσεν
1167 4441 1196 4497 F.
1209 4440 1262 4499 Ed.
1274 4459 1302 4496 m
1324 4479 1331 4496 .

131 4518 242 4572 ιοτεοτό
276 4537 323 4572 σευ
335 4515 368 4572 E.
381 4514 573 4590 κατεσιηρησεν
585 4517 638 4574 Ed.
918 4531 1014 4570 ιο-ις.
1032 4513 1074 4569 καὶ
1086 4513 1216 4584 αλκ-μὶν
1227 4529 1282 4570 om.
1296 4459 1330 4569 θ.

132 4603 177 4660 ²3·
195 4537 274 4660 ὅσίά
290 4593 320 4654 ÷
334 4583 399 4656 ιΕ
