3268 5130
115 345 149 386 v.
166 343 220 392 νο.
366 323 421 388 ΙΝ
447 315 708 390 EPISTOLAM
733 323 797 388 AD
824 325 1057 394 ROMANOS.
1249 331 1313 396 18⁷

114 485 234 584 νόμος.
274 485 463 587 νενόσηκεν
481 487 585 586 οὖνὴ
608 485 721 594 φύσις
746 483 813 586 τὴν
830 489 1006 592 ἁμαρτίαν
1025 486 1084 571 θιά
1107 489 1164 584 τῆς
1191 526 1309 598 παρα·
1349 428 1460 498 [οἱ]

115 609 193 703 uois
214 612 269 690 τοῧ
294 611 371 701 ἑνός,
391 609 576 690 τουτέστιν
593 606 722 707 Ἀδάμ·
752 610 862 694 οὕτως
881 618 1076 718 άμαρτιιλοὶ
1098 611 1309 706 κατεστάθη·

114 769 179 813 σαι
199 743 224 814 ιί
253 743 393 824 πολλοὶ,
414 734 481 838 οὐχ
505 735 553 816 ὡς
575 737 627 839 τῷ
644 731 765 830 Ἀδὰμ
783 733 1162 837 συμπαραβεβηκότες,
1181 736 1224 815 οὐ
1241 734 1317 838 γάρ·

112 853 210 954 ἦσαν
237 857 393 954 πώποτε,
418 859 505 936 ἀλλ’
533 859 581 940 ὡς
601 859 665 954 τῆς
692 856 824 936 ἐκείνου
851 854 997 962 φύσεως
1025 857 1124 942 ὄντες
1151 863 1214 957 τῆς
1242 855 1312 939 ὑπὸ

78 1007 98 1069 5
115 977 224 1076 νόμον
241 979 427 1079 πεσούσης
452 977 516 1059 τὸν
533 983 596 1079 τῆς
620 979 807 1079 ἁμαρτίας.
839 977 965 1083 ὥσπερ
982 981 1102 1060 τοίνυν
1119 979 1308 1084 ἡῤῥιόοτη·

114 1137 182 1182 αεν
209 1103 232 1201 ἦ
263 1102 453 1204 ἀνθρώπου
485 1101 597 1208 φύσις
629 1103 668 1180 ἐν
694 1099 815 1200 Ἀδὰμ
846 1101 904 1180 διὰ
934 1106 999 1201 τῆς
1030 1107 1214 1206 παρακοῆς
1246 1101 1313 1204 τὴν

115 1224 271 1332 φθορὰν,
296 1225 415 1308 είσέδν
434 1258 473 1304 τε
496 1227 608 1307 οὕτως
628 1221 739 1322 αὐτὴν
756 1222 803 1303 τὰ
820 1223 930 1324 πάθη,
949 1226 1061 1310 οὕτως
1080 1225 1312 1324 ἀπήλλακται

115 1345 228 1427 πόλιν
245 1350 282 1426 ἐν
300 1351 463 1454 Χριστῷ·
502 1347 627 1449 γέγονε
648 1345 720 1449 γὰρ
740 1344 894 1448 ὑπήκοος
918 1349 971 1456 τῷ
989 1353 1073 1456 Θεῷ
1096 1351 1155 1428 καὶ
1176 1351 1310 1450 Πατρὶ,

116 1472 175 1549 καὶ
192 1471 257 1550 οὐκ
272 1471 441 1570 ἐποίησεν
460 1471 649 1573 ἁμαρτίαν.

63 1750 102 1792 10
210 1717 316 1794 Νόμοι
344 1717 380 1782 δὲ
407 1724 633 1806 παρεισῆλθεν,
660 1717 714 1782 ἵνα
742 1719 909 1808 πλεονάριρ
935 1717 973 1783 τὸ
1000 1719 1220 1808 παράπτωμα.
1329 1737 1368 1778 20

174 1905 422 2006 Διαλογιεΐταί
437 1937 500 2002 τις,
518 1901 626 2010 φησὶ,
642 1902 734 1984 κατὰ
751 1900 793 1983 τὸ
812 1902 904 1987 είκὸς
922 1901 1030 1984 ἐκεῖνό
1049 1939 1120 1984 που
1138 1905 1197 1983 καί
1215 1902 1315 2005 λέγει

119 2038 141 2074 “
155 2025 279 2111 Τιίπος
305 2023 351 2124 ἦν
368 2035 433 2106 τοῦ
460 2025 685 2125 με’λλοντος”
715 2027 735 2104 ό
753 2025 884 2125 Ἀδὰμ,
904 2029 962 2107 καὶ
989 2023 1114 2131 ὥσπερ
1136 2029 1174 2107 ἐν
1196 2025 1315 2134 ἐκείνῳ
1329 2028 1410 2159 ξΣΡῐ·
1418 2044 1470 2078 *⁰⁵

119 2145 386 2252 κατεοτάθημεν
424 2151 631 2253 ἁμαρτωλοί
668 2146 726 2229 διὰ
763 2149 829 2248 τὴν
864 2148 1089 2254 παράβασιν,
1129 2150 1240 2232 οὕτως
1278 2151 1316 2230 ε’ν

119 2276 272 2380 Χριστῷ
306 2273 558 2368 δεδικαιιόμεθα
596 2270 639 2351 δι’
673 2273 843 2371 ὑπακοῆς.
894 2272 963 2351 ἔδει
998 2274 1117 2352 τοίνυν
1148 2282 1314 2371 μεσολα-

67 2417 104 2480 15
120 2402 280 2492 βοῦντος,
299 2398 424 2504 φησὶν,
449 2392 588 2477 οὐδενὸς
615 2391 682 2494 τὴν
708 2397 746 2473 ἐν
766 2399 917 2502 Χριστῷ
945 2393 1131 2474 δικαίωσιν
1157 2401 1232 2479 τοῖς
1259 2397 1317 2478 ἐπὶ

119 2521 187 2620 γῆς
219 2518 492 2622 ἀναφαίνεσθαι·
545 2512 622 2596 εἶτα
652 2517 738 2597 ποία
774 2516 899 2619 γε’γονε
934 2523 1007 2596 τῶν
1039 2514 1097 2596 διὰ
1130 2515 1319 2602 Μωυσέως

119 2640 238 2742 νόμιον
261 2642 309 2724 ὡς
335 2641 380 2747 ἐξ
399 2638 557 2743 ἀνάγκης
578 2640 601 2741 ἡ
625 2640 749 2744 χρεία;
779 2636 869 2740 πρὸς
892 2637 936 2738 δὴ
960 2638 1006 2717 τὰ
1032 2647 1178 2719 τοιαῦτα
1204 2639 1326 2728 πάλιν

120 2767 141 2844 ὁ
159 2765 353 2848 θεσπίσας
375 2769 523 2847 Παῦλος
541 2765 730 2868 μονονουχὶ
744 2763 802 2842 καὶ
814 2762 1003 2843 ἀνίσταται
1013 2761 1132 2864 λε’γων
1144 2762 1261 2868 Νίμος
1281 2758 1317 2842 θὲ

120 2885 336 2993 παρεισῆλθεν
354 2884 410 2967 ἰἰα
432 2883 602 2998 πλεονάσῃ
625 2885 661 2966 τό
688 2886 935 2994 παράπτωμα·
964 2885 1006 2964 τὸ
1032 2885 1074 2964 δέ
1088 2882 1318 2992 Παρεισῆλθεν,

66 3050 107 3092 ιο
120 3012 198 3089 ἀντὶ
224 3017 288 3089 τοῦ
311 3010 602 3114 παρεισβέβληκε
629 3007 764 3114 μεταξὺ
794 3012 857 3108 τῆς
884 3042 923 3088 τε
952 3011 990 3088 ἐν
1007 3005 1126 3116 Ἀδᾷμ
1154 3007 1320 3110 κατακρί-

119 3166 214 3216 σεως
243 3135 301 3211 καὶ
332 3131 396 3232 τὴς
426 3135 464 3211 ἐν
491 3135 645 3238 Χριστῷ
674 3129 913 3230 δικαιοσύνης.
953 3133 1012 3210 καὶ
1043 3130 1097 3238 τίς
1129 3127 1173 3210 ἂν
1203 3135 1319 3210 νοοῖτο

120 3255 233 3337 πάλιν
251 3259 314 3355 τῆς
339 3261 403 3335 τοῦ
429 3252 539 3352 νόμου
556 3256 824 3357 παρεισδρομῆς
842 3254 865 3351 ἡ
884 3254 996 3357 χρεία,
1014 3259 1145 3358 σαφῶς
1173 3253 1320 3332 ἀκούσει
1329 3281 1371 3335 10
1385 3279 1434 3337 1.

121 3379 292 3480 λε’γαντος
313 3374 388 3458 ΙἸνα
415 3378 586 3490 πλεονάσῃ
611 3376 647 3456 τά
676 3375 919 3483 παράπτωμα.
951 3376 989 3455 τί
1008 3374 1094 3482 φῂς,
1110 3373 1140 3454 ὦ
1159 3381 1315 3472 Παῦλε;

122 3497 193 3605 αἰρα
216 3504 273 3580 καὶ
297 3501 472 3603 ἁμαρτίας
491 3501 511 3579 ὁ
530 3499 638 3597 νόμος
655 3496 700 3597 ἦν
717 3496 903 3604 πρόξενος,
925 3502 983 3579 καὶ
1004 3497 1254 3597 πεπλήθννται
1265 3499 1318 3610 Υδι’

68 3659 106 3718 τ5
122 3627 230 3705 αὐτοῦ
255 3621 296 3703 τὸ
321 3621 574 3726 παράπτωμα;
609 3619 658 3720 μὴ
681 3620 831 3722 γε’νοιτο.
872 3621 942 3726 χρὴ
968 3621 1087 3701 τοίνυν
1112 3627 1321 3724 κατενρῦναι

121 3753 185 3848 τῆς
213 3747 470 3849 μυσταγωγίας
496 3743 560 3824 τὸν
584 3742 730 3847 τρόπον.
770 3744 841 3849 ἔφη
865 3752 1054 3847 τοιγαροῦν
1072 3744 1092 3822 ὁ
1112 3744 1247 3823 Δαυεὶδ
1265 3740 1321 3821 ότι

122 3883 144 3922 “
162 3869 291 3955 πάντες
310 3868 504 3976 ἐξέκλιναν,
523 3865 598 3966 ἅμα
616 3867 876 3972 ἠχρειῶθησαν,
894 3868 958 3947 οὐκ
975 3863 1020 3965 ἦν
1044 3869 1065 3945 ὁ
1091 3872 1204 3947 ποιῶν
1227 3897 1317 3969 χρη-
1330 3887 1373 3937 Ρι.
1384 3885 1437 3936 κιο
1450 3900 1474 3950 ³·

122 4006 144 4044 “
162 3993 332 4092 οτόοητα,
345 3994 407 4073 οὐκ
425 3989 469 4091 ἦν
487 3991 553 4075 ἕως
570 3989 680 4074 ἑνός·”
712 3987 950 4095 διεφθάρκασι
968 3989 1033 4088 μὲν
1051 3989 1122 4092 γὰρ
1140 3986 1271 4070 πάντες
1285 3991 1319 4065 οί
1330 4011 1369 4061 οι.
1380 4009 1487 4061 omi.

121 4121 179 4198 ε’πὶ
197 4120 261 4215 τῆς
282 4121 351 4220 γῆς
371 4115 437 4213 τὴν
456 4112 539 4195 ὁδὸν
556 4115 673 4193 αιἰτῶν
690 4111 780 4214 μετὰ
802 4111 869 4211 τὴν
893 4115 930 4190 ἐν
947 4110 1067 4212 Ἀδὰμ
1092 4109 1315 4213 παράβασιν·
1331 4090 1371 4129 η’

68 4240 289 4344 3οταιίιῃτοι
314 4240 372 4318 καὶ
397 4235 616 4338 ἐκολάζοντο,
645 4233 765 4335 κοινὴν
796 4232 861 4333 μὲν
890 4231 1044 4318 ἅπαντες
1072 4233 1321 4333 ὑπομείναντες

123 4365 224 4464 δίκην
260 4361 323 4440 τὸν
356 4359 624 4459 κατακλυσμὸν,
653 4361 771 4442 ίδικῶς
807 4356 845 4437 δὲ
877 4361 934 4437 καὶ
967 4355 1058 4436 κατὰ
1090 4354 1232 4458 καιρούς
1263 4361 1322 4435 καὶ

126 4484 219 4568 κατὰ
234 4484 353 4590 χώρας
371 4487 483 4568 τεκαὶ
501 4482 634 4570 πόλεις·
663 4487 693 4562 εί
711 4481 783 4585 γὰρ
801 4484 859 4562 καὶ
876 4479 983 4582 νόμος
1001 4481 1066 4564 οὐκ
1083 4478 1137 4583 ἦν,
1156 4479 1240 4560 ἀλλ’
1259 4479 1323 4561 οὖν

677 4602 771 4670 οὶια
