3278 5130
133 413 277 481 [1¹4M·]

289 321 356 392 402.
433 322 471 386 Β.
495 319 682 386 CYRILLI
708 317 972 382 ALEXANDR.
998 315 1282 382 FRAGMENTA
1329 315 1374 378 iii.
1390 333 1401 377 ι
1418 335 1490 398 sqq.

290 485 354 564 τὸν
372 484 526 588 Ἰσραὴλ
548 485 590 564 οὐ
614 484 765 586 μετρίιυς
789 477 1049 564 ἀπονενευκότα
1075 479 1166 584 πρὸς
1192 476 1236 559 τῦ
1264 476 1404 585 ἐξῆνιον
1429 479 1494 556 καὶ

289 605 381 711 πρός
412 642 454 709 γε
485 607 527 688 τὸ
560 611 633 687 δεῖν
664 608 918 712 ἀντιφέρεσθαι
948 611 1001 713 τῷ
1034 611 1195 712 Χριστῷ.
1244 606 1302 684 καὶ
1334 609 1406 681 τῶν
1438 607 1495 685 είς

292 730 435 812 Μωσέα
462 765 501 810 τε
530 729 653 831 λόγων
681 733 739 808 καὶ
757 731 942 830 ἐγκωμίων
966 727 1126 824 ἅπτεται,
1148 727 1282 809 πιστὸν
1306 723 1372 824 μέν
1392 725 1491 804 ἀπο-

291 860 424 951 καλῶν,
457 850 683 954 συνεισάγων
715 851 753 933 δὲ
782 852 919 935 τούτοις
952 853 1104 935 ἀστείως
1133 855 1198 950 τῆς
1226 856 1290 929 τοῦ
1319 851 1495 948 Σωτῆρος

290 977 391 1077 ἡμῶν
411 980 586 1082 ὑπεροχῆς
609 974 651 1056 τῦ
675 973 772 1056 πολῦ
798 977 881 1055 λίαν
899 972 1106 1074 ἀνεστηκός·
1136 973 1207 1078 ἔφη
1226 971 1299 1075 γάρ
1318 970 1493 1072 γενέσθαι
1511 1001 1532 1060 5

289 1100 455 1203 Χριστὸν
473 1103 663 1182 ἀπόστολον
684 1109 744 1180 καὶ
765 1098 920 1208 ἀρχιερέα
948 1103 1005 1178 καὶ
1029 1097 1120 1202 πρός
1147 1133 1187 1199 γε
1213 1097 1329 1204 τούτῳ
1355 1093 1492 1190 πιστόν,

289 1224 450 1327 καθάπερ
469 1222 593 1322 ἀμέλει
617 1227 675 1303 καὶ
695 1221 799 1307 αὐτὸς
818 1223 964 1325 γέγονεν
982 1224 1003 1301 5
1024 1227 1198 1321 Μωυσῆς,
1218 1219 1430 1326 εῦοφόρμως
1449 1217 1494 1297 δὲ

290 1351 374 1430 λίαν
404 1346 632 1451 παρενεγκῶν
664 1351 711 1430 είς
744 1348 858 1446 μέσον
890 1346 931 1427 τὸ
966 1345 1131 1429 Μωσέως
1163 1345 1277 1444 ὄνομα
1313 1347 1370 1423 καὶ
1402 1339 1493 1425 τοῦς

289 1472 452 1557 ε’παίνους
469 1470 550 1555 τοῦς
573 1473 626 1552 ἐπ’
646 1473 743 1578 αὐτῷ
759 1475 995 1574 προκαταθεὶς
1015 1476 1067 1577 τῷ
1085 1467 1197 1577 Λόγῳ
1215 1468 1367 1573 δέδειχεν
1385 1465 1494 1549 εῦθῦς

289 1594 440 1677 κατόπιν
458 1596 544 1676 ὅντα
569 1599 632 1694 τῆς
654 1594 762 1702 δόξης
782 1601 960 1698 Χριστοῦ·
990 1599 1202 1694 τετιμῆσθαι
1227 1590 1300 1694 γάρ
1318 1592 1389 1698 ἔφη
1406 1623 1490 1687 μει·
1512 1623 1554 1662 ιο

289 1716 397 1822 ζόνως
427 1716 535 1798 αὐτὸν
563 1716 699 1800 καθόσον
725 1722 867 1800 πλείονα
895 1716 988 1823 τιμῆν
1019 1717 1089 1817 ἔχει
1119 1719 1175 1797 τοῦ
1207 1720 1294 1797 οἴκου
1322 1723 1337 1795 5
1368 1749 1488 1795 κατα-

290 1841 468 1928 σκενοόσας
491 1843 601 1922 αὐτόν.

345 1966 459 2071 Ὁρᾷς
485 1965 582 2048 ὅπως
606 1969 663 2044 καὶ
688 1966 726 2044 ἐν
744 1968 854 2068 σαρκί
879 1962 1055 2066 γεγονότα
1079 1961 1143 2044 τὸν
1166 1971 1230 2044 τοῦ
1250 1969 1346 2044 Θεοῦ
1365 1961 1493 2064 Λόγον

290 2091 349 2169 καὶ
379 2090 418 2168 ἐν
449 2093 494 2192 τῆ
523 2095 587 2167 τοῦ
618 2086 751 2168 δούλου
775 2095 900 2194 μορφῆ
930 2087 1121 2186 νοούμενον
1156 2094 1382 2185 οἰκονομικῶς
1414 2092 1494 2166 τῶν

289 2214 354 2309 τῆς
381 2210 654 2313 ἀνθρακτότητος
679 2212 878 2314 ἀνακομίζει
905 2211 1044 2314 μέτρων
1062 2215 1120 2290 καί
1147 2218 1220 2290 τῶν
1238 2215 1302 2309 τῆς
1325 2209 1492 2294 δουλείας
1510 2243 1552 2306 15

290 2333 385 2436 ὅρων
420 2332 578 2414 ἐπέκεινα
610 2339 725 2433 τιθεὶς,
754 2331 1005 2438 γενεσιουργῦν
1035 2331 1125 2413 εἶναί
1155 2341 1250 2438 φησι
1281 2340 1354 2413 τῶν
1391 2332 1493 2413 ὅλων

292 2459 349 2536 καὶ
378 2459 486 2538 ου’τοῦ
519 2454 555 2538 δὲ
582 2457 749 2558 δηλονότι
780 2452 959 2554 Μωσέως,
987 2464 1167 2564 στεφανοῖ
1194 2457 1231 2537 δὲ
1262 2455 1322 2537 διά
1350 2457 1490 2537 τοότων

292 2588 337 2686 τῇ
364 2586 428 2679 τῆς
459 2581 549 2661 κατὰ
583 2581 697 2688 φύσιν
721 2579 927 2685 κυριότητος
960 2580 1062 2688 δόξη.
1101 2588 1131 2661 εί
1159 2581 1230 2683 γάρ
1257 2583 1358 2662 ε’στιν
1389 2583 1487 2679 ἀλη-

293 2701 352 2788 θές
385 2704 439 2786 ότι
473 2712 545 2785 τῶν
573 2704 782 2805 ποιημάτων
813 2705 913 2785 οῦδὲν
947 2705 1078 2786 τοῦτὸν
1113 2705 1216 2786 ε”σται
1253 2706 1329 2785 κατ’
1360 2706 1491 2785 οὐσίαν

293 2833 345 2934 τῷ
365 2835 506 2933 ποιητῇ,
523 2835 601 2913 πῶς
623 2827 669 2909 ἀν
686 2826 878 2910 ἐνδοιάσειέ
897 2863 952 2914 τις
975 2828 1031 2910 ὅτι
1054 2830 1172 2929 πάντη
1196 2863 1235 2909 τε
1262 2833 1321 2909 καὶ
1344 2828 1490 2913 πάντως
1507 2863 1550 2904 ιο

293 2952 447 3049 ἀμείνων
477 2953 581 3033 ἔσται
616 2951 707 3033 κατὰ
743 2952 810 3053 τῆν
842 2951 955 3060 δόξαν
987 2953 1007 3032 5
1039 2953 1312 3036 κατασκευάσας
1349 2950 1486 3050 αὐτόν,

294 3073 449 3178 ἐπιτήρει
467 3075 505 3156 δὲ
519 3075 574 3157 ότι
592 3075 644 3159 τόν
657 3078 847 3158 ἀπόστολον
867 3084 927 3157 καὶ
947 3074 1105 3184 ἀρχιερέα
1124 3075 1182 3170 τῆς
1200 3079 1387 3182 ὁμολογίας
1401 3075 1492 3178 ἡμῶν

294 3195 403 3278 αὐτὸν
420 3197 490 3304 ἔφη
514 3198 631 3282 πιστόν
652 3198 717 3298 μέν
739 3202 906 3302 γενέσθω
928 3209 975 3308 τῷ
997 3202 1169 3294 ποιήσαντι
1194 3197 1290 3280 αὐτόν
1312 3199 1405 3280 καθά
1428 3208 1490 3280 καὶ

293 3319 399 3406 αῦτῦς
415 3319 460 3420 ἦν
478 3324 498 3401 5
517 3322 728 3427 ἱεροφάντης
747 3323 885 3421 Μωσῆς,
898 3326 1048 3410 πλείονος
1067 3321 1181 3425 γεμὴν
1197 3323 1376 3430 ἠξιῶσθαι
1395 3318 1492 3430 δόξης

293 3448 373 3550 παρ’
395 3446 526 3525 ἐκεῖνον
555 3443 693 3526 καθόσον
721 3455 864 3528 πλείονα
892 3445 987 3552 τιμῆι
1016 3447 1086 3546 ἔχει
1118 3449 1172 3526 τοῦ
1200 3449 1287 3528 οἴκου
1321 3456 1335 3528 5
1369 3481 1487 3527 κατα·
1506 3479 1548 3540 25

295 3568 470 3654 σκευόσας
500 3569 611 3649 αὐτόν·
640 3567 863 3672 προσεπάγει
893 3569 931 3651 δὲ
958 3570 1106 3668 τούτοις,
1135 3567 1229 3650 Θεὸν
1259 3570 1346 3649 ὄντα
1378 3596 1488 3650 κατα·

296 3690 431 3774 δεικνῦς
448 3691 511 3771 τὸν
528 3693 673 3792 Ἰησοῦν
693 3696 772 3779 Πῶς
794 3693 832 3773 δὲ
857 3691 945 3781 οἶκος
971 3693 1268 3803 κατασκευάζεται
1299 3691 1364 3775 ὑπό
1392 3730 1489 3785 τινος,

296 3823 311 3895 5
341 3809 376 3895 δὲ
404 3813 451 3895 τα
478 3813 595 3896 πιόντα
622 3815 897 3904 κατασκευῶν-ας
925 3817 1024 3903 Θεός.
1063 3819 1190 3896 οὐκοῦν
1217 3823 1247 3896 εί
1275 3817 1340 3914 μὲν
1366 3814 1411 3916 ἦν
1435 3851 1491 3902 τις

295 3938 482 4042 ἅνθρωπος
509 3937 558 4022 εἷς
584 3945 657 4019 τῶν
684 3938 766 4019 καθ’
787 3941 880 4040 ἡμᾶς
905 3937 1118 4044 ὁΧριστῦς,
1138 3941 1207 4019 ἔδει
1234 3943 1416 4044 κρίνεσθαι
1443 3939 1491 4021 τά

295 4060 371 4141 κατ’
389 4060 498 4142 αὐτὸν
516 4065 565 4148 ὡς
587 4060 659 4143 ἀπὸ
684 4063 796 4162 μόνον
820 4073 883 4143 τοῦ
911 4063 1042 4167 χρόνον
1063 4068 1125 4162 τῆς
1144 4063 1237 4144 κατὰ
1254 4067 1374 4167 σοίρκα
1392 4065 1489 4165 γενέ·
1506 4099 1551 4156 30

295 4214 402 4269 σεως·
431 4185 549 4287 ἐπειδὴ
578 4184 615 4266 δὲ
645 4188 665 4266 5
697 4189 755 4266 καὶ
785 4189 902 4266 αὐτῶν
930 4187 1068 4268 αὶῶνων
1095 4185 1345 4291 πρεσβύτατος
1367 4193 1491 4267 Μονο-

295 4307 400 4409 γενῆς
418 4307 505 4393 Υἱὸς
526 4311 565 4388 ἐν
583 4310 721 4416 εῦδοκίρ
745 4317 808 4388 τοῦ
825 4315 920 4388 Θεοῦ
944 4311 1002 4388 καὶ
1022 4308 1166 4413 Πατρός
1188 4309 1333 4412 γέγονεν
1352 4312 1490 4414 ἀνθρω-

721 4539 762 4597 17.
782 4527 823 4580 διδ
836 4532 887 4582 τῶν
898 4525 994 4582 τούτων
1008 4527 1053 4583 Cr.
