3280 5142
133 351 292 422 xviii.21.
331 357 390 422 IN
412 358 721 426 S.JOANNEM.
760 361 856 426 LIB.
874 361 935 427 XI.
976 360 1174 428 CARXII.
1299 359 1340 422 35

133 519 304 626 πρόωρον
337 520 463 628 ῶσπερ
500 524 748 632 ἐπενεγκόντες
783 525 850 625 τὴν
882 526 1049 620 κόλασιν,
1080 529 1254 629 περιττῶς
1290 522 1341 602 ἔτι

134 641 284 746 ζητοῦσι
312 646 359 727 τά
386 650 611 750 πταίσματα.
658 653 694 731 τί
716 652 835 732 τοίνυν
853 652 970 758 φησὶν
988 653 1112 762 ἐρωτᾷς
1136 651 1195 730 καὶ
1220 653 1375 732 καλεῖςᾱ

133 773 186 853 εἷς
203 771 410 873 ἀπολογίαν
427 773 492 853 τὸν
509 773 579 876 ἤδη
601 774 766 857 παθόντα
787 773 855 875 τὴν
873 774 1015 883 ἔφοδον,
1033 773 1285 878 πρεσβυτέραν
1303 806 1341 851 τε

133 897 211 973 τῶν
239 893 400 1002 ἐλέγχων
429 899 593 1004 λαχόντα
625 897 692 1000 τὴν
721 901 917 1004 τιμωρίαν;
957 905 1184 1004 προσβαλεῖς
1213 894 1252 978 δέ
1283 897 1342 975 καὶ

100 1017 263 1121 5έτέρως
291 1027 365 1106 τοῖς
392 1023 595 1126 εἰρημένοις.
635 1029 669 1105 οἱ
696 1021 933 1126 μεμισηκότες
960 1023 1040 1125 ἤδη,
1059 1025 1166 1129 φησὶ,
1185 1023 1243 1102 καὶ
1264 1027 1342 1103 ταῖς

134 1143 231 1223 οὕτω
254 1146 383 1232 δειναῖς
407 1149 562 1246 ἀτιμίαις
585 1147 901 1254 περιβεβληκθιες,
917 1148 982 1229 ε’ίτι
1007 1182 1076 1251 περ
1101 1146 1244 1248 λέγοιμι
1270 1151 1343 1224 τῶν

133 1267 213 1346 κατ’
236 1269 399 1368 ἐμαυτὸν,
428 1272 493 1353 οὐκ
521 1271 566 1354 ἀν
592 1273 683 1358 ’ίσως
710 1272 902 1374 ὀκνήσαιεν
928 1276 987 1354 καὶ
1014 1271 1057 1352 τὸ
1084 1269 1204 1378 φειίδη
1232 1275 1337 1365 βοᾶν.

134 1391 265 1473 οὐκοῦν
291 1392 392 1499 παρὰ
419 1401 484 1496 τῆς
510 1396 638 1501 ἑτέρων
665 1396 882 1478 διδάσκεσθε
911 1400 1043 1504 φωνῆς.
1090 1395 1342 1496 ἀταλαίπωρος

134 1524 325 1603 παντελῶς
343 1526 416 1599 τῶν
432 1520 625 1626 μαρτύρων
642 1522 664 1622 ἦ
684 1519 843 1623 ζήτησις·
875 1521 947 1601 οἵδε
971 1519 1044 1625 γὰρ
1069 1518 1244 1623 γεγόνασι
1269 1523 1342 1598 τῶν

85 1663 123 1702 10
135 1641 233 1739 ἐμῶν
250 1641 418 1744 κατήκοοι
442 1641 577 1749 λόγων.
617 1649 676 1727 καὶ
695 1653 811 1747 νομιεῖ
824 1649 888 1747 μέν
908 1681 961 1732 τις
979 1642 1100 1751 τυχδν,
1119 1643 1174 1725 ὅτι
1197 1645 1343 1748 καρδίας

136 1762 239 1850 είδῶς
264 1771 323 1846 καὶ
348 1767 511 1875 νεφροὺς,
531 1768 694 1878 ὑπέδειξέ
715 1805 814 1855 τινας
838 1778 911 1851 τῶν
928 1768 1210 1874 παρεστηκότων
1232 1771 1280 1852 ὡς
1304 1771 1343 1848 ἐκ

135 1897 202 1969 τοῦ
224 1889 497 1998 παρατυχόντος
522 1892 815 1997 ἀκροασαμένους
843 1895 963 1976 αὐτοῦ.
998 1889 1041 1975 τδ
1068 1890 1107 1973 δέ
1135 1893 1204 1998 οὐχ
1231 1894 1344 1975 οὕτως

137 2013 222 2119 ἔχει.
260 2016 447 2124 παρέδειξε
475 2016 547 2122 γάρ
570 2053 669 2103 τινας
687 2025 760 2098 τῶν
779 2020 975 2122 ι’στηρετῶν,
994 2017 1027 2098 οῖ
1052 2020 1111 2097 καὶ
1136 2015 1252 2098 πάλαι
1276 2013 1344 2114 τὴν

135 2140 223 2242 παρ’
249 2141 359 2221 αὐτοῦ
389 2140 540 2248 διδαχὴν
566 2141 825 2242 τεθαυμάκασι,
853 2145 913 2223 καὶ
944 2149 1021 2225 πῶς
1051 2139 1073 2242 ἢ
1104 2138 1202 2236 πότε,
1229 2136 1343 2219 πόλιν

87 2280 123 2340 15
137 2268 250 2344 εἰπεῖν
280 2266 477 2367 ἀναγκαῖον
507 2265 595 2370 ὑπὲρ
629 2265 830 2375 σαφηνείας
860 2273 932 2345 τῶν
960 2264 1164 2369 είρημένων.
1214 2264 1511 2343 οὐκοῦνιιιοαοΔ.

136 2386 246 2473 αὐτὸς
270 2389 355 2488 ἡμῖν
373 2391 500 2470 οὑτοσὶ
523 2389 675 2471 πάλινό
700 2388 893 2474 θεσπέσιος
918 2386 1199 2492 Εὐαγγελιστὴς
1225 2386 1339 2467 λελά-

136 2513 234 2614 ληκέ
255 2547 291 2594 τι
317 2522 490 2613 τοιοῦτον,
508 2516 556 2598 ὡς
580 2513 821 2622 ἐξηγουμένου
846 2512 933 2596 ποτὲ
959 2521 1025 2594 τοῦ
1049 2517 1217 2616 Σωτῆρος
1243 2511 1344 2610 ἡμῶν

136 2641 316 2742 Χριστοῦ,
335 2639 396 2718 καὶ
422 2643 497 2722 τοῖς
524 2637 859 2742 συνδεδραμηκόσιν
876 2637 1062 2720 Ἰουδαίοις
1089 2636 1153 2716 τὸν
1174 2639 1255 2739 περὶ
1280 2639 1345 2734 τῆς

136 2767 213 2840 τῶν
245 2762 408 2865 οὐρανῶν
438 2763 629 2860 βασιλείας
663 2761 952 2846 διατι-τόσσοντος
989 2758 1115 2864 λόγον,
1144 2760 1344 2862 διεπρίοντο

86 2915 124 2955 ²0
136 2884 254 2966 πόλιν
280 2891 314 2967 οἱ
340 2893 414 2967 τῶν
438 2888 643 2968 Ἰουδαϊκῶν
671 2884 869 2990 ταγμάτων
895 2883 1095 2987 ἡγούμενοι,
1125 2887 1183 2964 καὶ
1211 2881 1344 2986 θερμὸν

137 3009 193 3091 ἔπ’
214 3011 312 3119 αὐτῷ
329 3009 393 3092 τόν
412 3007 551 3118 φθόνον
569 3012 765 3109 ὠδίνοντες,
781 3011 822 3090 ἐκ
840 3007 954 3110 μέσου
972 3015 1087 3090 ποιεῖν
1105 3004 1338 3109 ἐσπούδαζον.

138 3133 239 3236 λέγει
266 3133 305 3214 δὲ
329 3136 440 3220 οὕτως
465 3137 486 3216 ὁ
505 3133 782 3238 Εὖαγγελιστής
800 3146 822 3182 “
839 3136 911 3215 Καὶ
929 3132 1149 3215 ἀπέστειλαν
1167 3138 1200 3212 οἱ
1218 3134 1337 3236 ἀρχιε-
1387 3146 1473 3272 ξχνῑχ

138 3267 162 3305 “
179 3264 253 3360 ρεῖς
270 3260 329 3338 καὶ
348 3264 382 3340 οἱ
400 3263 595 3364 Φαρισαῖοι
613 3257 789 3363 ὑπηρέτας
806 3260 864 3340 ἵνα
882 3257 1069 3340 πιάσωσιν
1088 3253 1225 3336 αὐτόν.”
1255 3257 1340 3337 ἀλλ’
1477 3245 1484 3260 ’

139 3383 188 3465 ὡς
212 3378 329 3466 πολὺς
354 3387 413 3462 καὶ
438 3382 576 3488 μακρὸς
595 3385 615 3464 ὁ
637 3383 738 3488 παρὰ
756 3391 820 3464 τοῦ
839 3386 1008 3485 Σωτῆρος
1032 3383 1133 3481 ἡμῶν
1155 3379 1377 3488 ε’ξετείνετοι)

86 3539 126 3602 ²5
139 3505 265 3608 λόγος,
296 3510 330 3586 οἱ
359 3506 460 3611 παρὰ
488 3515 561 3588 τῶν
589 3509 772 3590 Ἰουδαίων
799 3506 1068 3606 ἀπεσταλμένοι
1104 3512 1178 3589 τοῖς
1216 3504 1344 3589 ἀλλοις

139 3625 258 3710 ἅπασι
277 3632 542 3730 συνεπείθοντο,
561 3634 620 3712 καὶ
638 3629 884 3730 τεθαυμάκασι
902 3630 1015 3712 πλέον
1034 3628 1125 3733 ἤπερ
1148 3663 1203 3714 τις
1226 3629 1345 3732 ἕτερος

137 3760 214 3834 τῶν
230 3753 434 3836 τελούντων
452 3762 501 3840 εἰς
519 3754 665 3861 ὄχλους.
705 3755 802 3858 λέγει
827 3752 865 3835 δὲ
890 3757 983 3836 οὕτω
1001 3751 1116 3834 πάλιν
1133 3754 1154 3832 ὁ
1174 3755 1341 3855 Εὑαγγε·

139 3877 271 3980 λιστής
296 3876 481 3961 “Ἧλθον
508 3881 571 3960 οὖν
599 3885 632 3960 οἱ
661 3877 829 3983 ὑπηρέται
856 3877 948 3982 πρὸς
975 3877 1058 3963 τοὺς
1088 3881 1259 3982 ἀρχιερεῖς
1286 3882 1344 3958 καὶ
1389 3890 1493 3954 11)·45-

139 4012 163 4050 “
180 4005 414 4108 Φαρισαίους,
442 4008 500 4085 καὶ
530 4001 631 4086 εἶπον
660 4005 781 4089 αὐτοῖς
812 4006 936 4084 ἐκεῖνοι
963 4003 1075 4082 Διατί
1099 4002 1164 4081 οὐκ
1191 3997 1344 4102 ἠγάγετε
1389 3969 1430 4020 47·

88 4159 127 4216 30
140 4137 163 4176 ‘⁶
180 4128 318 4223 αὑτόν;
365 4129 612 4233 ἀπεκρίθησαν
651 4133 685 4209 οἱ
728 4127 898 4232 ὑπηρέται
938 4126 1123 4207 Οὐδεῖτοτε
1163 4120 1346 4224 ε’λιίλησεν

140 4263 163 4301 “
181 4255 296 4340 οὕτως
323 4253 523 4358 ἅνθρωπος.
572 4255 820 4358 ἀπεκρίθησαν
845 4253 908 4332 οὖν
937 4251 1055 4333 αὐτοῖς
1087 4253 1120 4329 οἱ
1151 4252 1345 4352 Φαρισαῖοι

140 4388 164 4426 “
183 4375 253 4478 Μὴ
271 4381 330 4460 καὶ
349 4379 444 4476 ὑμεῖς
466 4378 708 4480 πεπλάνησθε
723 4379 756 4476 ;”
787 4376 923 4460 ἀκοιίεις
952 4374 1049 4458 ὅπως
1076 4371 1374 4472 ἀναπεπεισμέο

144 4637 186 4687 24.
205 4621 276 4692 παρὰ
289 4617 459 4690 amand.
553 4618 596 4674 26.
615 4621 679 4688 ἤπερ
692 4615 840 4672 emendavi.
853 4613 925 4686 εἴπερ
938 4613 991 4670 Ed.
1084 4625 1127 4686 τη.
1147 4616 1218 4668 οὕτω
1232 4611 1295 4684 (sic)
1311 4611 1345 4667 E.

716 4717 769 4764 Η
