3284 5130
130 369 185 416 xx.
202 368 252 436 17.
312 357 371 422 IN
401 359 715 429 S.JOANNEM.
761 362 859 430 LIB.
882 364 963 432 XII.
1008 364 1113 431 cAP.
1136 365 1165 431 1.
1270 362 1333 428 121

129 522 191 599 καὶ
227 523 337 622 αὐτῆς
373 531 436 626 τῆς
472 531 561 630 ἀρᾶς
595 531 652 634 ἐφ’
683 527 707 634 ᾗ
746 534 939 610 λυπεῖσθαι
971 531 1230 632 προστέτακτο,
1260 534 1334 609 τῶν

128 641 302 745 μεγάλων
328 650 475 750 ἀγαθῶν
507 651 643 732 κελεύει
673 653 842 756 γενέσθαι
873 653 1149 757 πρωτάγγελον,
1179 655 1238 734 καὶ
1267 651 1334 753 τὴν

127 765 224 870 πρὸς
247 767 298 876 ,τδ
331 772 405 855 ἀνω
441 774 590 870 βάδισιν
621 775 913 881 εὐαγγελίζεσθαι
949 785 1023 862 τοῖς
1060 783 1250 878 μαθηταῖς·
1287 775 1333 855 ἵν’

129 886 258 996 ὥσπερ
294 895 317 994 ἦ
351 899 477 1001 πρῶτη
518 904 576 980 καὶ
612 906 745 981 πασῶν
779 899 999 1005 ἀρχαιοτάτη
1030 898 1122 1004 γυνὴ
1156 907 1234 987 ταῖς
1268 907 1335 981 τοῦ

96 1015 308 1112 Βδιαβόλον
337 1029 474 1128 φωναῖς
507 1022 773 1128 ὐπουργήσασα
806 1024 1006 1129 κατεκρίθη,
1038 1027 1098 1105 καὶ
1127 1026 1170 1105 δι’
1201 1025 1335 1124 ἐκείνης

129 1137 345 1237 σύμπαντδ
363 1152 517 1247 θηλειῶν
534 1147 649 1251 γε’νος,
666 1150 760 1228 οὕτω
785 1151 844 1228 καὶ
868 1147 958 1249 αὐτὴ
983 1156 1058 1234 τοῖς
1082 1157 1147 1230 τοῦ
1165 1153 1333 1253 Σωτῆρος

129 1263 233 1362 ἡμῶν
252 1267 513 1372 ὐπἠρετῆσασα
528 1270 666 1374 λόγοις,
687 1275 745 1353 καὶ
768 1271 815 1352 τά
839 1277 888 1357 είς
913 1271 1005 1376 ζωὴν
1023 1271 1247 1379 ἀναφέροντα
1265 1273 1334 1373 τὴν

129 1387 275 1470 αίιόνιον
292 1395 561 1497 ἀπαγγείλασα,
579 1398 729 1497 σύμπαν
747 1401 811 1498 τῆς
829 1397 943 1481 αίτίας
965 1396 1007 1476 τὸ
1034 1401 1187 1497 θηλειῶν
1205 1399 1363 1477 &vrak-e

129 1508 230 1620 λᾶξη
257 1516 371 1618 γένος.
411 1517 589 1625 χαρίζεται
617 1521 736 1602 τοίνυν
761 1555 807 1627 τη
838 1517 991 1623 Μαριάμ
1018 1519 1111 1623 πρὸς
1137 1517 1180 1601 τὸ
1208 1520 1334 1619 μηκέτι

81 1667 117 1707 ¹0
129 1639 270 1718 κλαίειν
287 1640 377 1740 μηδὲ
398 1648 448 1726 είς
470 1643 588 1728 λύπας
610 1646 761 1724 εὔκολον
778 1642 845 1743 τὴν
863 1643 1011 1747 καρδίαν
1029 1642 1122 1750 ἐχειν
1141 1644 1161 1723 δ
1181 1643 1329 1747 Κύριος,

129 1764 190 1840 καὶ
219 1761 262 1843 τὸ
290 1766 439 1866 ὡραίους
466 1773 660 1868 κεκτῆσθαι
687 1765 770 1852 τούς
796 1765 921 1853 πόδας.
959 1764 1052 1848 κατὰ
1078 1765 1151 1872 γὰρ
1178 1765 1244 1868 τὴν
1266 1775 1331 1848 τοῦ

129 1884 323 1991 προφήτου
341 1889 466 1995 φωνήν
482 1901 504 1938 “
515 1893 582 1977 Ὡς
600 1894 722 1994 ὡραῖοι
739 1895 773 1971 οἱ
790 1888 897 1976 πόδες
918 1897 992 1970 τῶν
1009 1889 1332 1994 εὐαγγελιζομένων
1375 1908 1451 1959 Rom·
1462 1925 1489 1960 x.

130 2019 154 2056 “
172 2008 220 2090 τὰ
237 2013 391 2114 ἀγαθά·”
421 2015 535 2096 καίτοι
559 2019 624 2115 τῆς
644 2013 790 2118 πρῶτος
814 2015 945 2115 ἐκείνης
966 2015 1033 2120 οὐχ
1058 2016 1208 2119 ὡραίους
1225 2013 1330 2121 ἐχού-
1378 1987 1498 2106 ίάοιῗςτ.

130 2167 204 2234 σης
230 2135 314 2222 τούς
339 2137 463 2238 πόδας,
491 2140 533 2218 οὐ
561 2135 634 2241 γάρ
663 2172 698 2217 τι
728 2144 801 2218 τῶν
828 2139 977 2240 ἀγαθῶν
1003 2138 1259 2243 εὐηγγελίζετο,
1286 2137 1335 2220 τά

82 2281 115 2339 ¹5
128 2257 223 2362 πρὸς
246 2260 459 2366 παράβασιν
476 2267 540 2362 τῆς
568 2262 663 2345 θείας
691 2263 839 2361 ἐντολῆς
864 2263 916 2369 τῶ
939 2261 1142 2364 προπάτορι
1168 2269 1333 2364 συμβου-

131 2383 316 2465 λεύσασα.
358 2385 414 2465 ὅτι
441 2384 480 2466 δέ
507 2385 730 2494 ἀξιάγαστος
757 2385 779 2485 ἡ
810 2384 976 2488 Μαριὰμ,
1004 2386 1193 2467 κάντεῦθεν
1220 2384 1335 2487 συνή-

131 2535 223 2591 σεις·
258 2508 400 2611 μνήμης
426 2508 498 2614 γάρ
530 2509 666 2615 ἠξιώθη
699 2511 936 2616 προφητικῆς.
985 2505 1023 2588 τί
1048 2505 1121 2612 γάρ
1152 2508 1224 2616 ἐφη
1251 2509 1367 2612 περὶιί

130 2633 242 2732 ὥς
273 2636 333 2715 καὶ
370 2640 443 2714 τῶν
470 2633 543 2714 σύν
569 2635 659 2738 αὐτῇ
688 2639 876 2736 γυναικῶν,
904 2631 942 2712 αἳ
970 2630 1038 2732 τὴν
1066 2639 1132 2712 τοῦ
1163 2637 1335 2735 Σωτῆρος

131 2755 338 2840 ἀνάστασιν
358 2765 433 2843 τοῖς
460 2760 574 2862 ἁγίοις
601 2754 871 2860 εὐηγγελίζοιπο
896 2761 1095 2857 μαθηταῖς;
1125 2764 1147 2802 “
1161 2761 1332 2841 Γυναῖκες
1376 2767 1499 2884 fffflfl·

79 2906 117 2948 ²0
131 2890 154 2928 “
173 2880 361 2988 ἐρχόμεναι
395 2883 467 2965 ἀπὸ
506 2881 589 2967 θέας
625 2888 737 2962 δεύτε·
787 2882 829 2961 οὐ
865 2879 938 2985 γάρ
974 2876 1064 2965 λαός
1100 2881 1201 2960 ἐστιν
1238 2880 1332 2985 ἔχων
1409 2869 1416 2886 ’

131 3016 154 3053 “
171 3006 352 3092 ούνεσιν.”
394 3005 461 3092 τάς
491 3005 558 3105 μέν
587 3005 661 3109 γὰρ
697 3005 959 3111 φιλοχρίστους
994 3007 1140 3105 ἀληθῶς
1176 3007 1334 3085 ταυτασὶ

129 3138 315 3233 γυναῖκας,
333 3134 524 3236 μονονουχὶ
551 3133 610 3210 καὶ
637 3128 793 3238 ὀξυτέριρ
818 3129 995 3237 φέρεσθαι
1023 3126 1144 3237 δρόμιρ
1170 3125 1214 3208 τὸ
1235 3133 1332 3208 θεῖον

130 3258 168 3337 ἐν
199 3256 339 3342 τούτοις
376 3254 611 3337 διακελεύεται
645 3251 783 3357 λόγιον,
815 3253 858 3334 ἵν’
893 3251 944 3334 ῶν
975 3251 1150 3356 γεγόνασι
1186 3258 1329 3358 θεωροὶ,

129 3389 245 3461 ταῦτα
285 3383 344 3461 καὶ
383 3380 652 3484 ἀπαγγείλειαν·
710 3375 931 3480 καταδικάζει
972 3377 1010 3458 δέ
1051 3382 1115 3477 τῆς
1149 3376 1332 3460 Ἰουδαίων

77 3533 115 3595 25
130 3505 336 3604 ἀσυνεσίας,
355 3503 418 3584 άτε
442 3503 488 3605 δὴ
515 3507 574 3583 καὶ
602 3501 710 3583 αὐτὸν
728 3500 792 3584 τδν
809 3506 891 3605 περὶ
916 3507 979 3604 τῆς
1004 3500 1242 3587 ἀναστάσεως
1264 3509 1359 3584 τοῦο

131 3633 301 3733 Σωτῆρος
318 3629 420 3729 ἡμῶν
437 3634 602 3731 Χριστοῦ
621 3626 870 3729 διαγελώντων
888 3624 1016 3730 λόγον,

189 3758 235 3833 ΕΞ
260 3751 299 3832 δέ
323 3755 382 3832 καὶ
405 3752 533 3856 ἐτέρων
551 3752 671 3831 οὐσῶν
688 3757 878 3853 γυναικῶν·
915 3756 1013 3832 δοκεῖ
1035 3749 1108 3856 γὰρ
1137 3753 1196 3832 καὶ
1223 3758 1331 3832 τοῦτο

130 3885 206 3962 τοῖς
231 3877 360 3980 ἐτέροις
386 3877 671 3978 εὐαγγελισταῖς·
701 3873 858 3981 ὁσοφδς
875 3873 1044 3975 Ἰωάννης
1068 3871 1180 3977 μόνης
1204 3871 1328 3972 ἐποιῆ·

129 4036 227 4084 σατο
255 4003 398 4102 μνήμην
427 4004 491 4101 τῆς
521 3997 686 4103 Μαριὰμ,
715 3999 778 4100 οὐκ
811 3997 991 4099 ἀλλήλοις
1022 3999 1199 4082 ἐναντίους
1228 3995 1333 4101 εὑρή-

74 4165 114 4221 30
130 4160 245 4227 σομεν
263 4131 336 4205 τῶν
358 4124 471 4226 ἁγίων
491 4121 575 4206 τούς
600 4120 742 4224 λόγους.
784 4118 875 4206 εἰκὸς
902 4120 974 4224 γὰρ
1002 4120 1058 4202 ὅτι
1084 4120 1196 4221 μόνης
1223 4122 1331 4220 ἔπερ.

130 4250 250 4352 νήσθη
272 4252 336 4348 τῆς
365 4245 519 4352 Μαριὰμ
545 4249 610 4347 τῆς
639 4247 889 4346 Μαγδαληνῆς
908 4242 1087 4344 Ἰωάννης,
1106 4239 1169 4324 άτε
1198 4241 1242 4343 δὴ
1270 4246 1332 4324 καὶ

128 4370 344 4479 θερμότερον
367 4371 520 4478 ἐχούσης
547 4367 590 4450 τὸ
618 4369 748 4471 κίνημα
775 4365 866 4471 πρὸς
893 4365 1041 4470 ἀγάπην
1064 4365 1132 4468 τὴν
1156 4371 1206 4452 είς
1233 4372 1328 4470 Χρι-

200 4617 228 4673 ³·
246 4601 393 4675 νῦνοθυῡ
407 4601 439 4658 E·
617 4618 644 4672 ο·
662 4598 706 4674 τὸ]
719 4603 756 4674 τῷ
769 4599 801 4656 Β·
989 4614 1035 4670 ³¹·
1051 4598 1211 4670 νουλινιι
1224 4596 1258 4654 R

170 4707 244 4754 Vol«.
260 4708 311 4754 111.
732 4707 754 4751 R
