3284 5130
287 323 331 388 98
590 319 631 384 Β.
654 313 867 384 CYRILLI
894 313 1186 380 ALEXANDR.
1353 311 1418 379 xix„
1432 331 1485 401 30.

288 483 561 582 καταπέτασμα.
599 479 654 562 διδ
684 483 743 562 καί
773 485 822 565 εἰς
854 476 920 580 τὴν
950 478 1098 584 πρώτην
1126 474 1305 582 ἐλογίζετο
1336 474 1487 578 σκηνὴν,

288 610 449 689 ἐκαλεῖτο
466 603 505 686 δέ
523 604 620 708 ἁγία·
660 606 703 685 οῦ
721 603 793 708 γὰρ
810 601 855 704 δή
873 637 927 689 τις
945 602 1040 688 ὅλως
1058 603 1198 705 ἀνίερον
1214 598 1305 682 εἰναί
1323 635 1404 682 τινα
1421 607 1487 680 τοῦ

291 738 377 811 ναοῦ
404 725 517 810 τόπον
544 731 624 832 ἐρεῖ,
652 726 888 836 διαφεύσεται
914 726 997 831 γὰρ,
1015 728 1157 829 ἐπείπερ
1185 725 1271 810 όλος
1298 723 1399 827 ἅγιος
1426 721 1485 824 ἦν·

262 888 280 933 ο
290 851 381 954 μετὰ
399 851 437 933 δέ
458 851 525 954 τὴν
540 851 688 956 πριότην
705 850 846 953 σκηνὴν
862 849 904 932 τὸ
928 850 1064 958 μεταξὺ
1082 849 1344 951 καταπέτασμα
1366 847 1485 929 δευτέ-

290 1011 359 1082 ραν
375 973 501 1080 ὥσπερ
519 974 708 1079 εἰργάζετο,
718 973 784 1076 τὴν
798 973 962 1077 ἐσωτέρω
981 978 1085 1080 φημὶ,
1103 973 1149 1054 τὰ
1168 971 1253 1078 ἅγια
1270 979 1343 1053 τῶν
1361 972 1485 1074 ἁγίων.
1503 1007 1522 1068 5

290 1101 376 1181 ἀλλ’
395 1098 520 1203 ὥσπερ
539 1101 560 1180 5
578 1098 749 1202 μακοίριος
771 1096 842 1204 ἔφη
861 1103 1020 1196 Παῦλος,
1039 1097 1099 1179 διοί
1117 1105 1190 1179 τῶν
1207 1101 1245 1178 ἐν
1263 1097 1387 1182 τύιτοις
1405 1096 1490 1196 ἡμῖν

290 1223 491 1330 σχημάτων
508 1223 638 1324 ἐδήλου
655 1219 698 1302 τδ
717 1227 867 1322 Πνεῦμα
883 1219 951 1321 τὴν
968 1228 1042 1305 τοῖς
1059 1223 1174 1325 ἁγίοις
1190 1221 1491 1326 πρεπωδεστέραν

291 1351 390 1429 οὕτω
419 1352 697 1453 πεφανερῶσθαι
724 1346 859 1450 τρίβον,
882 1344 1094 1449 εἰργομένων
1120 1345 1170 1426 ἔτι
1197 1353 1270 1426 τιῦν
1298 1351 1409 1442 λαῶν,
1431 1347 1491 1426 καί

290 1471 428 1554 στάσιν
444 1470 599 1577 ἐχούσης
620 1474 683 1569 τῆς
708 1469 853 1572 πρώτης
880 1470 1004 1568 αὐλῆς.
1041 1470 1141 1550 οὔπω
1166 1468 1239 1573 γὰρ
1257 1468 1368 1554 ὅντως
1387 1471 1408 1549 5
1425 1472 1492 1568 τῆς

289 1596 473 1678 πολιτείας
501 1594 698 1700 διεφαίνετο
722 1591 856 1696 τρόπος
878 1597 942 1693 τῆς
967 1594 1133 1694 δοθείσης
1155 1592 1214 1674 διὰ
1233 1599 1398 1697 Χριστοῦ
1416 1599 1491 1677 τοῖς
1507 1634 1551 1676 ιο

291 1718 350 1799 διὰ
376 1727 441 1799 τοῦ
473 1716 682 1814 Πνεύματος
715 1715 942 1817 κεκλημένοις
973 1714 1065 1821 πρός
1093 1716 1287 1820 ἁγιασμόν,
1319 1720 1418 1798 οὕτω
1448 1714 1491 1796 τὸ

289 1845 370 1946 περὶ
398 1843 507 1922 αὐτοῦ
534 1841 767 1947 πεφανέραντο
795 1840 1005 1945 μυστήριον,
1035 1841 1086 1922 ἔτι
1115 1846 1178 1941 τῆς
1211 1845 1249 1923 ἐν
1278 1839 1492 1944 γράμμασιν

258 1966 491 2072 δίσχνούσης
513 1965 672 2064 ἐντολῆς.
713 1963 767 2044 διὸ
796 1968 854 2045 καί
879 1970 928 2049 εἰς
951 1963 1018 2066 τὴν
1042 1965 1188 2069 πρώτην
1210 1963 1327 2066 αὐλὴν
1345 1965 1365 2044 5
1384 1962 1493 2064 νόμος

290 2091 376 2191 ’ίστη
403 2087 486 2172 τοῦς
510 2089 714 2172 Ἰουδαίους.
765 2086 992 2193 προεισβολὴ
1019 2087 1091 2194 γὰρ
1119 2088 1243 2191 ὥσπερ
1275 2124 1330 2175 τις
1359 2092 1418 2170 καί
1446 2090 1490 2171 ἵν’

292 2216 404 2298 οὕτως
432 2211 518 2294 εἴπω
545 2212 743 2316 προαύλιόν
771 2214 852 2293 ἐστι
879 2217 943 2314 τῆς
970 2214 1201 2317 εύαγγελικῆς
1217 2211 1437 2298 παιδεύσεως
1453 2246 1492 2294 τε
1510 2243 1551 2304 15

293 2340 351 2416 καί
377 2336 559 2420 πολιτείας
586 2337 609 2436 ἡ
638 2336 777 2440 νομική.
818 2338 840 2437 ἡ
867 2335 934 2437 μέν
961 2336 1033 2441 γάρ
1061 2340 1161 2419 ἐστιν
1190 2340 1228 2419 ἐν
1251 2336 1386 2436 τύποις,
1409 2338 1432 2438 ἦ
1454 2335 1493 2418 δέ

126 2474 248 2591 {fn-vii·
293 2459 421 2558 βλέπει
447 2458 539 2564 πρὸς
561 2459 744 2561 ἀλήθειαν.
781 2464 840 2541 καί
859 2461 946 2563 ἁγία
964 2460 1029 2560 μέν
1048 2463 1070 2562 ἦ
1088 2461 1213 2566 πρώτη
1238 2460 1366 2564 σκηνὴ,
1392 2457 1494 2563 ἅγιος

160 2579 166 2592 ’
293 2584 404 2688 γὰρό
428 2583 536 2686 νόμος
561 2588 620 2665 καί
638 2585 660 2684 ἡ
679 2584 807 2686 ἐντολὴ
832 2585 952 2665 δικαία
974 2587 1033 2664 καί
1055 2584 1185 2687 ἀγαθή·
1220 2586 1307 2687 ἁγία
1324 2584 1363 2665 δέ
1381 2585 1495 2687 ἁγίων

294 2707 504 2812 ἡέσωτέρα·
535 2706 630 2811 ἅγιοι
651 2708 724 2812 γοίρ
742 2708 842 2793 ὄντες
861 2713 894 2789 οἰ
920 2713 985 2809 τῆς
1013 2706 1105 2788 κατὰ
1131 2706 1241 2808 νόμον
1265 2708 1495 2809 δικαιοσύνης

292 2829 557 2936 μετειληφότες,
586 2829 783 2934 γεγόνασιν
817 2831 1003 2937 ἁγιώτεροι
1034 2829 1101 2932 τὴν
1131 2833 1257 2912 πίστιν
1283 2831 1492 2940 παραδεξό-
1510 2868 1553 2908 20

264 2987 282 3031 e
294 2988 403 3054 μενοι,
428 2959 540 3054 δῆλον
568 2952 605 3034 δέ
632 2954 687 3036 ὅτι
715 2954 782 3056 τὴν
809 2961 858 3039 εἰς
885 2954 1061 3059 Χριστὸν,
1090 2958 1228 3065 καὶτῷ
1255 2958 1337 3066 θείῳ
1366 2991 1406 3038 τε
1435 2959 1495 3037 καί

293 3078 409 3186 Ἀγίῳ
428 3078 715 3183 διακεχρισμείιοι
731 3077 925 3179 Πνεύματι.
956 3077 1083 3183 μείζων
1101 3080 1164 3160 οῦν
1182 3079 1252 3184 ἄρα
1268 3085 1332 3181 τῆς
1351 3084 1496 3179 νομικῆς

295 3201 522 3301 δικαιοσύνης
541 3201 564 3301 ἡ
582 3199 642 3280 διὰ
665 3202 911 3299 πίστεως,καί
935 3200 1033 3284 πολὺ
1058 3201 1103 3303 δὴ
1126 3204 1210 3284 λίαν
1227 3203 1496 3305 πλουσιώτερος

296 3325 316 3403 5
335 3323 527 3427 ἁγιασμός.
566 3323 748 3428 τοιγάρτοι
773 3328 831 3406 καί
854 3328 874 3406 5
893 3325 1109 3432 σοφώτατος
1129 3332 1279 3412 Παῦλος
1302 3323 1434 3427 ἥδιστά
1457 3360 1497 3406 τε

297 3449 354 3526 καί
373 3448 455 3526 λίαν
473 3447 620 3546 ἑτοίμως
637 3445 704 3548 τὴν
723 3451 760 3528 ἐν
778 3447 876 3558 νόμιρ
890 3448 1121 3550 δικαιοσύνην
1133 3449 1353 3554 ἐζημιῶσθαί
1369 3456 1496 3558 φησιν,
1511 3482 1553 3542 ²5

129 3575 243 3709 ξ11ὲ1111·
297 3569 355 3649 ἵνα
383 3567 546 3673 Χριστόν
570 3571 731 3677 κερδόνη,
760 3576 817 3652 καί
840 3574 965 3678 εὑρεθῇ
995 3581 1017 3620 “
1028 3573 1068 3652 ἐν
1093 3575 1189 3681 αὐτῷ
1210 3571 1261 3673 μὴ
1286 3573 1379 3679 ἔχων
1404 3573 1498 3653 ἰδίαν

147 3679 155 3702 ’
298 3702 321 3740 “
339 3691 566 3791 δικαιοσύνην
593 3691 659 3794 τὴν
686 3696 724 3774 ἐν
752 3694 860 3802 νόμω,
888 3695 989 3775 ἀλλὰ
1016 3695 1083 3796 τὴν
1110 3696 1168 3777 διὰ
1193 3697 1352 3781 πίστεως
1374 3697 1499 3797 Ἰησοῦ

129 3821 253 3939 ffim'
300 3827 321 3864 “
341 3818 540 3920 Χριστοῦ.”
579 3821 638 3898 καί
666 3819 785 3900 ὀπίσω
814 3819 857 3900 δέ
879 3853 970 3904 τινες
998 3820 1158 3919 ἔπιπτον,
1176 3825 1235 3902 καί
1263 3829 1385 3908 καλῶς
1411 3821 1496 3926 τρέ-

299 3973 423 4046 χοντες
446 3941 717 4040 ἐβασκαίνοντο,
735 3943 894 4044 γαλόται
921 3940 960 4022 δέ
985 3943 1093 4042 οῦτοι,
1112 3943 1202 4045 μετὰ
1226 3944 1294 4046 τὴν
1316 3947 1354 4026 ἐν
1375 3948 1500 4028 πίστει

131 4064 539 4166 Ιοπιιδικαιοσύνην,
558 4069 605 4148 εἰς
630 4063 697 4165 τὴν
719 4075 783 4146 τοῦ
812 4064 921 4166 νόμον
948 4065 1306 4170 παλινδρομήσαντες
1330 4070 1495 4172 ἐντολὴν,
1514 4120 1554 4177 30

300 4191 358 4268 καὶ
385 4194 433 4274 εἰς
461 4185 645 4269 πολιτείαν
664 4188 979 4290 ῦπονοστῆσαντες
1004 4188 1072 4290 τὴν
1089 4193 1127 4271 ἐν
1145 4191 1268 4276 τύιτοις
1296 4195 1354 4274 καί
1381 4196 1500 4297 γράμ-

299 4344 422 4411 μασιν,
441 4309 493 4396 οἰς
515 4309 560 4412 δὴ
582 4314 640 4393 καί
668 4310 818 4418 σφόδρα
844 4315 985 4399 δικαίως
1013 4317 1033 4394 5
1063 4320 1214 4401 Παῦλος
1242 4317 1501 4422 διεμαρτύρατο

301 4478 673 4620 26ι-κηρηιοήνηνέ-ςίργιίζετο
686 4498 740 4538 om.
752 4480 780 4554 (a
786 4481 861 4549 -ζετο
873 4479 983 4549 {td-(ero
995 4482 1095 4539 scilicet
1104 4483 1267 4554 transiliens)
1277 4483 1310 4540 E.
1372 4502 1414 4554 ιι.
1426 4509 1453 4542 τι
1466 4487 1500 4545 Ε.

338 4589 343 4604 ι
425 4571 478 4604 ⁰1!ss
517 4590 525 4606 ι
