3284 5130
287 347 352 414 144
588 347 630 412 Β.
651 347 863 413 CYRILLI
893 346 1183 413 ALEXANDR.
1298 340 1484 421 xx.26,27.

287 510 454 616 κέχρηται
476 508 514 590 δέ
537 510 637 619 λόγῳ
656 519 707 620 τῷ
725 511 783 592 διὰ
808 511 975 615 γλώττης
993 514 1090 620 αύτῷ
1114 513 1173 591 καί
1192 505 1340 607 συνήθει
1357 503 1480 600 πόλιν,

287 640 345 716 καί
369 633 412 715 τό
437 640 500 734 τῆς
524 634 662 737 εἰρήνης
682 636 819 739 ἀγαθὸν
837 635 975 736 σεμνὴν
993 635 1187 736 ἐποίησατο
1208 630 1418 736 πρόσρησιν
1433 633 1483 713 είς

287 757 401 839 τύπον
429 758 607 862 ἡμέτερον,
626 758 787 864 καθάπερ
814 758 883 860 ἤδη
910 762 1138 863 προείπομεν.
1177 754 1425 856 καταπλαγείη
1446 753 1480 832 δ’

269 880 334 961 ῚΧοἰύ
356 916 409 966 τις
430 881 572 965 εἰκότως
601 886 659 962 καὶ
682 882 747 984 τὴν
774 885 813 964 ἐν
840 881 977 967 τούτοις
1005 882 1197 985 ἀκρίβειαν,
1216 883 1311 988 φημὶ
1338 877 1382 978 δὴ
1409 883 1485 960 τοῖς

288 1004 539 1109 προκειμένοις.
578 1005 727 1110 ἀκριβὴς
755 1006 826 1111 γὰρ
854 1007 947 1087 ούτω
974 1006 1121 1110 γέγονευ
1148 1005 1170 1106 ἡ
1199 1002 1405 1107 ἐπιτήρησις
1432 1002 1518 1108 τῷ5

254 1126 331 1212 br&
348 1131 496 1226 βιβλίον
514 1128 766 1228 συντεθεικότι,
777 1133 834 1210 καὶ
853 1128 1141 1229 σπουδαιοτάτην
1159 1131 1270 1212 οὕτως
1288 1125 1484 1227 ἐποιήσατο

289 1252 355 1351 τὴν
373 1251 593 1356 ἐπιτήρησιν,
612 1257 661 1340 ὡς
678 1253 728 1356 μὴ
747 1255 874 1338 ἁπλῶς
892 1259 1001 1334 εἰπεῖν
1019 1253 1074 1334 ὅτι
1091 1252 1341 1360 πεφανέρωκευ
1360 1248 1487 1332 ἑαυτὸν

289 1375 502 1480 όΧριστός,
525 1384 598 1462 τοῖς
621 1379 733 1478 ἁγίοις
757 1376 795 1458 δέ
818 1376 985 1478 δηλονότι
1012 1383 1199 1480 μαθηταῖς,
1222 1375 1306 1456 ἀλλ’
1326 1373 1382 1455 ὀτι
1408 1370 1485 1480 μεθ’

289 1500 410 1608 ἡμέμις
439 1499 536 1598 ὀκτδ,
557 1504 614 1581 καί
642 1510 747 1581 τοῦτο
773 1501 1019 1603 συνηγμένοις.
1057 1500 1100 1581 τό
1127 1498 1199 1603 γὰρ
1226 1504 1275 1583 είς
1303 1496 1400 1578 οἷκον
1424 1498 1485 1578 ἕνα

289 1624 574 1723 συγκεκομίσθαι
603 1623 684 1710 τοὺς
711 1623 859 1722 πάντας,
877 1625 916 1705 τί
939 1624 984 1705 ἂν
1007 1624 1059 1725 ε’ίη
1087 1623 1205 1728 ἕτερον
1228 1620 1328 1725 παρὰ
1354 1629 1459 1702 τοῦτο
1471 1618 1488 1718 ;¹
1501 1649 1541 1692 10

289 1747 418 1826 οὐκοῦν
435 1744 546 1827 ἐκεῖνό
569 1754 688 1851 φαμεν
708 1747 766 1826 διὰ
788 1747 853 1846 τὴν
871 1751 1001 1851 ἀκριβῆ
1023 1745 1158 1848 ταύτην
1179 1750 1237 1828 καὶ
1261 1745 1487 1854 ἀξιάγαστου

290 1869 510 1972 ἐπιτήρησιν,
533 1869 587 1950 ὅτι
614 1877 686 1950 τῶν
713 1870 971 1970 συνελεύσεωυ,
999 1872 1077 1971 ἤτοι
1104 1870 1303 1978 συντάξεων,
1330 1875 1403 1949 τῶν
1430 1867 1484 1976 ἐφ’

261 1998 403 2102 οὲαυτφ
422 1993 485 2074 τὸν
504 1991 626 2098 καιρόν
644 1993 800 2101 φανερόν
818 1995 900 2093 ἡμῖν
918 1998 1021 2076 ἐτίθει
1039 1997 1097 2075 καί
1118 1994 1175 2075 διὰ
1193 2003 1299 2075 τοῦτο
1312 1990 1485 2096 Χριστός.

291 2121 460 2225 ἐπιφοιτᾷ
486 2115 558 2221 γὰρ
574 2116 718 2202 πάντως
743 2122 801 2198 καὶ
824 2118 959 2222 τρόπον
982 2119 1061 2199 τινὰ
1081 2119 1331 2223 συναυλίζεται
1348 2123 1424 2199 τοῖς
1442 2115 1485 2195 δι’

291 2239 399 2322 αύτόν
423 2243 668 2344 συνηγμένοις,
688 2242 780 2322 κατὰ
802 2242 868 2341 τὴν
891 2243 1023 2344 ὀγδόην
1044 2241 1217 2342 μάλιστα,
1236 2240 1400 2322 τουτέστι
1423 2237 1488 2339 τὴν
1503 2269 1543 2331 15

291 2365 471 2469 κυριακήυ·
512 2366 815 2470 άναλογισιύμεθα
844 2365 926 2469 γὰρ,
957 2372 986 2447 εί
1019 2371 1126 2447 δοκεῖ·
1167 2365 1255 2447 ποτέ
1287 2363 1353 2464 μέυ
1383 2360 1491 2470 ὤφθη

290 2496 364 2573 τοῖς
390 2487 520 2592 ἐτέροις
547 2497 732 2591 μαθηταῖς,
751 2489 838 2572 ποτέ
862 2489 899 2571 δέ
924 2492 969 2570 αὖ
991 2489 1104 2571 πάλιν
1123 2491 1241 2574 αὐτοῖς
1268 2488 1491 2594 ἐπιφαίνεται

291 2612 467 2717 παρόντος
498 2619 626 2712 Θωμᾶ.
670 2613 871 2717 γέγραπται
903 2615 1022 2695 τοίνυν
1051 2616 1090 2694 ἐν
1118 2621 1191 2697 τοῖς
1221 2614 1341 2692 ὀπίσω
1371 2608 1491 2716 βραχύ

292 2747 315 2784 “
334 2739 465 2837 Οὔσης
483 2738 546 2817 οὖν
564 2737 674 2844 ὀψίας
692 2744 738 2842 τῇ
762 2738 876 2848 ἡμέρα
894 2741 1006 2844 ἐκείνη
1029 2744 1075 2844 τῇ
1098 2744 1164 2844 μιᾷ
1186 2743 1259 2816 τῶν
1278 2733 1490 2831 σαββάτων,

292 2869 316 2908 “
334 2863 392 2940 καὶ
409 2867 482 2940 τῶν
498 2865 617 2963 θυρῶν
633 2862 904 2960 κεκλεισμένων,
918 2861 1008 2964 ἕστη
1022 2867 1072 2946 είς
1089 2859 1131 2940 τό
1150 2860 1297 2959 μέσου.”
1327 2858 1435 2944 σύνες
1448 2856 1490 2956 δὴ
1506 2885 1546 2925 20

293 2983 356 3062 οὖν
374 2983 472 3068 ὅπως
489 2989 615 3091 τῇμιᾷ
634 2991 707 3064 τῶν
725 2983 935 3084 σαββάτων,
950 2985 1182 3089 τουτέστι,τῇ
1200 2991 1272 3063 τῶν
1290 2981 1494 3078 σαββάτων

259 3113 441 3211 δκυριακῇ
468 3107 704 3210 συιογγμέυοις
731 3107 845 3214 ἐφάνη
873 3117 946 3193 τοῖς
970 3114 1156 3210 μαθηταῖς,
1177 3111 1235 3187 καὶ
1257 3105 1370 3188 πάλιν
1392 3103 1494 3186 ούδέν

292 3229 401 3330 ἧττον
431 3228 522 3311 κατά
552 3231 618 3332 τὴν
647 3232 731 3339 ἑξῆς
762 3233 896 3334 ὀγδόην
922 3232 1135 3338 ἐπιλάμφας
1167 3234 1303 3336 ὁρᾶται.
1352 3231 1394 3310 ού
1421 3228 1494 3334 γὰρ

293 3353 480 3459 ἐπειδήπερ
507 3355 621 3458 εἴρηκε
649 3355 723 3462 μεθ’
742 3355 864 3462 ἡμέρας
895 3354 993 3448 ὀκτό,
1023 3354 1088 3457 τὴν
1115 3354 1262 3455 ἐννότηυ
1286 3351 1394 3434 αύτόυ
1419 3386 1490 3452 ση-

293 3477 429 3575 μαίνειν
467 3478 742 3585 ὑποληφόμεθα,
779 3479 1065 3582 συμπεριλαβόν
1102 3477 1140 3560 δέ
1171 3485 1224 3586 τῷ
1261 3479 1402 3584 ἀριθμῷ
1435 3477 1493 3557 καὶ
1509 3504 1547 3566 ²5

293 3599 404 3701 αὐτὴν
422 3601 488 3703 τὴν
507 3605 648 3706 ὀγδόην,
667 3603 752 3683 καθ’
772 3600 817 3702 ἢν
835 3602 1006 3708 ἐπεφάνη,
1024 3602 1071 3683 τὰ
1088 3603 1235 3683 τοιαῦτά
1253 3609 1380 3706 φησιν.

345 3723 592 3829 Εόλογότατα
610 3735 799 3830 τοιγαροῦν
817 3724 881 3809 τὰς
899 3726 1004 3829 ἁγίας
1024 3725 1197 3809 συνόδους
1214 3728 1252 3804 ἐν
1271 3731 1347 3808 ταῖς
1367 3728 1496 3824 ἐκκλη-

293 3850 391 3933 σίαις
409 3849 606 3946 ποιούμεθα
624 3847 715 3929 κατὰ
736 3848 803 3949 τὴν
828 3847 973 3952 ὀγδόην.
1014 3852 1073 3930 καὶ
1090 3857 1119 3930 εί
1138 3847 1209 3954 χρή
1226 3882 1262 3928 τι
1280 3849 1339 3926 καὶ
1357 3881 1491 3945 μυστι-

293 3973 448 4080 κώτερου
466 3977 584 4071 εἰπεῖν,
614 3971 672 4052 διὰ
698 3973 861 4074 τὴντῶν
886 3970 1074 4074 νοημάτων
1098 3971 1341 4076 ἀπαραίτητον
1363 3970 1495 4075 χρείαν,

311 4237 472 4362 66.,βιφλίη
485 4237 643 4362 (ρτιηπηητε)
657 4237 690 4293 Ε.
853 4255 896 4330 ιη,
912 4234 1005 4326 ηοίτου
1019 4235 1052 4292 Ε.
1086 4305 1094 4324 ν
1161 4305 1186 4360 E
1215 4249 1257 4308 15.
1276 4235 1323 4305 τὴν
1335 4235 1380 4290 alt.
1396 4251 1453 4292 om.
1463 4233 1499 4321 Ε,

292 4326 411 4448 ὀμέρφιτνθῑ
421 4329 597 4449 ὀζλζαζῑερόοῒ
605 4348 690 4447 ἐκείνῃ
703 4377 810 4432 exhibet
822 4321 865 4433 ΕΊ.
883 4305 992 4382 mm]
1007 4308 1168 4434 &mgr
1181 4345 1325 4441 όοββότωυ
1336 4376 1381 4429 alt.
1395 4321 1449 4429 0¹31..
1463 4326 1497 4456 ἦ).

294 4462 391 4529 τγ-ρ.
403 4464 461 4519 145,
474 4449 581 4572 ιηζοίιοι
594 4447 708 4532 λίίλεῑοο
719 4449 747 4502 in
760 4447 789 4503 S.
798 4447 898 4531 cham
911 4466 973 4520 pars
985 4450 1081 4504 ultima
1092 4449 1121 4502 in
1133 4446 1204 4530 nib}
1213 4445 1384 4512 βατοκαιδίου
1394 4445 1498 4528 Μοοιιμ

293 4518 384 4644 {213th
398 4517 454 4660 i7P6se
466 4529 731 4647 Βεεμκὶηηηφξηὲηυηη
749 4536 867 4592 margme
886 4519 994 4586 sol.421
1015 4537 1041 4576 v.
1060 4537 1144 4575 manu
1162 4519 1331 4593 ahquantum
1348 4525 1500 4574 τςοεουοτι.
