3294 5150
303 327 370 392 304
423 325 462 392 B.
480 325 669 392 CYRILLI
690 326 957 393 ALEXANDR.
981 325 1264 392 FRAGMENTA
1310 345 1362 390 xv.
1377 341 1418 392 ιο
1433 344 1506 406 sqq.

138 437 364 588 170777117λώ
388 488 609 592 μαρτυρήσει
634 489 761 636 λέγων
770 491 876 576 αι’πάς
894 526 915 571 ο
901 493 1128 576 θεσπέσιος
1148 495 1297 573 Παῦλος
1323 497 1345 535 “
1353 485 1506 587 Ὥσπερ

306 611 418 716 “γάρ
436 613 554 694 διὰ
511 648 575 714 της
598 619 780 718 παρακοῆς
798 623 862 695 τοῦ
881 615 958 698 ἑνὸς
976 614 1165 718 ἀνθρώπου
1183 614 1392 716 ἁμαρτωλοὶ
1409 643 1498 690 κατ·

188 771 239 804 ver.
252 769 291 808 ιι.
305 745 328 782 “
345 734 556 837 εστάθησαν
575 742 608 816 οί
631 739 801 818 πολλοί.”
836 740 964 819 οὐκοῦν
980 737 1093 846 ι’ίσπερ
1119 740 1148 818 ἓν
1166 745 1213 845 τῷ
1230 733 1349 840 Ἀδάμ
1375 731 1505 818 πάντες

305 857 556 956 ἀποθνήσκουσι,
572 863 915 962 καταδεδικασμένης
933 865 982 946 ὡς
999 862 1091 968 έφην
1109 863 1147 941 έν
1161 861 1257 966 αὐτῷ
1272 863 1337 960 τῆς
1356 855 1505 964 φύσεως

304 981 363 1064 διά
381 983 446 1083 τὴν
463 983 684 1087 παράβασιν,
700 985 800 1072 οὕτως
819 988 848 1067 ἐν
867 994 914 1094 τῷ
929 995 1058 1094 Χριστῷ
1076 981 1375 1095 ζωοποιηθήσονται,
1388 978 1505 1062 πάλιν
1519 1007 1539 1066 5

303 1107 562 1210 εὐλογουμένης
594 1111 632 1188 έν
657 1108 753 1215 αὐτῷ
780 1113 845 1209 τῆς
872 1107 1018 1216 φύσεως
1047 1107 1139 1189 κατά
1166 1107 1231 1188 τὸν
1257 1107 1340 1187 ’ίσον
1366 1102 1505 1208 τρόπον

304 1229 363 1312 διά
389 1229 455 1333 τὴν
474 1232 670 1312 δικαίωσιν.
704 1231 811 1318 λύσις
833 1233 896 1312 οὖν
913 1231 984 1336 ἀρα
1007 1239 1080 1312 τῶν
1096 1232 1250 1336 πρώτων
1267 1229 1314 1310 τά
1341 1227 1501 1330 δεύτερα·

137 1377 271 1442 1b.iv.25.
304 1367 325 1406 “
346 1353 535 1460 Παρεδιίθη
559 1354 631 1459 γάρ
650 1355 708 1436 διά
726 1354 771 1434 τά
789 1354 1064 1459 παραπτώματα
1086 1355 1186 1454 ἡμῶν
1205 1355 1263 1435 καί
1288 1352 1422 1456 ἠγέρθη
1441 1350 1503 1431 διά

302 1489 326 1528 “
344 1477 409 1579 τὴν
430 1480 616 1559 δικαίωσιν
637 1479 773 1578 ἦμῶν·”
810 1479 1034 1587 ε’γηγερμένιρ
1056 1476 1101 1578 δὴ
1129 1480 1191 1559 οὖν
1209 1476 1503 1578 συνεγηγερμεθα

304 1605 362 1683 καὶ
379 1603 489 1702 ἡμεῖς·
528 1599 598 1703 ζωὴ
616 1609 688 1705 γιίρ
703 1605 782 1682 ε’στι
801 1601 892 1683 κατά
911 1603 1025 1708 φύσιν
1044 1604 1064 1682 ὁ
1081 1604 1121 1682 ε’κ
1138 1609 1234 1682 θεοῦ
1252 1601 1383 1702 Λόγος·
1421 1599 1501 1702 οὐχὶ
1519 1635 1562 1677 ιο

304 1724 419 1826 δήπου
449 1723 542 1831 μόνη
575 1730 620 1830 τῇ
652 1726 722 1833 ἰδίᾳ
752 1728 861 1830 σαρκὶ
888 1725 931 1806 τὸ
960 1729 1024 1826 τῆς
1051 1727 1160 1806 αι’ποῦ
1190 1725 1336 1832 φύσεως
1362 1719 1504 1826 ἀγαθὸν

303 1847 536 1952 δωρούμενος,
558 1850 651 1955 φημὶ
678 1847 722 1949 δὴ
752 1848 818 1950 τὴν
846 1848 953 1954 ζωὴν,
975 1852 1060 1930 ἀλλ’
1081 1856 1129 1935 εἰς
1158 1849 1249 1949 ὅλην
1266 1845 1354 1928 αὐτὸ
1380 1880 1500 1950 παρα-

302 1969 452 2070 πέμπων
465 1970 532 2071 τὴν
549 1979 613 2051 τοῦ
631 1973 823 2076 ἀνθρώπου
837 1973 962 2080 φύσιν.
990 1971 1178 2076 ἐγήγερται
1195 1971 1261 2072 μέν
1278 1971 1349 2075 γὰρ
1367 1971 1503 2070 ὁμολο-

134 2126 188 2176 001.
199 2125 216 2176 ι
228 2125 265 2178 ιι.
303 2093 483 2197 γουμένως
508 2098 557 2180 ὥς
581 2096 727 2201 ἀπαρχὴ
746 2096 918 2200 Χριστὸς,
937 2107 959 2147 “
970 2098 1028 2178 ἵνα
1047 2098 1191 2200 γένηται
1208 2099 1246 2177 έν
1262 2103 1377 2176 πᾶσιν
1394 2093 1503 2176 αὐτὸς

303 2229 326 2266 “
342 2219 567 2320 πριντειίων,”
592 2217 684 2300 κατὰ
700 2221 743 2300 τὸ
765 2221 1021 2324 γεγραμμένον·
1051 2221 1178 2328 ἕψεται
1202 2219 1318 2374 γεμῆν
1334 2221 1372 2298 έν
1390 2229 1502 2322 καιρῷ
1520 2249 1560 2308 15

302 2375 345 2422 το
373 2345 568 2436 ἀναβιῶναι
597 2341 679 2428 τοὺς
707 2343 854 2442 ἀλλους,
872 2344 972 2445 πλὴν
995 2343 1086 2424 κατά
1113 2343 1156 2423 τὸ
1183 2343 1274 2428 εἰκὸς
1302 2376 1344 2422 ον
1332 2339 1497 2446 ’χιίδην,

186 2497 227 2552 '75
242 2493 290 2551 Η.
303 2467 426 2546 ἀλλΗ
407 2500 445 2546 εν
464 2463 591 2576 κάσμιρ
611 2501 649 2548 τε
668 2501 725 2547 και
712 2467 1012 2571 διακεκριμένως
1037 2503 1096 2549 και
1121 2467 1196 2548 οἷον
1213 2469 1251 2546 έν
1269 2465 1497 2564 κελεύσματι.

137 2570 245 2685 {⁶³³²OE
254 2571 289 2620 ὴ·
303 2587 393 2688 μετά
420 2589 493 2693 γάρ
519 2625 574 2671 τοι
602 2590 668 2692 τὴν
693 2591 875 2696 ἀπαρχὴν,
902 2591 1065 2672 τουτέστι
1084 2589 1259 2694 Χριστὸν,
1282 2624 1365 2674 τους
1390 2589 1501 2667 αὐτοῦ

187 2717 239 2752 '⁰'
252 2714 292 2765 ’θ’
304 2719 420 2820 φησιν
438 2712 710 2817 έγερθήσεσθαι·
739 2719 851 2815 δῆλον
870 2714 907 2795 δὲ
930 2714 985 2795 ὅτι
1010 2712 1091 2799 τοὺς
1110 2716 1148 2794 έν
1166 2719 1275 2822 καιρῷ
1293 2717 1355 2812 τῆς
1373 2714 1496 2810 ε’πιδη·

302 2836 397 2934 μίας,
421 2835 533 2938 ἤγουν
560 2835 752 2939 γεγονότας
780 2837 869 2933 μετά
897 2837 964 2939 την
990 2837 1275 2940 ένανθρῶπησιν,
1300 2837 1357 2915 καὶ
1386 2839 1433 2920 ὦς
1461 2837 1501 2915 έν
1518 2869 1561 2909 20

302 2960 424 3040 πίστει
452 2961 734 3060 κεκοιμημένους.
773 2960 869 3061 ἦσαν
896 2961 963 3062 μέν
989 2959 1062 3064 γάρ
1087 2958 1379 3062 ὁμολογουμένως
1403 2957 1501 3062 ἅγιοι

304 3081 396 3162 κοτά
421 3081 562 3186 καιροὺς
581 3085 619 3163 έν
637 3089 689 3190 τῷ
705 3083 871 3187 Ἰσραὴλ,
888 3090 953 3185 τῆς
971 3087 1010 3165 έν
1028 3083 1125 3194 νόμιρ
1143 3084 1233 3188 ζωῆς
1251 3085 1501 3183 ἐπαινουμένης

304 3239 342 3285 τε
362 3208 420 3285 καὶ
438 3207 639 3307 κρατούσης
660 3207 722 3286 ἔτι·
762 3207 861 3308 πλὴν
879 3210 1042 3308 ἀμείνους
1062 3213 1094 3288 οί
1113 3211 1151 3288 έν
1169 3213 1333 3315 Χριστῷ,
1352 3208 1500 3287 δεδικαί-

305 3362 412 3408 ωνται
445 3327 516 3431 γάρ
549 3328 607 3409 διά
638 3331 802 3428 πίστεως,
836 3334 894 3412 καὶ
925 3337 988 3431 τῆς
1023 3332 1118 3417 θείας
1152 3330 1297 3438 φύσεως
1328 3329 1500 3433 γεγόνασι

304 3456 473 3548 κοινωνοὶ,
511 3454 570 3532 καὶ
606 3452 649 3533 τὸ
684 3457 748 3553 τῆς
785 3455 963 3540 υἱοθεσίας
997 3452 1309 3555 ε’κπεπλουτήκασι
1343 3462 1496 3552 πνεῦμα·
1516 3487 1559 3548 ²5

304 3579 492 3676 κέκληνται
511 3575 549 3656 δέ
572 3582 630 3656 καὶ
648 3581 697 3662 είς
715 3579 945 3683 ἀδελφότητα
964 3578 1055 3659 κατά
1072 3579 1178 3684 χάριν
1193 3586 1256 3658 τοῦ
1275 3575 1366 3658 κατά
1384 3575 1499 3683 φύσιν

303 3733 342 3780 τε
371 3702 427 3779 καὶ
454 3701 598 3800 ἀληθῶς
623 3706 723 3781 Υὶοῦ·
757 3705 816 3782 καὶ
840 3700 885 3801 ἧν
911 3702 977 3803 μέν
1003 3711 1144 3801 πνεῦμα
1170 3701 1331 3785 δουλείας
1361 3703 1398 3780 έν
1424 3708 1499 3784 τοῖς

203 3885 210 3898 ·
305 3823 375 3906 ἀπὸ
403 3821 522 3924 νόμον,
550 3824 723 3929 κράᾄιμεν
754 3825 792 3906 δὲ
824 3828 922 3926 ἡμεῖς
950 3838 973 3876 “
988 3828 1103 3924 Ἁββά
1134 3827 1154 3904 ὁ
1181 3825 1331 3928 πατήρ.”
1372 3825 1499 3904 οὐκοῦν

342 4069 375 4104 1-
376 4063 401 4122 7.
419 4051 629 4106 καλ-δικαιωσιν
640 4069 694 4106 om
709 4051 747 4108 Η.
977 4065 1025 4144 7.
1019 4051 1125 4122 δευτερα
1137 4051 1247 4139 καιητν
1258 4054 1363 4120 Χριστ
1376 4051 1498 4122 νοουμένη

304 4121 435 4178 δικαίωσις
446 4143 488 4175 και
497 4122 594 4190 ἀποκοη
607 4122 751 4192 ἀνατροπην
763 4123 940 4246 ε’ργιίζεται
907 4145 959 4178 των
971 4123 1025 4192 ιε’
1012 4125 1137 4192 αραρτίας
1148 4144 1179 4190 τη
1166 4119 1273 4209 φάσει
1286 4075 1498 4190 σνμθεβηιιθτων·

380 4191 465 4263 ννὲνν
490 4191 652 4264 τιῦνὶίνστιι3
670 4215 759 4264 mr·
772 4193 865 4262 (9)st
1044 4210 1123 4264 9-13·
1141 4191 1498 4275 ἕνινννίυτφΰσνοῒεῑ

305 4271 331 4314 et
365 4279 458 4316 ουοιιιι
473 4271 564 4315 eontra
576 4245 824 4317 additamentatul.
840 4263 1081 4317 Halicarnassensis
1100 4281 1158 4332 cap.
1170 4280 1214 4333 33.
1244 4262 1387 4333 (Syriace'
1381 4281 1408 4317 ιο
1428 4263 1498 4319 Bn't.

304 4329 378 4384 Mus.
394 4330 463 4386 Cod.
474 4330 545 4386 Add.
562 4333 646 4402 12158
659 4333 704 4386 sol.
719 4333 751 4386 ιθ
764 4351 781 4386 ν
793 4351 864 4386 anno
876 4335 928 4402 588
941 4336 1058 4401 exarato)
1071 4334 1111 4387 tit.
1131 4333 1302 4402 praemittens
1321 4340 1388 4386 tomo
1407 4334 1499 4424 quinto

302 4399 524 4486 interpretationis
535 4403 814 4472 εριιιοὶοιρτὶιιιαεαά
830 4403 980 4456 corinthios.
1107 4420 1148 4457 ιο.
1166 4404 1203 4456 ὣν
1216 4403 1383 4472 ριοέστιΗ.
1437 4403 1498 4474 οὐχὶ

302 4468 386 4592 ἀίιπτάυ
384 4468 661 4608 §tvdaggtvtutt
701 4559 741 4612 13.
760 4491 811 4610 τιηίι
817 4472 1010 4612 τίνίιναωνθρδάπου
1022 4563 1086 4611 παρ
1076 4427 1498 4613 Ῑιταεμΐίίίάυίτλθίὶζεείιάίιθδὸρη
