3268 5130
163 428 177 495 ἱ
229 429 290 498 Ε]
315 333 379 398 190
480 332 1025 400 B.cY1t1LL1ALExANDR.
1053 332 1336 400 FRAGMENTA
1422 332 1466 398 vi.
1479 347 1514 415 5.

191 443 218 482 ΙΙ

314 505 372 583 καὶ
385 500 524 607 Πατὴρ,
536 506 600 585 οὐκ
618 506 663 612 ἐξ
679 507 806 585 οίκείου
824 503 889 603 μὲν
907 509 970 604 τῆς
988 506 1044 610 ἐφ’
1061 504 1200 584 ἅπασιν
1216 505 1388 607 ἐνεργείας
1402 503 1513 582 αι’σοῦ

313 625 378 705 τὸν
395 627 495 706 Υἱθν·
520 633 550 706 εί
567 626 638 731 γὰρ
656 627 776 709 πάντα
794 629 920 731 γε’γονε
940 629 982 707 δι’
1003 630 1216 726 αὐτοῦπῶς
1235 624 1281 706 ἂν
1298 625 1513 708 ἐνδοιιίσειέν

314 782 368 833 τις
399 753 447 833 ὡς
478 749 649 854 ἐνῆμγτγκε
680 751 738 832 διὰ
768 757 858 832 Υίοῦ
888 754 947 832 καὶ
977 753 1085 832 αὐτοῦ
1116 760 1180 832 τοῦ
1208 753 1312 852 ἁγίου
1341 751 1513 848 σώματος

314 871 382 972 τὴν
410 871 641 973 ἁνὰστασιν;
681 878 739 956 καὶ
770 883 859 979 γοῦν
887 877 908 955 ὁ
933 872 1020 959 Υἱὸς
1050 873 1194 978 ἐνεργὸν
1223 881 1272 958 είς
1299 883 1406 954 τοῦτο
1434 879 1510 954 δει·

147 1007 291 1140 {zm-1³·
316 994 398 1080 κνῦς
434 996 568 1095 ἑαυτὸν,
602 1006 676 1084 τοῖς
711 999 895 1084 Ἰουδαίοις·
931 998 1070 1103 ἔφασκε
1108 1009 1129 1046 “
1140 999 1286 1078 Λύσατε
1324 996 1389 1077 τὸν
1424 995 1545 1077 ναῦν5

182 1109 190 1123 ’
316 1129 338 1167 “
356 1127 492 1218 τοῦτον,
511 1125 570 1201 καὶ
594 1125 632 1202 ἐν
648 1125 767 1225 τρισὶν
787 1123 931 1224 ἡμέραις
956 1124 1066 1224 ἐγερῶ
1091 1119 1233 1202 αὐτόν.”
1268 1121 1368 1224 ἄθρει
1385 1119 1430 1220 δὴ
1449 1122 1515 1200 οὖν

315 1241 412 1328 ὅπως
436 1242 541 1329 αὐτὸς
565 1246 710 1348 ἐγείρειν
728 1241 991 1347 ἐπογγέλλεται
1009 1244 1073 1324 τὸν
1090 1244 1180 1325 ’ίδιον
1198 1242 1294 1341 ναὸν,
1312 1245 1425 1324 καίτοι
1446 1254 1514 1325 τοῦ

201 1384 241 1438 12
254 1382 302 1440 tt.
314 1370 410 1446 Θεοῦ
436 1371 495 1445 καὶ
515 1366 662 1471 Πατρῦς
689 1372 895 1467 ἀναστῆσαι
922 1367 1130 1470 λεγομένου·
1166 1366 1284 1466 ἐπειδὴ
1311 1365 1384 1469 γάρ
1411 1369 1515 1446 ἐστιν

314 1488 421 1573 αὐτὸς
445 1490 468 1588 ἡ
493 1490 664 1593 ζωοποιὸς
691 1491 838 1591 δύναμις
867 1500 931 1572 τοῦ
950 1496 1046 1571 θεοῦ
1073 1496 1132 1570 καὶ
1151 1488 1307 1593 Πατρῦς,
1332 1488 1397 1570 τὸν
1423 1490 1515 1571 ’ίδιον

313 1612 490 1715 ἐζωοπυίει
509 1612 606 1696 ναόν.
1529 1637 1566 1678 ¹0

285 1868 304 1928 5
394 1849 430 1918 Εἰ
457 1853 517 1941 τὰρ
545 1856 705 1941 σύμφυτοι
732 1855 906 1932 τετόναμεν
931 1857 978 1940 τῷ
1005 1854 1188 1933 ὁμοιώματι
1214 1858 1272 1922 τοῦ
1297 1855 1438 1922 θανάτου

804 1979 903 2044 αὐτοῦ
927 1992 1024 2045 tm.

372 2147 517 2249 Χρῆναί
536 2154 651 2254 φησιν
672 2152 692 2230 ὁ
711 2149 906 2232 θεσπέσιος
926 2154 1075 2232 Παῦλος
1096 2147 1179 2232 τοῦς
1204 2149 1517 2246 συντεθαμμένους

315 2274 468 2378 Χριστῷ
486 2275 546 2350 καὶ
568 2271 915 2372 συναναστήσεσθαι
937 2276 1156 2374 προσδοκᾶν·
1194 2273 1252 2351 καὶ
1274 2269 1316 2350 τῦ
1333 2271 1399 2369 μέν
1420 2272 1514 2378 ατίμ-

315 2409 423 2500 φυτοι,
443 2394 484 2474 τὸ
509 2399 613 2476 οἱονεὶ
635 2395 850 2501 σιίμμορφοί
870 2431 910 2476 τε
934 2400 992 2475 καὶ
1015 2399 1221 2478 ταυτοειδεῖς
1246 2403 1379 2495 νοητιῦς
1400 2397 1515 2495 ῦπεμ-
1529 2427 1566 2485 15

315 2515 458 2622 φήνειεν
478 2517 532 2601 α’ίν.
558 2516 659 2620 πλὴν
676 2522 785 2599 ἐκεῖνο
803 2524 1006 2620 περιαθρεῖν
1025 2519 1227 2619 ἀναγκαῖον·
1257 2519 1408 2598 τέθεικεν
1426 2517 1516 2619 ῦπέρ

314 2638 415 2736 ἡμῶν
441 2639 508 2742 τὴν
535 2643 661 2723 ἐαυτοῦ
689 2641 815 2750 ψυχὴν
843 2643 863 2720 ὁ
890 2639 1126 2740 Ἑμμανουὴλ
1153 2645 1212 2721 καὶ
1239 2640 1393 2721 ἁπέθανε
1422 2641 1517 2720 κατὰ

314 2760 445 2865 σάρκα·
469 2765 745 2863 συντεθὰμμεθα
758 2764 797 2844 δέ
811 2766 907 2872 αὐτῷ
917 2764 996 2844 τίνα
1008 2762 1052 2863 δὴ
1066 2761 1201 2866 τρόπον
1214 2765 1312 2862 ἡμεῖς
1327 2767 1360 2842 οῖ
1373 2771 1516 2858 βεβαπ-

314 2883 492 2985 τισμένοις
523 2883 593 2988 ἄρα
604 2891 652 2970 ὡς
664 2885 881 2970 ἁνατλὰντες
900 2887 971 2967 σῦν
983 2889 1078 2993 αὐτῷ
1091 2884 1155 2967 τὸν
1167 2891 1232 2986 τῆς
1246 2884 1384 2989 σαρκὸς
1398 2886 1510 2966 θὰνα-

313 3038 401 3101 τον;
430 3009 611 3106 οὐμενοῦν.
639 3017 718 3095 πῶς
736 3012 798 3089 οὖν
816 3012 887 3114 ἄρα
912 3015 1081 3115 σύμφυτοι
1107 3013 1293 3116 γεγίνιιμεν
1317 3017 1365 3116 τῷ
1389 3011 1510 3112 ἁμιιοί-
1529 3043 1570 3084 σο

313 3163 401 3233 ματι
423 3132 479 3209 τοῦ
497 3127 637 3212 θανὰτου
656 3135 767 3230 αὐτοῦ,
787 3133 873 3238 φέρε
892 3131 936 3231 δὴ
955 3133 1042 3240 φέρε
1060 3131 1235 3233 λέγωμεν·
1274 3133 1427 3212 ἀπέθανε
1448 3130 1516 3229 μὲν

312 3248 385 3353 γὰρ
410 3251 503 3332 κατὰ
525 3251 646 3357 σάρκα
665 3256 838 3356 Χριστὸς,
857 3255 916 3335 ἵνα
942 3255 1041 3360 λύσῃ
1065 3263 1130 3334 τοῦ
1150 3254 1291 3352 κόσμου
1309 3252 1375 3352 τὴν
1392 3255 1512 3357 ἁμαρ-

311 3373 399 3452 τίαν·
428 3375 703 3476 ἀποθνήσκομεν
721 3376 759 3456 δέ
778 3379 875 3478 ἡμεῖς
893 3380 935 3458 οῦ
953 3375 1046 3458 κατοί
1062 3412 1103 3480 γε
1120 3376 1186 3477 τὴν
1204 3377 1336 3480 σάρκα·
1367 3375 1506 3472 πόθεν;

147 3501 289 3614 {JPW
315 3496 415 3576 ἀλλὰ
441 3503 487 3602 τῇ
515 3501 679 3607 ἁμαρτίᾳ,
700 3500 794 3581 καθὰ
820 3501 1030 3603 γέγραπται,
1049 3501 1236 3580 τουτέοτιν
1258 3503 1368 3602 ἁεργῆ
1390 3533 1429 3579 τε
1454 3503 1515 3578 καὶ

316 3618 500 3722 ἄπρακτον
535 3624 573 3702 ἐν
600 3625 735 3707 ἑαυτοῖς
768 3624 1028 3729 ἀποφαίνοντες
1059 3621 1125 3722 τὴν
1157 3623 1333 3726 ἁμαρτίαν
1363 3621 1421 3702 διὰ
1448 3630 1515 3701 τοῦ
1530 3652 1571 3711 25

149 3741 280 3829 cotii'ts.
316 3753 553 3846 κατανεκροῦν
580 3745 658 3824 “τὰ
685 3742 780 3844 μέλη
807 3744 854 3825 τὰ
881 3747 938 3825 ἐπὶ
965 3749 1029 3845 τῆς
1057 3749 1134 3845 γῆς,
1152 3745 1332 3848 πορνείαν,
1349 3746 1512 3847 ἀκαθαρ-

317 3875 339 3911 “
357 3867 452 3962 σίαν,
475 3866 601 3964 πάθος,
619 3869 806 3966 ἐπιθυμίαν
825 3865 950 3967 κακὴν,
975 3872 1033 3947 καὶ
1058 3866 1123 3967 τὴν
1140 3867 1382 3974 πλεονεξίαν.”
1418 3865 1513 3974 σίμ-

318 4004 414 4095 φυτοι
446 3989 490 4089 δὴ
523 3991 586 4070 οὖν
615 3989 821 4093 γεγόναμεν,
852 3993 932 4096 οὐχί
965 3989 1009 4090 δὴ
1041 3988 1152 4089 μόνον
1183 3997 1234 4096 τῷ
1266 3989 1358 4070 κατὰ
1393 3986 1517 4093 σὰρκα

356 4210 380 4247 1.
397 4191 568 4262 ἐξοικειοῦμςν
580 4190 638 4246 Mai
649 4191 695 4266 qui
707 4193 825 4250 codicem
839 4209 919 4248 tuum
932 4193 977 4246 οῦκ
989 4193 1019 4262 ἐξ
1031 4193 1125 4248 οίκείον
1135 4192 1183 4262 μὲν
1193 4191 1318 4246 exhibere
1330 4189 1402 4246 dicit.
1424 4193 1472 4248 οῦκ
1483 4193 1516 4265 ἐξ

318 4261 414 4316 ἐκείνου
425 4262 472 4330 μὲν
484 4261 517 4316 Β.
744 4282 770 4334 9.
789 4265 835 4319 τὸν
846 4273 1016 4334 assumptum
1028 4281 1060 4317 ex
1074 4263 1106 4318 B.
1337 4278 1378 4331 13.
1396 4263 1516 4332 ὁμοίωμα

318 4331 428 4384 θανάτου
439 4332 454 4383 θ
466 4335 583 4402 Χριστοῦ
599 4331 715 4393 θάνατος,
727 4332 770 4387 διὸ
787 4335 817 4388 τὸ
833 4334 868 4402 μὴ
879 4333 1094 4402 ἁπομερενηκίναι
1110 4333 1188 4386 αίτὰν
1198 4335 1238 4404 τῷ,
1251 4331 1351 4402 θανάτῳ
1362 4331 1433 4385 ἁλλὰ
1449 4333 1516 4386 ἀνα-
1541 4399 1545 4406 Ι

317 4401 408 4463 βιῶναι
425 4401 561 4472 τριίγμερον
578 4419 594 4456 ο
612 4401 670 4456 Cat.
684 4401 799 4457 Oecum.
817 4402 862 4456 hic
879 4402 986 4458 exhibet
1004 4403 1107 4474 Migne.
1144 4401 1208 4456 Non
1224 4411 1313 4455 autem
1329 4401 1444 4471 pertinet
1460 4402 1516 4467 hie,

319 4469 431 4524 teetibut
448 4469 523 4525 libri·
559 4471 587 4525 ui
605 4472 779 4540 pmmittunt
797 4476 844 4526 τοῦ
860 4471 936 4544 ἁγίου
954 4475 1078 4544 κυρίλλου
1096 4473 1123 4525 ἐν
1140 4475 1177 4544 τῷ
1195 4471 1230 4529 ιβ’
1241 4471 1341 4543 βιβλίῳ
1360 4469 1402 4545 [ἐκ
1419 4476 1468 4528 τοῦ
1486 4476 1518 4538 ιβ

318 4540 401 4609 λόγον
412 4541 458 4594 τοῦ
471 4489 661 4611 (30ᾶὲὴώιᾶ
675 4542 737 4597 κοτὰ
750 4543 889 4599 ίουλιανοῦ.
1082 4557 1125 4596 21.
1143 4542 1255 4612 λίγομεν
1267 4541 1301 4597 B.
