3280 5142
324 359 368 423 82
630 356 669 421 Β.
691 357 902 422 CYRILLI
932 359 1223 426 ALEXANDR.
1307 359 1396 425 xviii.
1412 358 1528 442 18,19.

277 600 539 670 18Είοτίικειοαν
568 600 604 668 δὲ
636 599 666 668 οί
697 602 810 668 δοῦλοι
846 604 900 669 καί
930 601 960 670 οἱ
990 607 1149 696 όπιιρέται
1180 603 1359 696 ἀνθρακίαν
1388 625 1530 669 πεποιιι-

379 728 482 808 κότεο,
509 729 560 794 ὄτι
586 729 690 816 ψόχοε
717 725 768 810 νίν,
792 729 845 794 καί
870 729 1112 820 ἐθερμαίνοντο·
1148 728 1188 799 ιἰν
1212 731 1248 798 δὲ
1276 730 1330 797 καί
1355 731 1373 801 ό
1401 729 1529 818 Πέτροο

290 853 314 922 d
376 854 481 921 ὲοτώο
507 854 572 932 μετ’
600 854 709 921 αὐτῶν
732 853 785 919 καί
812 857 1078 945 θερμαινόμενοο.

383 1025 487 1105 Είσω
506 1031 625 1127 θυρῶν
642 1025 780 1112 ἐλάσας
798 1028 819 1106 ό
838 1026 977 1131 Πέτρος
993 1033 1052 1109 καὶ
1073 1037 1148 1115 τοῖς
1174 1030 1323 1114 οἰκέταις
1341 1030 1523 1128 ἐναπολη·

325 1153 438 1256 φθεὶρ,
454 1148 500 1229 τὰ
518 1151 657 1231 ἐκείνων
676 1154 765 1253 δρᾶν
783 1154 1015 1257 ὑποκρίνεται,
1034 1157 1148 1235 καίτοι
1172 1159 1217 1260 τῇ
1239 1154 1339 1259 λίπτῃ
1362 1186 1521 1232 κεκακω·
1540 1183 1559 1243 5

323 1273 439 1373 με’νοτ,
460 1278 519 1355 καὶ
546 1277 743 1356 δύσοιστον
770 1275 861 1379 ἔχων
889 1280 926 1356 ἐν
953 1279 1081 1384 καρδίᾳ
1106 1279 1172 1377 τὴν
1199 1279 1364 1375 ἀθυμίαν,
1387 1277 1445 1355 ἵνα
1473 1275 1526 1376 μὴ

324 1401 376 1506 τῷ
393 1405 549 1505 κατηφεῖ
563 1404 622 1478 καὶ
640 1396 886 1497 συμμεμυκότι
904 1401 1092 1508 προσοίπφ
1116 1401 1329 1507 κατάφωρον
1355 1402 1524 1502 εὑρεθείς,

322 1524 456 1603 ῶσανεὶ
475 1528 526 1631 τῷ
544 1521 737 1630 κρινομένῳ
755 1521 1050 1626 συναλγύνεσθαι
1069 1532 1200 1632 φιλῶν,
1219 1530 1282 1624 τῆς
1299 1532 1373 1605 τῶν
1390 1531 1526 1606 ποθου-

299 1644 440 1750 ἒμε’νων
466 1646 687 1746 ἐκπεμπηται
715 1647 837 1749 θήρας.
887 1649 1062 1729 ἀπίθανον
1088 1648 1160 1753 γάρ
1188 1653 1315 1748 κομιδῆ
1343 1649 1384 1728 τό
1415 1658 1525 1754 φιλο-

323 1777 472 1870 σαρκεῖυ
492 1772 605 1854 οὕτως
633 1771 771 1851 οἴεσθαι
797 1769 862 1852 τὸν
884 1771 1059 1871 μαθητὴν,
1080 1777 1128 1857 ὡς
1156 1777 1193 1852 ἐν
1216 1771 1407 1856 τοσούτων
1435 1772 1526 1853 ὄντα
1542 1816 1580 1857 ιο

322 1894 569 1996 βαρυθυμίας,
587 1899 659 1973 τῶν
677 1897 715 1974 ἐκ
740 1901 912 2000 χειμῶνος
937 1895 1233 2003 καταψυγμάτων
1251 1901 1525 2002 ε’κμηχανᾶσθαι

292 2016 389 2119 θτίρν
417 2019 554 2098 ἄκεσιν·
601 2019 686 2097 ἀλλ’
716 2021 791 2098 οὐδ’
814 2017 860 2099 όν
884 2027 913 2100 εί
945 2025 1056 2120 μετῆν
1084 2025 1142 2101 καὶ
1169 2027 1242 2101 τῶν
1270 2021 1321 2101 ἔτι
1353 2022 1525 2125 μειζόνων

320 2145 532 2224 ἀπολαῦσαι
555 2149 737 2248 χρηστῶν,
756 2141 953 2243 κάμνοντος
981 2147 1073 2225 οὕτω
1099 2151 1265 2249 Χριστοῦ
1292 2151 1411 2249 τυχεῖν
1436 2147 1520 2247 ἦνέ-

319 2301 444 2372 σχετο.
494 2273 720 2365 οἰκονομικῶν
756 2264 794 2347 δὲ
831 2267 915 2352 λίαν
946 2274 991 2373 τῇ
1024 2275 1097 2348 τῶν
1130 2268 1361 2373 θεραπόντων
1393 2270 1524 2378 ἀκηδίᾳ

319 2389 604 2490 συμπλάττεται,
623 2396 681 2471 καί
703 2394 752 2477 ῶτ
774 2391 925 2492 μηδενὸς
950 2393 992 2473 τὸ
1017 2392 1190 2495 παράπαν
1209 2400 1455 2478 κατωθοῦντοτ
1473 2401 1523 2480 εἰν
1540 2429 1577 2488 15

320 2516 475 2613 ἀθυμίαν
495 2514 541 2596 τοί
565 2517 605 2596 ἐκ
626 2525 692 2596 τοῦ
717 2523 890 2620 χειμῶνος
915 2517 1149 2621 ἀποκρούεται
1173 2516 1313 2618 βλάβη,
1330 2517 1375 2597 ἵν’
1394 2518 1523 2621 ῶσπερ

319 2674 373 2723 τις
400 2646 472 2719 τῶν
498 2643 563 2740 τῆς
588 2642 698 2724 οὶκίαν
730 2639 919 2742 γνωρίμων
947 2645 1005 2721 καί
1039 2640 1097 2720 διὰ
1129 2641 1258 2723 τούτου
1290 2644 1519 2742 πιστεύηται,

319 2765 511 2866 διαδράσαι
536 2799 575 2845 τε
603 2766 696 2844 οὕτω
724 2762 855 2845 λοιπὸν
882 2769 941 2844 καὶ
971 2764 1014 2846 τὸ
1044 2765 1141 2868 είπερ
1172 2800 1228 2851 τις
1259 2766 1373 2870 ἔροιτο
1405 2765 1521 2848 πάλιν

320 2887 563 2991 ἀρνήσασθαι.
609 2886 777 2969 ἀλλὀὐκ
805 2885 850 2988 ἦν
872 2887 1143 2996 διαψεύσασθαι
1171 2898 1235 2970 τοῦ
1259 2894 1427 2993 Σωτῆρος
1455 2889 1522 2972 τὸν

320 3011 445 3113 λόγον.
492 3010 512 3093 ό
542 3009 612 3115 γὰρ
640 3011 732 3114 ἔγνω
759 3011 902 3097 πάντων
929 3011 1102 3115 ἐσόμενον
1131 3017 1179 3099 ῶν
1208 3011 1310 3110 Θεὸν,
1333 3022 1439 3094 τοῦτο
1467 3021 1522 3123 τῷ
1538 3055 1577 3098 το

320 3141 462 3244 μαθητῇ
483 3135 759 3241 προμεμὴυυκεν.

152 3284 309 3342 Ioum

272 3413 308 3471 ι9
358 3406 400 3473 ‘0
427 3405 484 3474 οὖν
510 3409 681 3499 ἀρχιερεὺς
709 3408 862 3498 ιἰρώτιιοε
887 3409 945 3478 τόν
964 3411 1093 3477 Ἰιιοοῦν
1120 3412 1195 3502 περί
1221 3411 1289 3478 τῶν
1316 3411 1474 3488 μαθιιτῶν

583 3536 682 3606 αὐτοῦ
711 3535 764 3601 καί
790 3535 866 3625 περὶ
892 3545 951 3603 τλε
977 3537 1109 3626 διδαχῆς
1137 3537 1250 3609 αὐτοῦ.

374 3710 423 3787 ‘O
442 3707 647 3809 νομομαθῆς
672 3714 730 3790 καί
756 3709 1037 3820 διδάσκαλοο,ᾦ
1063 3715 1121 3792 καί
1146 3710 1188 3792 τδ
1213 3717 1308 3792 θεῖον
1325 3713 1522 3816 διαγορεύει

149 3837 274 3955 ffifffl&
318 3828 484 3934 κήρυγμα
499 3836 621 3936 Κρῖμα
640 3835 774 3914 δίκαιον
792 3835 935 3938 κρίνετε,
950 3837 1111 3939 καθοίπερ
1128 3834 1208 3916 τινὰ
1225 3842 1300 3916 τῶν
1317 3834 1521 3938 διαβοήτων
1536 3881 1553 3920 2
1558 3876 1578 3937 5

148 3941 251 4024 :zv-2¹18.
316 3952 488 4060 ἀρπάσας
514 3963 665 4061 λῃστῶν
692 3956 756 4037 τὸν
780 3957 926 4062 Κύρων,
955 3959 1014 4040 διά
1040 3994 1079 4040 τε
1107 3961 1259 4062 σπείρας
1287 3967 1522 4064 στρατιωτῶν

317 4079 558 4179 ὡπλισμένων
582 4085 641 4160 καὶ
667 4081 832 4180 πληθύον
858 4085 1016 4162 ἀνοσίων
1041 4085 1236 4188 ὑπηρετῶν,
1259 4091 1332 4191 περὶ
1362 4080 1523 4184 διδαχῶν

316 4203 376 4282 καὶ
399 4200 553 4310 μαθητῶν
572 4205 685 4312 ἐρωτᾷ,
703 4204 770 4307 τὴν
788 4213 862 4286 τῶν
879 4205 1116 4311 ἐγκλημάτων
1136 4211 1288 4311 ἀπορίαν
1307 4207 1366 4287 διὰ
1391 4209 1521 4290 τούτου

303 4527 305 4530 Ι
316 4457 380 4570 mag.
399 4445 583 4518 κεκοκωμίνοτ]
599 4446 640 4501 lta
651 4451 678 4502 et
691 4447 772 4504 Cord.
786 4447 832 4506 Cr.
869 4449 1063 4522 legendumne
1076 4452 1269 4524 κικορομίυοτί
1397 4467 1439 4507 12.
1458 4451 1521 4507 ἀλλ’

384 4513 416 4569 δν
428 4515 451 4569 εί
462 4515 554 4599 μετῆν]
564 4538 608 4588 γρ.
621 4517 681 4572 ἀλλ’
694 4517 748 4575 οὐδ’
760 4519 896 4590 όντιμίνωτ
908 4523 950 4576 καί
962 4528 1014 4578 τῶν
1025 4525 1063 4578 ἔτι
1077 4523 1165 4594 Fmg.
1178 4523 1251 4578 uude
1263 4521 1394 4578 “α1.όλλ’
1407 4521 1461 4578 οὐδ’
1474 4524 1521 4580 ἀν·

316 4585 445 4656 emme·
458 4585 531 4642 Aub.
543 4605 572 4642 ιιι
585 4589 666 4643 notis.
777 4590 819 4646 18.
838 4591 977 4663 διαδράκοι
990 4592 1023 4647 Ε.
1035 4594 1163 4664 διοδρόσῃ
1177 4592 1229 4649 Ed.
