3280 5142
127 361 195 425 xix.
211 381 262 432 12.
414 364 470 430 IN
501 365 534 430 S.
559 363 816 430 JOANNEM.
863 364 957 428 LIB.
982 363 1062 430 XII.
1292 365 1332 428 73

127 531 227 632 ἐφείς
253 527 296 608 τὸ
324 529 502 612 δύνασθαι
528 538 606 617 ταῖς
635 537 709 612 τῶν
736 529 937 610 διωκόντων
965 531 1089 631 ὀργαῖς
1119 527 1334 628 ἀνεθέλητον

127 650 255 756 ῶσπερ
283 655 433 734 ἑλείτθοι
461 654 525 735 τὸν
553 658 726 736 κίνδυνον.
773 654 917 753 νεύματι
944 662 1133 757 τοιγαροῦν
1162 653 1249 762 ἰδίῳ,
1275 657 1334 733 καὶ

127 777 270 885 εὐδοκία
298 783 396 860 θεοῦ
424 782 482 860 καὶ
513 776 658 883 Πατρός
687 776 858 859 δεδόσθαι
886 780 980 882 φησὶ
1008 784 1059 885 τῷ
1089 776 1241 885 Πιλάτῳ
1268 778 1333 877 τὴν

128 901 292 1008 ἐξουσίαν,
310 910 375 983 τοῦ
395 906 454 983 καὶ
472 902 566 988 όλως
585 902 804 1002 δεδυιτῦσθαί
825 935 860 981 τι
887 906 976 1006 δρῶν
993 907 1040 986 είς
1058 900 1178 999 αὐτὸν,
1197 899 1247 982 ῶν
1264 903 1333 1003 ἤδη

95 1021 364 1126 5τετόλμηκεν.
415 1029 606 1132 ἀχείρωτος
638 1026 711 1129 γάρ
743 1032 931 1109 παντελῶς
963 1028 1023 1104 καὶ
1055 1027 1120 1105 οὐκ
1156 1025 1200 1106 ἀν
1228 1026 1334 1128 ἁλοίη

128 1149 233 1254 παρά
249 1184 315 1231 του
330 1159 404 1231 τῶν
422 1151 536 1233 ὄντων
554 1151 577 1252 ἡ
596 1152 672 1231 θεία
690 1185 728 1231 τε
748 1151 806 1230 καὶ
825 1146 995 1230 ἀνωτάτω
1014 1149 1137 1255 φύσις,
1158 1148 1181 1256 ᾗ
1207 1153 1265 1230 καὶ
1292 1151 1334 1232 τὸ

128 1274 280 1355 πάντων
298 1273 476 1356 δύνασθαι
495 1283 636 1380 κρατεῖν
655 1274 771 1354 ἔνεστι
791 1279 966 1379 φυσικῶς.
1007 1275 1143 1384 μείζονα
1162 1272 1200 1354 δὲ
1219 1287 1368 1356 κατα-1)

128 1397 263 1503 γράφει
300 1397 368 1498 τὴν
400 1406 584 1507 ἁμαρτίαν,
617 1403 730 1498 δῆλον
762 1396 800 1478 δὲ
837 1397 891 1478 ότι
925 1395 992 1497 τὴν
1028 1404 1076 1482 είς
1113 1397 1249 1497 ἑαυτὸν,
1284 1405 1336 1506 τῷ

132 1522 288 1632 Πιλάτιρ
318 1521 629 1627 προσκεκομικότι,
657 1525 715 1603 καί
746 1519 894 1626 σφόδρα
923 1523 1074 1607 δικαίως.
1120 1525 1141 1603 ὁ
1170 1522 1235 1623 μὲν
1263 1524 1335 1627 γάρ

80 1679 118 1720 ιο
131 1646 228 1751 ἀρχή
246 1680 299 1730 τις
316 1646 441 1750 ῶσπερ
459 1650 517 1728 καί
536 1648 627 1750 θύρα
652 1652 715 1746 τῆς
740 1653 790 1729 είς
815 1645 924 1726 αῦτὸν
943 1647 1159 1742 δυσσεβείας
1181 1646 1330 1748 ἐγένετο·

130 1771 377 1871 τολμημάτων
398 1771 437 1852 δὲ
464 1770 669 1875 ἀλλοτρίων
692 1772 712 1850 ὁ
742 1769 915 1869 δικαστὴς
940 1769 1128 1872 ὑπουργὸς,
1148 1775 1205 1851 καὶ
1230 1807 1330 1875 μερι-

131 1893 227 1992 στὴς
264 1899 329 1995 τῆς
356 1893 538 1976 Ἰουδαίων
569 1893 804 1995 ἀνοσιότητος
834 1893 879 2000 ἐξ
911 1895 1058 1997 ἀκαίρου
1090 1897 1223 1979 δειλίας
1255 1899 1335 1976 ἀνε-

132 2019 304 2102 δείκνυτο.
356 2019 411 2104 τίς
447 2020 511 2100 οὖν
544 2021 565 2099 ὁ
601 2017 794 2124 παραδούς,
824 2018 955 2113 βλέπει
991 2019 1029 2099 δὲ
1065 2023 1113 2103 είς
1148 2020 1227 2100 τίνα
1263 2029 1336 2102 τῶν

131 2140 374 2245 ἐγκλημάτων
398 2143 420 2243 ἡ
447 2144 701 2247 πρωτουργία;
730 2139 828 2241 οἶμαι
855 2142 920 2240 μίν
947 2140 1001 2222 ότι
1029 2140 1093 2223 τὸν
1117 2142 1336 2225 εὐωνότατον

84 2297 118 2352 ¹⁵
132 2267 309 2369 μαθητὴν,
331 2275 478 2366 μᾶλλον
502 2266 541 2349 δὲ
566 2265 748 2370 προδότην
775 2267 844 2367 ἤδη
874 2269 932 2346 καὶ
959 2271 1023 2366 τῆς
1052 2267 1140 2353 ίδίας
1167 2276 1366 2367 λυμεῶνας

131 2396 269 2498 ψυχῆς,
302 2393 415 2495 ἤγουν
446 2393 500 2472 ἐπ’
533 2391 653 2499 ἐκείνῳ
688 2398 761 2471 τῶν
791 2388 998 2492 ἡγουμένων
1027 2391 1090 2471 τὸν
1122 2390 1246 2496 όχλον,
1276 2396 1335 2473 καὶ

132 2513 244 2596 αὐτὸν
270 2514 309 2597 δί
336 2523 409 2597 τῶν
433 2518 615 2597 Ἰουδαίων
643 2515 706 2597 τὸν
734 2519 859 2615 δῆμον,
887 2511 917 2622 ᾦ
945 2517 1003 2594 καὶ
1031 2521 1094 2615 τῆς
1122 2521 1336 2614 δυσσεβείας

132 2642 277 2725 ἀναθεὶς
303 2637 347 2721 τό
373 2639 497 2739 πλέον,
525 2641 590 2720 οῦκ
615 2640 685 2748 ἔξω
710 2639 841 2740 ταύτης
869 2646 1056 2723 παντελῶς
1081 2640 1148 2740 τὴν
1175 2651 1238 2722 τοῦ
1269 2651 1337 2724 Πι-

132 2765 250 2845 λάτου
273 2766 406 2846 τέθεικε
429 2763 606 2871 κεφαλήν.

81 3059 192 3124 αοἘκ
220 3060 339 3126 τούτου
370 3061 388 3126 ὁ
417 3060 559 3126 Πιλᾶτος
588 3059 692 3150 ὲςιίτει
722 3060 820 3126 αὐτὸν
847 3061 1019 3128 ἀπολῦσαί
1060 3059 1091 3126 οἷ
1123 3063 1158 3128 δὲ
1182 3063 1335 3130 Ἰουδαῖοι
1355 3099 1388 3138 12

183 3185 319 3274 ἔκραζον
351 3183 502 3260 λὲτοντεο
527 3183 610 3249 Ἐἀν
641 3190 756 3251 τοῦτον
787 3185 966 3276 ἀπολύσητε,
997 3185 1056 3250 οὐκ
1088 3181 1118 3250 εἷ
1149 3187 1245 3275 φίλος
1278 3193 1335 3254 τοῦ

189 3309 362 3401 Καίσαρος·
418 3315 482 3375 ufic
528 3311 547 3376 ὁ
597 3311 730 3389 βασιλέα
774 3309 891 3378 ἑαυτὸν
935 3311 1039 3376 ποιῶν
1084 3313 1246 3388 ἀντιλὲτει
1289 3317 1337 3400 τῷ

190 3433 336 3526 Καίσαρι.

192 3601 428 3680 Ἐπιτείνεται
460 3596 526 3698 μὲν
552 3604 604 3706 τῷ
634 3597 786 3709 Πιλότιρ
814 3599 857 3681 τὸ
890 3603 1002 3700 δεῖμα,
1031 3604 1088 3681 καί
1119 3605 1374 3706 γοργοτέρανιὶ

83 3751 121 3811 ι5
138 3722 359 3828 ἐνεργάζεται
390 3722 457 3821 τὴν
487 3721 688 3820 εὐλάβειαν,
718 3720 823 3803 ὄκνον
850 3757 888 3804 τε
923 3722 988 3804 τὸν
1017 3729 1065 3808 είς
1100 3728 1144 3804 τὸ
1176 3727 1338 3834 φονεύειν

135 3852 277 3948 ε’μποιεῖ
296 3847 339 3928 τὸ
365 3845 424 3926 διά
449 3852 521 3927 τῶν
538 3846 720 3926 Ἰουδαίων
738 3845 1048 3953 ἀναφωνούμενον.
1086 3851 1248 3946 ε’πεβόων
1266 3851 1337 3955 γάρ

135 3970 261 4052 “’Ότι
298 3969 374 4051 υἱόν
404 3976 501 4050 θεοῦ
535 3968 662 4051 ἑαυτὸν
695 3971 893 4071 ε’ποίησεν,”
925 3969 967 4052 όν
999 3970 1044 4072 δὴ
1080 3976 1138 4053 καὶ
1172 3972 1337 4072 μάλιστα
1384 4001 1466 4064 Supra

135 4094 302 4177 κινδύνου
321 4093 387 4195 μὲν
404 4097 538 4176 ἀνεῖναι
562 4091 707 4191 παντὸς,
726 4095 974 4200 συκοφαντίας
998 4092 1036 4176 δὲ
1061 4096 1207 4198 ἁπάσης
1231 4101 1335 4178 ἐλευ-
1384 4079 1468 4128 τιατ.

134 4227 265 4325 θεροῦν
291 4218 567 4324 προετεθύμητο,
592 4217 721 4299 πτοίαν
745 4220 838 4324 ἔχων
862 4225 911 4303 είς
939 4227 1023 4299 νοῦν
1047 4218 1113 4320 τὴν
1138 4223 1196 4300 ε’πί
1224 4221 1338 4331 τούτῳ

81 4375 121 4434 30
134 4343 264 4446 δεινήν.
307 4341 327 4425 δ
355 4341 399 4444 δὴ
427 4341 591 4426 συνέντες
619 4346 653 4422 οἱ
680 4342 726 4449 ἐξ
748 4339 913 4442 Ἰσραὴλ,
936 4342 1028 4446 πρὸς
1056 4342 1123 4443 τὴν
1149 4346 1186 4425 ἐν
1211 4348 1338 4452 ἀρχαῖς

247 4623 270 4661 1.
290 4605 363 4676 ε’φεὶς
375 4605 408 4660 Ε.
421 4605 498 4678 ἀφείς
511 4605 562 4662 Ed.
616 4609 672 4663 ταῖς
685 4623 738 4662 om.
753 4606 785 4662 E.
1036 4607 1077 4662 16.
1096 4609 1187 4680 φυγὴν
1200 4609 1232 4665 E.

180 4709 253 4756 VOL.
271 4709 324 4754 ΙΙΙ.
753 4709 771 4752 L
