3294 5130
175 433 177 438 ,
305 335 371 400 424
472 334 512 398 B.
536 333 724 400 OYRILLI
753 333 1020 400 ALEXANDR.
1049 335 1333 400 FRAGMENTA

512 570 611 620 Rursus
622 570 790 635 interpretans
801 569 932 634 epistolam
943 568 976 619 ad
987 569 1118 619 Hebraeos
1128 569 1190 619 dicit
1199 569 1263 618 libro
1275 568 1301 619 ii.

349 701 432 766 Cum
464 700 637 766 dixerimus
669 701 743 786 quia
772 701 915 764 Verbum
948 701 1028 764 Caro
1058 699 1179 764 factum
1212 705 1270 778 est,
1300 699 1388 764 carni
1420 721 1507 764 com-

305 803 482 869 munieavit
509 805 680 868 seeundum
705 802 943 868 subsistentiam
966 802 1179 880 ineffabiliter,
1203 808 1236 867 et
1262 802 1419 888 quomodo
1447 825 1506 866 nec

304 906 443 992 intelligi
466 911 589 991 potest:
621 911 699 970 tunc
721 904 839 970 etenim
860 911 938 969 tune
959 909 993 968 et
1014 903 1257 988 uniusediusque
1282 904 1507 969 subsistentiae

303 1031 436 1092 persona
456 1009 620 1075 intellectu
641 1013 785 1094 suscepta
803 1008 899 1074 simul
914 1007 1073 1073 concurrit
1089 1009 1212 1073 naturis
1232 1007 1272 1072 ad
1291 1008 1459 1072 unitatem.
1520 1016 1537 1074 5

621 1222 671 1284 Qui
683 1228 770 1288 postea
781 1222 807 1272 in
820 1222 910 1272 eedem
923 1237 997 1287 opere
1008 1222 1073 1271 libro
1084 1226 1183 1286 quarto.

343 1357 430 1443 Ergo
460 1357 588 1444 (inquit)
618 1357 760 1422 refloruit
788 1362 821 1421 et
847 1356 936 1421 velut
963 1362 1092 1420 renatus
1121 1361 1180 1433 est,
1210 1356 1300 1441 quasi
1329 1379 1369 1421 ex
1397 1355 1503 1421 radice

301 1459 437 1526 secunda
461 1460 604 1525 omnium
629 1465 773 1524 nostrum
794 1459 960 1524 salvatoris
982 1457 1114 1535 Christi,
1141 1459 1244 1534 homo,
1270 1459 1311 1522 ad
1336 1458 1504 1544 incorrup-

300 1564 421 1628 tionem
436 1570 469 1629 et
482 1563 686 1649 antiquarum
700 1585 879 1627 caussarum
894 1561 1046 1627 virtutem
1061 1583 1117 1647 per
1131 1561 1235 1626 secula
1249 1583 1281 1626 se
1296 1561 1385 1626 vicit.

543 1778 574 1842 Ε]
579 1777 664 1828 uadem
675 1793 707 1826 ex
719 1777 925 1842 interpretatione
937 1775 1066 1844 Epistolue
1077 1775 1109 1825 ad
1120 1775 1257 1826 Hebraeos.
1520 1808 1560 1849 10

346 1910 410 1976 Sed
431 1932 495 1976 non
520 1912 556 1976 in
578 1910 669 1975 nobis
692 1909 882 1974 mortificata
908 1909 959 1972 lex
984 1907 1105 1993 peceati
1128 1906 1250 1986 fuisset,
1274 1907 1327 1972 sed
1350 1931 1407 1974 nec
1433 1909 1502 1993 ipsa

301 2012 423 2078 eunetis
452 2013 667 2078 inimicissima
699 2034 782 2076 mors
810 2012 970 2076 destructa
998 2010 1120 2088 fuisset,
1150 2009 1212 2074 nisi
1240 2009 1360 2075 factum
1389 2010 1503 2077 fuisset

301 2135 374 2178 vere
391 2113 553 2197 proprium
572 2111 672 2176 Verbi
691 2111 734 2189 id,
750 2112 783 2175 in
802 2132 865 2196 quo
887 2111 966 2175 illud
987 2132 1043 2194 per
1065 2110 1143 2195 Ejus
1168 2109 1320 2173 virtutem
1343 2111 1503 2194 propriam

302 2211 522 2276 damnabatur.
561 2209 639 2275 Non
660 2209 743 2274 enim
765 2207 941 2274 communis
963 2207 1100 2273 hominis
1114 2213 1147 2272 et
1165 2209 1232 2293 ejus
1252 2208 1306 2292 qui
1329 2208 1503 2272 secundum

301 2336 359 2380 nos
384 2313 588 2399 intelligitur,
610 2319 678 2379 erat
707 2333 796 2396 posse
819 2312 977 2376 destruere
1007 2312 1118 2375 mortis
1143 2311 1328 2395 imperium:
1357 2313 1502 2376 destrue-
1521 2333 1560 2389 15

300 2423 374 2482 tum
387 2439 461 2482 vero
483 2422 532 2481 est
548 2415 583 2480 id
597 2437 652 2500 per
667 2415 841 2480 Christum.
884 2413 945 2479 Est
967 2413 1068 2499 igitur
1089 2413 1124 2478 in
1146 2413 1286 2479 confesso
1308 2414 1392 2497 quod
1415 2421 1502 2480 certe

302 2521 474 2586 seeundum
503 2541 561 2584 nos
584 2518 680 2583 fuerit
705 2517 844 2582 multum
868 2515 964 2582 Deus.
1008 2517 1097 2603 Ergo
1125 2516 1199 2596 fuit,
1223 2517 1372 2603 quoniam
1395 2517 1501 2595 homo,

302 2623 442 2688 multum
465 2622 556 2688 valde
581 2621 665 2687 ultra
687 2643 755 2698 nos,
781 2626 819 2685 ut
845 2619 942 2685 Deus.
998 2619 1043 2683 Ilt
1072 2619 1227 2704 templum
1253 2626 1320 2685 erat
1345 2626 1501 2700 sanctum,

302 2727 386 2812 quod
401 2725 631 2812 plenitudinem
644 2723 833 2790 Divinitatis
850 2721 980 2807 aceepit.
1024 2721 1240 2788 Veruntamen
1254 2743 1311 2807 per
1325 2723 1502 2789 unitionem

303 2829 549 2916 dispensativam
570 2851 652 2893 unus
674 2849 740 2892 esse
762 2826 901 2891 ereditur
919 2825 960 2889 ad
974 2825 1068 2904 Eum,
1086 2825 1140 2911 qui
1160 2824 1353 2890 inhabitavit
1370 2830 1403 2890 et
1422 2826 1502 2890 dici·
1517 2847 1561 2887 πο

302 2939 368 3000 tur.
414 2932 505 2997 Sicut
526 2929 611 2995 enim
634 2934 682 2994 est
703 2929 738 2992 in
759 2927 850 2993 nobis
866 2927 1004 3013 Spiritus
1020 2928 1165 3006 Sanetus,
1180 2927 1348 2992 ostendens
1369 2951 1428 2992 nes
1448 2929 1503 2994 vel

302 3036 438 3100 efficiens
459 3033 616 3118 templum
637 3032 709 3110 Dei,
727 3031 822 3116 juxta
844 3032 979 3096 eundem
1002 3030 1132 3095 modum
1156 3035 1189 3094 et
1214 3030 1249 3094 in
1275 3031 1341 3115 ipso
1365 3031 1502 3096 dicimus

304 3137 432 3202 Christo
449 3136 606 3201 habitasse
628 3135 755 3221 quidem
775 3135 810 3199 in
832 3157 924 3199 earne
941 3140 979 3199 ut
997 3134 1032 3199 in
1049 3133 1167 3217 templo
1189 3132 1280 3197 illum
1296 3132 1357 3196 Dei
1374 3135 1501 3198 Sermo·

302 3262 395 3305 nem:
419 3238 626 3304 sanctificasse
640 3260 714 3303 vero
736 3261 806 3302 eam
827 3243 865 3302 ut
880 3237 1122 3302 inhabitantem.
1168 3235 1313 3300 Dicimus
1332 3257 1405 3300 vere
1425 3237 1503 3320 quia

303 3341 380 3409 lieet
408 3341 524 3408 dicitur
553 3341 721 3426 templum,
750 3341 804 3406 sed
833 3345 941 3405 tamen
970 3340 1132 3425 proprium
1154 3339 1233 3424 Ejus
1262 3343 1330 3403 erat
1358 3340 1391 3403 id
1417 3339 1503 3423 quod
1518 3359 1559 3418 25

303 3451 501 3528 assumptum
520 3450 577 3524 est,
592 3449 630 3509 ut
648 3466 749 3507 unum
769 3449 933 3528 reputetur
953 3443 993 3508 ad
1008 3444 1110 3508 Eum:
1141 3464 1206 3508 non
1227 3443 1301 3529 quia
1322 3444 1439 3508 transit
1459 3447 1504 3509 ad

304 3543 445 3611 Deitatis
464 3547 634 3626 Naturam,
656 3547 711 3611 sed
732 3546 837 3632 potius
858 3547 1116 3631 compositionem
1137 3546 1218 3611 circa
1238 3545 1414 3610 unitionem
1435 3546 1505 3610 dis-

303 3649 509 3736 pensativam.
555 3650 642 3716 Deus
656 3672 792 3736 namque
806 3656 873 3715 erat
887 3651 920 3714 in
935 3672 1026 3716 earne
1040 3655 1168 3736 propter
1182 3672 1249 3714 nos.

341 3867 366 3906 1.
385 3849 460 3906 llaec
479 3850 533 3906 duo
551 3851 613 3906 citat
631 3851 774 3907 Facundus
794 3852 995 3906 Hermianenris
1014 3865 1063 3992 pro
1082 3851 1143 3905 Des.
1155 3851 1192 3906 iii.
1212 3849 1338 3920 Cupitum
1356 3851 1403 3906 lib.
1416 3851 1453 3906 xi.
1473 3851 1503 3924 [e

303 3921 377 3978 Bibl.
386 3921 447 3976 Vct.
461 3920 532 3975 Patr.
545 3922 581 3975 xi.
595 3934 655 3992 792,
668 3922 710 3977 ed.
724 3921 1013 3993 Galland.Veu.1788.
1093 3927 1112 3951 “
1123 3919 1204 3974 Libro
1217 3920 1320 3974 tertio”
1334 3920 1402 3976 eod.
1413 3921 1502 3977 Vero·

302 3993 395 4048 nensis
407 3991 523 4062 Capituli
537 3991 659 4046 Galland.
672 3994 717 4046 cit.
1017 4009 1043 4062 9.
1063 4008 1091 4046 se
1104 3989 1180 4062 vicit]
1194 3990 1371 4058 legendumne
1383 3992 1502 4046 revixit?

305 4079 346 4118 ιο.
366 4059 526 4134 eSynodico
542 4079 600 4133 cap.
614 4062 675 4124 218,
695 4062 772 4133 Lupo
789 4064 949 4133 transcripto
966 4072 1028 4119 ante
1046 4070 1159 4118 mortem
1181 4060 1245 4115 1681
1266 4070 1369 4131 etpost
1386 4069 1502 4118 mortem

303 4130 375 4188 adito
391 4133 461 4187 inter
478 4149 557 4203 opera
576 4148 626 4186 sua
643 4131 688 4188 vii.
707 4146 759 4204 379
777 4133 998 4203 ed.Ven.1726;
1023 4133 1126 4188 Balesii
1143 4131 1315 4189 conciliorum
1333 4139 1398 4186 tem.
1417 4133 1503 4198 unic„

304 4204 355 4257 col.
387 4203 420 4256 28
434 4202 494 4257 Par.
507 4202 556 4257 168
577 4242 583 4256 .
752 4218 793 4269 14.
814 4202 987 4256 &mactetur
999 4201 1093 4272 Lupus
1105 4203 1270 4256 &mastiter
1281 4201 1346 4272 preli
1358 4201 1458 4256 mendo
1471 4215 1505 4259 ut

303 4269 358 4328 vid.
396 4273 464 4328 alus.
476 4273 548 4328 unde
557 4219 661 4329 blansi.
771 4272 864 4328 16-18.
883 4271 933 4327 Est
945 4272 1092 4344 igitur—ut
1105 4271 1193 4344 Deua]
1207 4273 1374 4328 subobscura
1385 4271 1461 4328 baec.
