3280 5142
315 337 358 400 58
606 333 646 397 Β.
670 329 883 398 OYRILLI
912 329 1204 396 ALEXANDR.
1291 327 1380 394 xviii.
1394 328 1447 415 38,
1462 347 1518 414 39.

314 497 511 602 ἐτράποντο
537 499 733 590 πολιτείαν,
762 499 821 578 καὶ
849 498 891 577 οῦ
918 495 1066 604 σφόδρα
1093 491 1326 603 συνᾴδουσαν
1353 501 1428 578 τοῖς
1456 491 1519 574 διὰ

281 621 503 709 οΜωοσέως
530 621 836 724 τεθεσπισμένοις.
872 620 973 701 ἀλλά
999 655 1059 720 μοι
1084 618 1150 721 τὴν
1173 621 1272 701 θείαν
1296 621 1520 721 διερευνῶντι

313 746 461 855 γραφὴν
487 750 545 829 καὶ
577 753 834 856 φιλοθηροῦντι
864 743 1091 850 πανταχόθεν
1118 742 1184 845 τὴν
1211 750 1276 822 τοῦ
1302 740 1519 846 πράγματος

316 871 444 969 αἰτίαν,
460 869 665 975 παρέπιπτέ
686 906 721 951 τι
743 877 817 951 τῶν
844 871 949 951 θείων
976 868 1122 971 λογίων,
1141 866 1161 948 ό
1179 871 1237 948 καὶ
1255 872 1360 946 καλεῖ
1372 901 1450 950 πως
1468 869 1518 948 είς

315 997 477 1101 ὑποψίαν
494 993 559 1075 τόν
576 993 747 1098 ῆμέτερον
765 1003 860 1092 νοῦν,
877 992 927 1095 μὴ
946 991 1017 1096 ἀρα
1034 1027 1070 1073 τι
1094 999 1315 1095 πληροῦντες
1334 995 1407 1070 τῶν
1423 987 1517 1069 κατὰ
1534 1024 1554 1084 5

313 1118 378 1199 τὸν
407 1115 517 1218 νόμον
544 1119 656 1199 καίτοι
689 1118 898 1220 δυσάγωγοι
930 1119 1014 1197 λίαν
1041 1115 1139 1202 ὄντες
1165 1117 1329 1196 Ἰουδαῖοι
1356 1110 1424 1213 τῆν
1451 1120 1518 1193 τοῦ
1630 1163 1632 1248 η

313 1251 595 1347 κακουργοῦντας
623 1240 765 1344 ἐζήτουν
793 1243 938 1349 ἄφεσιν.
974 1241 1175 1344 γε’γραπται
1201 1240 1321 1320 τοίνυν
1339 1240 1396 1318 ἐπὶ
1417 1233 1517 1318 τέλει

314 1375 379 1448 τοῦ
396 1366 545 1464 βιβλίου
564 1375 629 1448 τοῦ
648 1367 869 1466 καλουμένου
892 1373 965 1446 τῶν
983 1369 1143 1470 ἀριθμῶν
1160 1366 1181 1444 ό
1198 1366 1280 1467 περὶ
1296 1371 1360 1443 τοῦ
1379 1360 1512 1468 φονεύ-

315 1527 416 1578 οντος
439 1490 547 1592 νόμος
571 1492 748 1575 ἀκουσίως
773 1489 884 1594 ἤγουν
911 1491 1092 1574 ἑκουσίως·
1132 1486 1367 1592 διωρισμένης
1390 1485 1429 1567 δέ
1449 1490 1516 1585 τῆς

284 1617 414 1715 οδίκης
439 1619 597 1719 ἐναργῶς
619 1620 682 1714 τῆς
701 1617 758 1695 ἐπὶ
780 1619 832 1723 τῷ
856 1613 949 1694 κατὰ
975 1615 1156 1710 βούλησιν
1172 1618 1338 1719 φονευτῆ,
1355 1609 1518 1710 μέτεισιν
1535 1652 1577 1691 ιο

314 1736 417 1823 εῦθῦς
431 1740 451 1818 ό
467 1740 578 1842 λόγος
594 1745 642 1825 εἷς
661 1736 725 1819 τὸν
742 1741 824 1841 περὶ
842 1746 905 1818 τοῦ
925 1735 1138 1843 φονεύοντος
1156 1735 1343 1832 ἀκουσίως,
1361 1729 1437 1814 εἶτα
1455 1736 1516 1826 καὶ

219 1933 226 1947 .
315 1863 408 1942 οὕτω
428 1865 523 1969 φησὶ
540 1863 621 1962 μεθ’
650 1862 751 1965 ἕτερα
780 1862 902 1943 “Ἐάν
924 1862 963 1942 δὲ
989 1858 1142 1968 ἐξάπινα
1169 1861 1210 1940 οῦ
1238 1857 1282 1939 δι’
1310 1859 1442 1964 ἔχθραν
1466 1859 1516 1941 ῶς

316 1997 338 2035 “
356 1984 465 2067 αὐτὸν
483 1983 517 2092 ᾖ,
534 1987 706 2093 ἐπιῤῥίῆιη
723 1985 760 2066 δέ
779 1987 833 2067 ἐπ’
853 1985 961 2066 αὐτὸν
979 1992 1053 2066 πᾶν
1071 1991 1200 2070 σκεῦος
1218 1984 1282 2063 οῦκ
1298 1984 1344 2089 ἐξ
1362 1981 1515 2085 ἐνέδραν,

315 2109 378 2211 “ἢ
401 2113 439 2190 ἐν
456 2113 564 2190 παντὶ
592 2110 684 2218 λίθιρ
712 2110 751 2189 ἐν
768 2106 797 2217 ᾧ
825 2111 1053 2190 ἀποθανεῖται
1072 2112 1110 2190 ἐν
1132 2111 1227 2217 αύτῷ
1246 2109 1310 2188 οῦκ
1326 2104 1437 2205 είδάις,
1454 2110 1516 2186 καὶ

313 2246 336 2283 “
354 2234 451 2342 πέση
478 2236 531 2316 ἐπ’
552 2233 671 2332 αὐτόν,
691 2238 748 2315 καὶ
776 2234 951 2340 ἀποθάνη,
970 2233 1076 2319 αὐτὸς
1101 2233 1138 2314 δέ
1162 2233 1227 2313 οῦκ
1250 2230 1378 2337 ἐχθρὸς
1405 2232 1515 2310 αὐτοῦ
1534 2259 1573 2320 15

314 2371 336 2408 “
355 2356 400 2458 ἦν
417 2357 497 2439 ούδέ
526 2357 640 2462 ζητῶν
658 2362 896 2458 κακοποιῆσαι
925 2356 1044 2455 αὐτὸν,
1064 2361 1121 2437 καὶ
1150 2356 1298 2459 κρινεῖὴ
1317 2352 1514 2458 συναγωγὴ

315 2494 337 2532 “
355 2481 424 2564 ἀνὰ
449 2481 563 2583 μέσον
581 2491 645 2563 τοῦ
668 2481 897 2590 πατάξαντος
915 2486 973 2562 καὶ
992 2481 1062 2562 ἀνά
1089 2481 1204 2580 μέσον
1222 2488 1287 2561 τοῦ
1314 2477 1512 2585 ἀγχιστεύ-

315 2618 336 2656 “
355 2641 457 2692 ουτος
484 2604 526 2687 τὸ
559 2605 647 2706 αἷμα
676 2604 768 2686 κατά
798 2605 844 2686 τά
871 2606 1025 2709 κρίματα
1054 2607 1261 2703 ταῦτακαὶ
1291 2604 1463 2711 ἐξελεῖται
1491 2600 1514 2700 ἡ

314 2742 336 2778 “
354 2728 552 2833 συναγωγὴ
589 2728 653 2810 τὸν
689 2728 918 2838 φονεύσαντα
955 2726 1028 2809 ἀπό
1065 2737 1130 2810 τοῦ
1161 2728 1438 2834 ἀγχιστεύοντος
1471 2726 1514 2807 τὸ

315 2865 336 2901 “
355 2853 454 2953 αἷμα,
474 2856 532 2934 καὶ
553 2851 922 2954 ἀποκαταστήσουσιν
947 2852 1056 2935 αὐτόν
1084 2854 1106 2954 ἡ
1138 2851 1335 2954 συναγωγὴ
1367 2855 1416 2934 εἷς
1446 2849 1514 2950 τὴν
1531 2884 1572 2924 20

314 2987 336 3024 “
354 2975 465 3058 πόλιν
494 2985 557 3057 τοῦ
585 2979 869 3083 φυγαδευτηρίου
896 2978 939 3058 οῦ
966 2977 1109 3084 ἐφογε.”
1159 2975 1323 3076 τοιαύτης
1351 2975 1415 3055 οῦν
1441 2973 1512 3077 ἀρα

279 3101 562 3204 ᾱγεγραμμένης
598 3103 756 3202 ἐντολῆς,
790 3098 866 3182 εἶτά
902 3136 1009 3183 τινων
1037 3104 1086 3186 ῶς
1117 3099 1208 3186 εἰκὸς
1239 3107 1313 3185 τοῖς
1343 3098 1514 3184 τοιούτοις

312 3222 600 3326 περιπιπτόντων
618 3227 858 3325 πταίσμασιν,
876 3225 935 3304 ἵνα
951 3259 1030 3310 πως
1052 3226 1187 3305 δοκοῖεν
1204 3230 1278 3305 τῶν
1301 3226 1386 3328 τῆδε
1410 3228 1510 3304 τεθε-

313 3347 528 3445 σπισμένων
560 3349 602 3429 οῦ
632 3355 818 3433 παντελῶς
850 3351 1007 3450 ἀλογεΐν,
1039 3345 1131 3428 κατά
1159 3348 1302 3448 πληθῦν
1332 3343 1514 3430 συνιόντες

313 3470 487 3570 Ἰουδαῖοι,
509 3471 768 3552 τῶντοιούτων
787 3468 936 3578 ἐξῄτουν
961 3472 1035 3552 ἕνα.
1070 3472 1175 3575 ἔργον
1193 3471 1264 3576 γάρ
1292 3471 1381 3572 όλης
1408 3479 1514 3551 τοῦτο
1531 3499 1572 3564 25

313 3596 377 3692 τῆς
405 3599 625 3698 Συναγωγῆς
653 3597 672 3676 ὁ
701 3593 808 3697 νόμος
838 3596 1007 3699 γενέσθαι
1038 3596 1293 3700 προσέταττεν.
1346 3594 1515 3676 ἀπολύειν

313 3715 427 3819 γεμῆν
445 3718 528 3826 ἐξὸν
546 3721 674 3817 αὐτοῖς,
694 3719 787 3800 κατά
813 3755 856 3822 γε
883 3719 925 3801 τό
951 3723 1079 3800 δοκοῦν
1097 3725 1149 3827 τῷ
1173 3717 1282 3827 νόμην,
1301 3726 1407 3798 τοῦτο
1425 3721 1514 3820 δρῦν

313 3847 456 3922 αἰτοῦσι
481 3841 658 3925 Πιλάτου.
699 3844 977 3952 καταδεξάμενοι
1006 3842 1078 3948 γάρ
1106 3841 1210 3952 ἅπαξ
1234 3843 1300 3944 τὴν
1326 3844 1514 3943 Ῥωμαίων

352 4090 375 4127 1.
395 4069 573 4144 συνᾴδουσαν]
587 4073 704 4156 συνφδδμ
716 4071 788 4128 Oatt.
957 4089 999 4129 12.
1017 4072 1137 4144 ἐξαπίνης
1150 4072 1221 4129 catt.
1235 4073 1326 4145 (Alex.
1338 4071 1407 4156 VJI)
1421 4073 1456 4130 ef.
1470 4073 1513 4130 De

313 4141 372 4225 λδ..
380 4143 431 4197 282
444 4160 469 4208 a,
482 4143 516 4198 ab
530 4143 652 4199 Holmon.
670 4152 716 4199 ιιι.
771 4145 805 4202 ὣς
822 4145 900 4200 αὐτὸν
917 4143 946 4218 ἢ]
965 4145 1022 4214 ὤσῃ
1041 4143 1119 4200 αὐτὸν
1131 4145 1202 4200 Gutt.
1216 4163 1280 4228 emp
1292 4144 1419 4200 ommbuu
1432 4145 1466 4200 Α.
1478 4145 1513 4200 Τ.

313 4213 397 4268 hbns.
522 4231 564 4285 ¹3·
582 4215 660 4269 αὐτὸν
671 4215 717 4270 alt.
732 4214 764 4269 Ε.
779 4213 862 4271 Cord.
875 4217 943 4289 αὐτῷ
957 4215 1009 4271 Ed.
1131 4233 1173 4284 ιη.
1191 4217 1219 4270 ἐν
1230 4233 1348 4288 prunum
1359 4233 1414 4272 om.
1429 4213 1513 4271 Cord.

312 4281 787 4426 ῑὲλῒθῖἒίἳξθέἕιὲἰὲῖὸθδ·
840 4281 1514 4428 wammam&

315 4423 797 4566 ΣΑΙοηὶἐξῆ)κιιηταηὲῆοουσιῂιι,δῦια00
812 4497 830 4554 d
879 4426 1190 4554 ²1·,³9⁰{‘793W⁹²1⁹]
1203 4427 1513 4554 Ἧιγρομνηςᾶομᾶ.

315 4507 1513 4642 ‚fiassmssaacffd⁸27.;f4010323⁰;÷3;⁰⁹⁰'⁸⁰33.afffaessffsssm:
