3278 5130
285 251 351 316 366
460 250 499 315 Β.
522 249 712 316 CYRILLI
737 249 1001 317 ALEXANDR.
1032 252 1316 319 FRAGMENTA
1422 253 1445 317 i.
1464 273 1494 316 1.

125 350 196 416 [10⁷
208 353 271 418 M.]
342 413 505 494 Τέθειται
522 416 641 495 τοίνυν
659 417 708 500 ῶς
727 413 916 519 ἅνθρωπος
942 417 1135 524 κληρονόμος
1154 416 1285 498 πάντων
1302 422 1489 512 οἰκονομι-

286 544 367 634 κῶς,
384 537 442 616 ἵνα
469 536 600 619 λοιπὸν
618 541 666 624 ῶς
690 540 786 646 αύτῷ
812 537 1047 642 προσήκοντά
1067 575 1107 621 τε
1124 543 1182 620 καὶ
1200 541 1289 621 ἰ’διον
1303 539 1493 644 ἀνασώσῃ

286 665 422 763 κλῆρον
439 659 522 746 τούς
541 664 599 743 ἐπὶ
616 666 681 761 τῆς
699 666 778 764 γῆς,
796 665 952 748 ἀνοσίως
970 664 1257 768 διηρπασμένους
1275 664 1344 745 ύπὸ
1362 698 1403 744 τε
1420 673 1493 743 τοῦ

287 785 460 881 διαβόλου
483 789 543 865 καὶ
569 792 642 865 τῶν
666 783 737 865 σύν
761 787 856 894 αὐτῷ
885 786 1067 885 δυνάμεων
1094 794 1271 891 πονηρῶν.
1307 790 1367 867 καὶ
1394 795 1492 887 γοῦν

286 908 356 1015 ἔφη
374 908 464 1012 πρὸς
483 907 592 989 αύτδν
615 909 636 988 ὁ
655 907 748 993 Θεὸς
767 913 825 990 καὶ
843 909 974 1013 Πατήρ
1002 923 1024 960 “
1038 910 1195 1011 Αἵτησαι
1217 913 1300 1014 παρ’
1320 912 1400 1006 ε’μοῖ
1426 912 1525 997 καῖ5

287 1045 309 1082 “
326 1033 436 1114 διίσω
459 1067 522 1113 σοι
539 1031 623 1134 ἔθνη
642 1032 708 1133 τὴν
726 1035 965 1137 κληρονομίαν
984 1036 1083 1115 σου”
1113 1039 1173 1115 καὶ
1191 1036 1287 1142 ἑξῆς·
1327 1035 1370 1114 οὗ
1389 1033 1490 1136 πρὸς

284 1158 394 1262 πέρας
426 1157 667 1259 ε’νηνεγμένου,
695 1156 786 1261 πρὸς
822 1154 887 1237 τὸν
923 1160 1048 1238 ἑαυτοῦ
1080 1158 1228 1270 Πατέρα
1262 1161 1344 1257 περὶ
1380 1157 1490 1256 ἡμῶν

285 1290 402 1388 φησιν
428 1292 451 1329 “
464 1280 542 1366 Ούς
569 1278 724 1365 δεδωκάς
750 1315 811 1378 μοι
839 1281 878 1360 έκ
901 1289 965 1361 τοῦ
992 1281 1143 1380 κόσμου,
1161 1286 1222 1361 σοὶ
1250 1278 1348 1380 ἦσαν
1376 1283 1489 1374 κάμοὶ

285 1417 306 1454 “
325 1403 450 1488 αύτούς
474 1402 659 1487 δέδωκας.”
697 1403 797 1506 οἴθρει
821 1403 865 1501 δὴ
894 1404 957 1483 οὖν
984 1403 1081 1489 ὅπως
1108 1410 1155 1488 εῖς
1182 1404 1246 1483 τὸν
1273 1401 1489 1508 ύπιίρχοντα

284 1531 380 1636 αὐτῷ
406 1537 567 1609 πλοῦτον
585 1526 675 1608 κατὰ
703 1527 818 1628 φύσιν
836 1525 952 1606 ἄνεισι
972 1530 1029 1608 καὶ
1057 1527 1148 1626 μετὰ
1175 1527 1323 1632 σαρκός·
1351 1533 1382 1606 εῖ
1410 1525 1487 1628 γὰρ
1504 1557 1542 1598 10

283 1651 380 1752 ἦσαν
408 1656 440 1732 οἱ
469 1655 506 1731 ἐν
525 1649 652 1759 κόσμῳ
679 1659 743 1731 τοῦ
761 1650 918 1754 Πατρός,
938 1649 1029 1730 κατὰ
1057 1651 1136 1730 τίνα
1158 1649 1202 1751 δὴ
1229 1649 1365 1752 τρόπον
1393 1685 1484 1750 νοη-

284 1780 374 1854 θεῖεν
413 1774 457 1854 ἂν
493 1783 558 1855 τοῦ
595 1773 934 1874 συμβασιλεύοντος
971 1776 1068 1882 αὐτῷ
1105 1773 1255 1877 Λόγους
1299 1771 1487 1876 τοιγάρτοι

150 1965 156 1978 .
202 1965 208 1980 .
284 1901 342 1978 καῖ
368 1897 527 2002 ἔφασκεν
546 1897 600 1978 ὅτι
626 1907 647 1945 “
660 1895 779 1977 πάντα
798 1895 844 1976 τά
860 1896 927 1996 ε’μά
945 1896 997 1976 σά
1020 1901 1098 1978 ε’στι
1117 1901 1174 1978 καὶ
1192 1895 1239 1978 τὰ
1256 1896 1308 1976 σά
1326 1895 1404 1994 ἐμά,
1422 1901 1486 1976 καὶ

284 2031 306 2070 “
325 2021 545 2129 δεδόξασμαι
573 2024 611 2101 ἐν
633 2022 782 2106 αύτοῖς.”
817 2027 895 2104 πῶς
919 2023 982 2101 οὖν
999 2027 1108 2101 αἰτεῖν
1128 2019 1402 2125 προστάττεται,
1422 2024 1485 2100 καὶ

284 2147 422 2251 δέχεται
448 2145 514 2244 μὲν
542 2151 591 2230 εῖς
619 2147 859 2246 κληρονομίαν
891 2144 986 2245 έθνη,
1015 2144 1237 2250 κατάσχεσιν
1265 2143 1303 2223 δὲ
1329 2150 1484 2225 ποιεῖται
1500 2169 1538 2229 15

283 2272 341 2348 καὶ
362 2269 408 2349 τά
429 2269 567 2372 πέρατα
585 2274 648 2369 τῆς
665 2273 756 2372 γῆςς
788 2267 1110 2371 ἀποσκιρτήσαντα
1135 2267 1207 2372 γὰρ
1226 2264 1399 2375 ἐξιτήλως
1417 2267 1484 2346 τὸν

282 2393 471 2496 ἄνθρωπον
490 2394 651 2477 δουλείαις
679 2397 743 2493 τῆς
771 2391 839 2474 ύπὸ
859 2395 943 2501 θεῷ
971 2397 1153 2472 διασῶσαι
1180 2391 1341 2490 θελήσας
1362 2393 1382 2470 ὁ
1405 2399 1483 2472 τῶν

204 2501 211 2519 ’
281 2515 379 2596 ὅλων
414 2516 663 2618 γενεσιουργδς
701 2520 760 2594 καὶ
793 2514 932 2619 Πατὴρ,
963 2517 1156 2621 πέπομφεν
1189 2521 1237 2600 εῖς
1276 2513 1377 2594 τόνδε
1414 2517 1481 2595 τὸν

281 2639 421 2739 κόσμον
445 2638 509 2721 τόν
530 2642 721 2741 Μονογενῆ
740 2637 836 2720 θεὸν
856 2639 978 2740 Λόγον
995 2641 1054 2719 ἵνα
1077 2637 1266 2741 γενόμενος
1291 2636 1394 2745 σάρξ
1419 2643 1479 2720 καὶ

114 2793 218 2845 nunni.
230 2795 269 2859 38.
281 2771 354 2848 τοῖς
372 2763 573 2867 ἀνθρώποις
597 2767 911 2866 συναναστροφὰς
930 2765 979 2847 ὡς
1001 2763 1199 2865 ἅνθρωπος,
1218 2761 1368 2867 κηρύξαι
1392 2767 1474 2866 αῖχ·
1494 2796 1536 2836 ιο

114 2909 269 2974 mm.
280 2887 461 2985 μαλώτοις
483 2885 548 2985 μέν
567 2887 711 2993 ἄφεσιν,
730 2891 884 2989 τυφλοῖς
907 2884 945 2965 δὲ
964 2884 1180 2988 ἀνάβλεψιν,
1199 2886 1340 2991 καλέσῃ
1359 2885 1397 2964 δὲ
1419 2892 1479 2966 καὶ

280 3009 438 3090 ἐνιαυτὸν
458 3011 591 3115 Κυρίου
620 3006 754 3091 δεκτόν.
793 3009 920 3089 ούκοῦν
944 3005 1012 3089 κάν
1035 3015 1064 3089 εῖ
1080 3008 1234 3111 ’λέγοιτο
1263 3015 1390 3103 λαβεῖν
1418 3013 1478 3089 καὶ

280 3137 459 3213 τεθεῖσθαι
489 3133 710 3237 κληρονόμος
738 3133 797 3214 διά
823 3133 866 3213 τὸ
895 3135 1128 3236 ἀνθρώπινον,
1156 3134 1221 3212 ούκ
1249 3130 1478 3232 ἀγνοήσομεν

279 3251 346 3353 τὴν
374 3257 588 3354 οἰκονομίαν·
631 3265 703 3336 ποῶ
729 3257 801 3359 γάρ
829 3258 924 3341 ὅλως
951 3255 1187 3360 ἐπτώχευσεν,
1214 3261 1244 3334 εῖ
1271 3255 1322 3356 μὴ
1349 3257 1477 3358 γέγονε

281 3379 365 3458 καθ’
386 3380 489 3478 ἡμᾶς,
507 3381 692 3460 τουτέστιν
712 3381 900 3481 ἅνθρωπος
918 3379 1008 3481 μετὰ
1026 3387 1090 3460 τοῦ
1108 3387 1223 3478 μεῖναι
1237 3380 1353 3474 θεός;
1382 3383 1476 3462 οὕτω
1491 3413 1529 3474 ²5

280 3507 424 3610 φρονεῖν
442 3503 533 3601 ἡμᾶς
551 3504 752 3583 ἀναπείθων
769 3505 790 3582 ό
807 3502 1000 3588 θεσπέσιος
1020 3509 1168 3587 Παῦλος
1186 3501 1477 3607 προσεπήνεγκεν

279 3625 479 3726 ἀναγκαίως
506 3626 548 3706 τό
568 3635 624 3706 Δι’
647 3625 681 3707 ιδ
711 3637 771 3706 καὶ
800 3625 874 3713 τῶς
902 3627 1026 3712 αἰῶνας
1054 3627 1199 3720 ε’πιίησε.
1239 3633 1317 3710 πῶς
1340 3629 1403 3708 οὖν
1431 3626 1476 3708 ἀν

277 3747 416 3850 γένοιτο
443 3752 500 3829 καὶ
527 3758 632 3829 τοῦτο
659 3749 819 3850 ἀληθῶς
853 3756 881 3829 εῖ
910 3748 983 3851 γὰρ
1007 3753 1045 3829 ἐν
1062 3749 1229 3856 έσχάτοις
1257 3758 1320 3831 τοῦ
1348 3758 1476 3839 αἰῶνος

278 3879 410 3973 καιροῖς
434 3870 573 3952 τέτοκεν
595 3872 679 3972 ἡμῖν
697 3873 719 3973 ἡ
740 3873 827 3973 ἁγία
851 3872 1027 3976 παρθένος
1053 3871 1116 3954 τόν
1133 3873 1383 3974 Ἐμμανουὴλ,
1398 3882 1476 3960 πῶς

279 3988 322 4073 δι’
343 3997 452 4076 αὐτοῦ
469 3993 543 4083 τῶς
563 3997 686 4082 αἰῶνας
704 3996 925 4095 πεποιῆσθαί
946 4001 1065 4102 φησι;
1095 4001 1153 4074 καὶ
1170 3996 1271 4094 μα’λα
1290 3997 1415 4100 ὀρθῶς.
1454 4001 1528 4094 ό3ο

278 4117 349 4222 γὰρ
366 4121 405 4200 ἐκ
423 4126 518 4200 Θεοῦ
536 4119 681 4225 Πατρός
695 4117 814 4221 Λόγος
833 4120 852 4198 ό
871 4117 944 4222 πρὸ
962 4119 1096 4203 παντὸς
1114 4123 1241 4204 αῖῶνος
1263 4122 1319 4198 καὶ
1339 4120 1473 4225 χρόνου

316 4333 357 4384 14.
376 4321 573 4387 προστύσσεται
585 4320 712 4376 mendose
726 4317 772 4373 Cr.
980 4335 1022 4372 20.
1040 4315 1136 4390 κηρύξῃ
1149 4335 1287 4390 perperam
1301 4321 1414 4376 correxit
1428 4319 1475 4377 Cr.

279 4401 322 4457 23.
339 4389 498 4457 κληρονόμον
512 4387 557 4444 Cr.
