3284 5130
311 333 375 398 114
603 333 643 401 Β.
666 335 881 404 CYRILLI
909 335 1202 404 ALEXANDR.
1329 379 1333 388 ,
1388 344 1510 416 xx·15·

308 495 415 579 ποίαν
431 499 570 597 αἰτίανς
599 499 622 602 ἢ
644 501 716 605 γὰρ
738 502 789 582 ἔτι
814 502 958 603 δυνάμει
984 507 1176 606 θεοπρεπεΐ
1199 497 1510 600 κατακρύπτοντος

308 621 433 701 ἑαυτὸν
451 632 515 703 τοῦ
535 629 701 730 Σωτῆρος
726 627 827 726 ἡμῶν
846 633 1022 730 Χριστοῦ,
1041 629 1099 706 καὶ
1124 626 1166 705 οὐ
1193 625 1277 703 λίαν
1301 621 1441 720 ἕτοιμον
1460 623 1509 702 εἱς

309 745 505 847 ἐπίγνωσιν
530 756 604 832 τοῖς
632 756 705 830 τῶν
724 751 909 847 θεωμένων
925 750 1146 855 παρέχοντος
1174 751 1390 854 ὀφθαλμοῖς,
1416 745 1505 824 ὑπο·

309 870 405 968 μένει
428 870 494 971 τὴν
512 871 672 975 α’ίγνοιαν·
712 871 735 974 ἢ
758 873 900 977 ἐπείπερ
919 873 1048 978 ὄρθρος
1073 870 1119 973 ἦν
1138 873 1188 952 έτι
1209 870 1338 968 βαθὺς,
1360 867 1427 968 τὴν
1445 875 1509 948 τοῦ

280 995 526 1099 οφαινομένον
554 997 732 1100 διάκρισιν
750 999 813 1079 οὐκ
840 993 935 1103 εἶχεν
953 996 1109 1081 εὐκόλως
1134 997 1239 1094 ἑλεῖν,
1257 996 1322 1075 οὐκ
1349 993 1509 1099 ἐφιείσης
1524 1019 1545 1082 5

309 1118 445 1223 τρόπον
476 1119 557 1201 τινὰ
586 1129 692 1202 τοῦτο
725 1126 814 1224 δρᾶν
847 1125 911 1222 τῆς
945 1120 1079 1218 νυκτὸς,
1110 1117 1439 1222 παραδεικννούοης
1472 1114 1510 1195 δὲ

308 1241 414 1342 μόλις
441 1252 506 1325 τοῦ
533 1246 695 1346 πλησίον
719 1244 833 1329 ίόντος
861 1244 903 1324 τὸ
926 1249 1066 1350 σχῆμα.
1107 1242 1288 1348 τοιγάρτοι
1317 1243 1374 1321 καὶ
1403 1237 1511 1323 αὐτὸς

310 1368 330 1446 ὃ
350 1367 482 1471 Κύριος
499 1369 602 1469 ἡμῶν
618 1369 761 1469 Ἰησοῦς
780 1371 801 1450 ό
819 1368 983 1472 Χριστός
1001 1371 1039 1448 ἐν
1057 1375 1109 1476 τῷ
1131 1363 1268 1475 ᾄσματι
1289 1372 1363 1447 τῶν
1383 1362 1508 1472 ᾀσμά-

310 1526 383 1571 των
402 1491 636 1593 διαμέμνηταί
660 1527 738 1577 πως
762 1500 835 1573 τῶν
858 1495 895 1571 ἐν
914 1497 998 1598 τῇδε
1022 1498 1067 1599 τῇ
1094 1493 1192 1572 νυκτὶ
1216 1487 1431 1593 περιπάτων,
1450 1490 1511 1567 καὶ

245 1651 252 1665 ·
311 1616 469 1714 ίκμάδων
486 1621 559 1695 τῶν
576 1619 616 1696 ἐκ
643 1616 779 1718 δρόσον
806 1620 869 1713 τῆς
897 1617 1054 1716 ἑωθινῆς,
1080 1618 1173 1696 οὕτω
1199 1613 1318 1716 λέγων
1345 1609 1468 1692 “”Οτι
1487 1612 1510 1712 ἡ
1527 1653 1567 1697 ιο

311 1749 333 1787 “
351 1738 493 1846 κεφαλή
517 1774 587 1839 μου
611 1737 779 1842 ἐπλήσθη
798 1738 933 1843 δρόσον
951 1745 1009 1820 καὶ
1028 1744 1061 1819 οἱ
1083 1738 1288 1844 βόστρυχοί
1300 1771 1371 1838 μου
1389 1735 1507 1845 ψεκοί-

311 1872 333 1909 “
351 1865 425 1943 δων
443 1862 599 1946 νυκτός.”

262 2121 299 2181 15
311 2103 401 2180 Λὲτει
435 2105 517 2198 αὐτῇ
546 2105 565 2174 ὀ
595 2105 720 2173 Ἰιιοοθα
751 2105 856 2189 Γύναι,
884 2105 915 2175 τί
950 2105 1074 2174 κλαίεις
1084 2139 1094 2192 ;
1131 2105 1202 2175 τίνα
1235 2101 1375 2196 <mdes
1398 2103 1508 2171 ἑκείνιι

277 2233 299 2300 d
363 2228 502 2296 δοκοῦσα
524 2231 610 2300 ὅτιὸ
630 2232 795 2323 κιιπουρόο
817 2232 895 2316 ἐστι,
914 2234 1001 2309 λέγει
1023 2234 1113 2320 αὐτῷ
1130 2231 1234 2323 Κύριε,
1253 2229 1281 2297 εἰ
1306 2231 1343 2299 σὺ
1370 2231 1509 2310 ἐβάστα-

362 2379 421 2422 σοο
444 2356 554 2438 αὐτὸν,
577 2353 649 2424 εἰπὲ
672 2381 728 2436 μοι
750 2364 812 2426 ποῦ
836 2358 957 2426 &eunuc
979 2357 1090 2441 αὐτὸν,
1113 2357 1204 2433 κάτώ
1226 2356 1299 2448 ἀρῶ
1324 2356 1433 2424 αὐτόν.
1526 2359 1564 2421 ¹5

367 2529 519 2616 Σκοτίας
547 2529 614 2629 μέν
643 2533 756 2634 οὔσης
788 2532 839 2613 έτι
872 2535 932 2613 καὶ
963 2533 1161 2633 λελνμείνης
1193 2531 1292 2612 οὔπω
1324 2519 1513 2614 παντελῶς

310 2654 375 2750 τῆς
404 2651 539 2754 νυκτός,
570 2660 696 2759 θεωρεῖ
717 2655 781 2738 τόν
806 2655 952 2758 Ἰησοῦν
979 2653 1086 2758 έγγός
1113 2654 1289 2759 γεγονότα
1317 2652 1433 2753 μόλις,
1453 2656 1512 2732 καὶ

311 2777 364 2860 τίς
382 2778 448 2876 μέν
466 2781 566 2860 ἔστιν
584 2777 714 2883 ἀγνοεῖ,
733 2779 799 2881 τὴν
817 2789 881 2861 τοῦ
900 2780 1070 2879 σώματος
1089 2778 1206 2860 εἰκόνα
1226 2780 1285 2858 καὶ
1307 2785 1371 2857 τοῦ
1392 2811 1512 2879 προσ-

311 2899 412 2981 ιόπον
435 2902 499 2982 τὸν
529 2909 738 3008 χαρακτῆρα
772 2906 961 3010 διακρίνειν
991 2906 1054 2985 οὐκ
1083 2903 1228 3009 ἔχουσα·
1271 2907 1511 3005 κατακροᾶται

311 3024 349 3104 δέ
381 3024 551 3128 λέγοντος
580 3025 622 3106 τό
652 3026 751 3110 Γόναι
778 3032 814 3108 τί
844 3033 999 3126 κλαίειςς
1033 3032 1093 3109 καὶ
1124 3035 1238 3131 πρᾶος
1267 3025 1332 3128 μέν
1362 3028 1507 3127 ἀληθῶς
1527 3063 1568 3104 20

312 3156 376 3228 τοῦ
407 3153 572 3252 Σωτῆρος
603 3152 623 3230 ό
652 3150 772 3254 λόγος,
804 3154 952 3233 ε’ντεκεῖν
984 3155 1013 3231 δ’
1049 3153 1112 3232 οὖν
1144 3150 1239 3251 ὅμως
1267 3157 1315 3236 εἱς
1349 3152 1512 3256 ὑποψίαν

284 3269 441 3370 οἱκανδς,
474 3272 529 3353 ’ότι
557 3274 686 3376 πρέποι
714 3275 879 3374 μάλιστά
905 3311 974 3356 τινι
999 3283 1071 3356 τῶν
1098 3285 1162 3358 τοῦ
1190 3274 1306 3376 κήπου
1332 3309 1513 3378 προεστη-

312 3392 440 3476 κότων·
481 3403 679 3479 διακεῖσθαι
706 3398 744 3479 δὲ
771 3399 884 3480 πόλιν
912 3398 1111 3482 ἀκόλουθον
1139 3401 1217 3506 οὐχὶ
1246 3398 1388 3484 πόντως
1420 3401 1508 3501 ἔρω-

311 3525 429 3598 τῶντα
461 3529 525 3601 τοῦ
557 3522 694 3603 κλαίειν
724 3520 790 3606 τὰς
827 3523 997 3630 ἀφορμὰς
1032 3523 1078 3605 τό
1113 3534 1260 3605 τοιαῦτα
1299 3523 1411 3630 φάναι
1448 3521 1513 3604 τόν

315 3642 459 3744 Κύρων,
480 3646 564 3724 ἀλλ’
585 3647 665 3727 οὐδὲ
691 3652 818 3746 μαθεῖν
844 3650 1015 3729 ἐθέλοντα
1042 3645 1106 3729 τόν
1132 3647 1216 3751 παρ’
1247 3649 1355 3729 αι’ποῦ
1383 3646 1511 3750 ζητού·
1528 3679 1568 3743 25

312 3803 430 3867 μενον,
449 3768 657 3874 ἀφιστάντα
682 3771 720 3851 δὲ
746 3778 893 3870 μᾶλλον
910 3782 973 3853 τοῦ
993 3771 1219 3875 κατοιμώζειν
1247 3771 1368 3871 αὐτὴν,
1397 3771 1512 3853 καθοί-

311 3921 381 3998 περ
402 3889 526 3994 ἀμέλει
553 3896 611 3974 καὶ
634 3895 751 3994 ἡτῶν
779 3896 960 3998 μακαρίων
991 3893 1161 3998 ἀγγέλων
1189 3894 1285 3993 δυὰς,
1304 3896 1411 3981 αὐτὸς
1440 3896 1513 4000 γὰρ

312 4017 434 4120 ἦνκαὶ
461 4021 499 4099 έν
516 4019 660 4120 ἐκείνοις,
683 4025 823 4100 λαλῶν.
862 4023 898 4102 τί
923 4020 1041 4102 τοίνυν
1062 4023 1208 4118 κλαίεις,
1227 4017 1256 4099 ὦ
1279 4019 1377 4124 γόιαι
1403 4021 1512 4127 φησί·

312 4146 386 4225 τίνα
411 4145 540 4254 ζητεῖς,
571 4143 744 4242 τουτέστι,
772 4142 1001 4247 περίστειλόν
1028 4177 1101 4226 σον
1127 4142 1170 4224 τδ
1194 4142 1358 4248 δάκρυον,
1379 4144 1517 4249 ἔχουσα

313 4266 378 4347 τόν
405 4267 627 4372 ζητούμενον.
664 4267 735 4370 ε’γιό
763 4303 834 4367 σοι,
854 4272 979 4374 φησὶν,
1005 4269 1028 4370 ἡ
1056 4277 1121 4349 τοῦ
1149 4266 1282 4372 θρήνου
1308 4267 1513 4376 πρόφασις,
1531 4313 1570 4371 30

353 4503 395 4559 13.
413 4485 452 4559 n]
464 4489 521 4544 τίνα
534 4489 567 4546 Ε.
725 4505 766 4557 14.
785 4491 901 4560 ιιηπορός
913 4488 946 4545 Ε.
1097 4502 1139 4557 15.
1157 4489 1211 4559 ἀρῶ
1223 4489 1301 4544 αὐτόν
1312 4488 1364 4544 hoc
1376 4487 1470 4543 ordine
1482 4487 1516 4544 Ε.

319 4584 360 4643 16.
379 4584 530 4645 inomAE.
645 4605 689 4646 ιο.
707 4572 845 4660 πρέπίίΕ.
952 4585 1325 4662 ο5.-τὸν]1οςωιάααιοοτδῖ
1356 4587 1479 4658 αὒτῆεΕ.
