3284 5130
305 353 369 418 1⁷0
608 353 647 416 Β.
671 350 877 416 CYRILLI
907 347 1198 413 ALEXANDR.
1372 346 1437 410 xxi.
1449 361 1502 430 25.

304 519 440 620 ἀρετῆς,
470 522 615 612 μᾶλλον
642 515 680 596 δέ
708 513 814 601 αι’πός
839 521 912 594 πᾶν
941 509 1033 598 είδος
1062 513 1232 618 ὑπάρχων
1261 513 1397 613 ἀρετῆς,
1425 515 1503 594 πῶς

303 642 368 719 οὐκ
395 639 440 719 ἀν
468 637 564 747 δρῴη
592 636 802 743 κεκριμένως
835 641 893 717 καὶ
920 646 1036 733 τοίπο,
1065 639 1123 717 καὶ
1150 636 1383 737 ἀλοιδόρητον
1409 669 1502 715 παν-

303 771 416 849 τελῶς
446 762 640 864 ἐποιήσατο
669 761 735 863 τὴν
761 761 888 866 ῥοπὴν,
914 760 980 859 τόν
1007 766 1055 846 είς
1081 759 1124 840 τό
1154 761 1285 865 χρῆναί
1315 764 1408 865 φημι
1436 763 1502 857 τῆς

303 886 447 988 ἀγάπης
475 886 599 994 ἀξιοῦν
620 885 683 967 τόν
704 886 832 966 τούτου
854 891 974 990 τυχεῖν
1001 885 1217 991 ὀφείλοντας
1246 880 1502 990 προεξηγησά-

302 1044 408 1107 μενος
432 1012 550 1093 τοίνυν
577 1011 615 1090 εὖ
640 1006 741 1109 μάλα
766 1010 825 1089 καί
846 1008 1061 1109 ἠγαπῆσθαι
1085 1007 1311 1110 προειρηκὼς,
1329 1005 1537 1105 ἀκόμπως5

302 1168 341 1213 τε
367 1137 424 1214 καί
446 1133 676 1241 ἀφιλοδόξως
699 1138 826 1238 κομιδῇ
851 1127 1142 1241 μεμαρτυρηκέναι
1164 1134 1257 1237 φησί
1277 1139 1349 1240 περὶ
1370 1129 1498 1229 τούτων,

303 1257 535 1364 ἀξιαγάστως
560 1259 627 1359 ἤδη
646 1261 704 1338 καί
730 1263 850 1341 καλῶς
867 1253 910 1335 τό
928 1264 1124 1337 συννεῦσαι
1152 1254 1233 1339 τοὺς
1252 1252 1500 1356 ἀκροωμένους

303 1379 354 1465 οἷς
383 1376 546 1488 γέγραφέ
572 1416 610 1461 τε
643 1385 701 1462 καὶ
731 1379 1008 1482 μεμαρτύρηκεν,
1037 1383 1084 1463 ὡς
1112 1378 1156 1486 έξ
1187 1376 1344 1482 ἀνάγκης
1376 1382 1497 1457 αἰτῶν·

135 1521 210 1577 112³
218 1507 344 1584 Δοοού
372 1503 444 1608 γάρ
462 1504 507 1586 ἀν
525 1505 708 1612 ἐψεύσατο
736 1509 799 1605 τῆς
827 1503 997 1603 ἀληθείας
1015 1506 1035 1583 ό
1054 1502 1178 1610 κῆρυξ.
1221 1500 1279 1582 διὰ
1306 1511 1412 1582 τοῦτο
1440 1500 1503 1581 καί

303 1633 419 1734 φησιν
441 1626 576 1735 οἴδαμεν
602 1629 650 1708 ’ίτι
678 1625 801 1722 ἀληθής
827 1630 912 1708 ἐστιν
939 1631 1141 1736 ἡμαρτορίιι
1160 1629 1269 1707 αὐτῶ.
1309 1623 1499 1732 σφαλερόν
1518 1659 1558 1698 10

303 1753 366 1832 οὖν
384 1753 454 1857 ἀρα
473 1757 532 1832 καὶ
554 1749 741 1833 πάνδεινον
759 1754 903 1851 ἀληθῶς
921 1756 1158 1858 ψευδομνθεΐν
1175 1748 1217 1830 τό
1234 1748 1417 1853 παράπαν,
1436 1750 1500 1828 οὐκ

301 1872 434 1960 εἰδότος
453 1875 581 1978 ἀνδρὸς
607 1875 657 1974 μὴ
680 1875 869 1979 προίεσθαι
889 1874 1026 1983 φωνήν
1062 1877 1104 1955 οὐ
1126 1872 1198 1978 γάρ
1217 1872 1263 1953 ἀν
1281 1872 1390 1952 αι’πὸν
1408 1871 1499 1974 ἠγά-

301 2033 419 2099 πησεν
437 1999 459 2098 ἡ
479 1997 629 2098 ἀλήθεια
647 1999 880 2102 παραλόοντα
899 1999 964 2100 τὴν
982 1997 1162 2098 ἀλήθειαν.

252 2241 391 2316 25Ἔοτι
418 2243 454 2309 δὲ
482 2243 535 2308 καί
561 2243 646 2309 ἀλλα
674 2245 781 2308 πολλὰ
809 2244 829 2308 ἀ
858 2242 1010 2308 ὲποίιιοεν
1031 2243 1049 2309 ὁ
1069 2243 1206 2322 Ἰασοῦς,
1224 2243 1317 2307 ἅτινα
1341 2239 1399 2306 ἐὰν
1423 2241 1501 2329 Γρά-

267 2369 288 2432 b
354 2391 458 2457 φειται
490 2370 562 2435 καθ’
594 2369 641 2450 ἓν,
672 2369 749 2434 οὐδὲ
781 2368 879 2434 αὐτὸν
911 2361 1001 2444 οἶμαι
1036 2369 1091 2436 τὸν
1124 2367 1245 2444 κόσμον
1281 2373 1427 2456 χωρῆσαι
1456 2366 1498 2432 τὰ
1518 2387 1557 2448 15

351 2496 541 2584 τραφόμενα
570 2493 684 2575 βιβλία,
712 2494 809 2570 ἀμιίν.

357 2666 491 2765 Πολλὴ
519 2665 584 2765 μέν
612 2666 716 2768 ἀγαν,
746 2669 871 2772 φησίν,
901 2667 922 2765 ἡ
951 2670 1014 2764 τῆς
1043 2667 1236 2766 θεοσημίας
1264 2663 1414 2766 πληθὺς,
1437 2669 1496 2746 καί

300 2791 538 2893 ἀναρίθμητος
562 2797 748 2875 παντελῶς
767 2792 787 2869 ὁ
806 2797 878 2870 τῶν
897 2788 1182 2893 κατορθωμάτων
1202 2796 1365 2897 φανεῖται
1390 2791 1499 2870 κατό-

301 2922 423 3013 λογος,
458 2917 515 2993 καί
552 2917 591 2993 ε’κ
623 2915 757 3016 μυρίων
788 2913 887 2994 ὅσων
918 2913 1062 3019 ἐλήφθη
1096 2918 1210 3010 ταυτὶ,
1241 2912 1500 3016 πληρεστάτην

299 3037 496 3136 ἐμποιῆσαι
514 3045 587 3121 τοῖς
606 3036 840 3140 ἀκροωμένοις
859 3035 925 3136 τὴν
942 3036 1069 3137 ὄνησιν
1086 3038 1150 3117 οὐκ
1167 3037 1339 3120 ἀνικοίνως
1356 3038 1496 3142 ἔχοισα.
1516 3059 1559 3100 ²0

301 3159 365 3239 τὸν
393 3159 431 3238 δέ
457 3160 744 3267 συγγεγραφότα
772 3160 837 3258 τὴν
864 3162 999 3254 βίβλον
1019 3161 1069 3260 μὴ
1098 3160 1352 3258 καταιτιάσθω,
1372 3165 1497 3266 φησὶν,

271 3287 322 3364 οό
356 3284 616 3386 φιλακροόμων
648 3289 706 3363 καί
738 3283 1005 3388 χρηστομαθῆς,
1037 3291 1066 3364 εί
1099 3287 1157 3365 καὶ
1188 3282 1239 3384 μὴ
1270 3292 1343 3365 τῶν
1371 3284 1498 3388 ἑτέρων

299 3407 473 3506 ἐμνήσθη.
517 3410 575 3487 καί
604 3406 675 3510 γὰρ
704 3407 747 3488 τό
777 3411 857 3488 καθ’
891 3406 929 3488 έν
959 3414 988 3488 εί
1019 3409 1219 3511 γέγραπται
1251 3416 1325 3488 τῶν
1354 3422 1495 3489 τετελε-

299 3532 454 3628 σμένων,
481 3531 787 3636 παραλειφθέντος
816 3529 965 3629 οὐδενός,
985 3531 1197 3635 ἐπλήρωσεν
1223 3530 1269 3611 ἀν
1293 3532 1359 3631 τόν
1383 3539 1497 3612 οίκου-

300 3655 409 3753 μένην
428 3657 448 3734 ὁ
470 3661 543 3735 τῶν
561 3655 717 3747 βιβλίων
740 3654 924 3759 ἀχῶρητος
950 3655 1072 3760 όχλος.
1108 3657 1353 3758 ὑπερβολικῶς
1376 3654 1413 3735 δέ
1438 3661 1498 3738 καί
1516 3695 1533 3735 2
1540 3695 1558 3754 5

300 3787 363 3858 νῦν
384 3778 450 3876 τὴν
472 3787 536 3859 τοῦ
564 3777 678 3880 λόγου
706 3777 854 3876 δύναμιν
878 3780 1100 3877 πεποιῆσθαί
1119 3785 1248 3884 φαμεν.
1288 3781 1396 3883 μυρία
1424 3781 1496 3882 γὰρ

297 3903 409 3986 όντως
437 3901 604 4002 ἐννοήσαι
633 3937 685 3986 τις
713 3901 757 3982 ἀν
785 3900 843 3982 διὰ
868 3907 930 4001 τῆς
955 3911 1018 3982 τοῦ
1048 3907 1214 4005 Σωτῆρος
1242 3903 1343 4001 ἡμῶν
1370 3904 1497 4010 ἰσχύος

296 4033 560 4130 πεπληρῶσθαι
589 4026 766 4122 θαύματα.
781 4127 786 4138 ¹
803 4025 1014 4133 γεγράφασι
1042 4023 1156 4128 γεμόν
1181 4033 1253 4105 τῶν
1275 4029 1496 4130 εὐαγγελίων

299 4157 333 4230 οί
368 4152 515 4253 κήρυκες
546 4152 592 4232 τά
621 4154 659 4231 έν
687 4158 759 4236 τοῖς
787 4150 957 4253 γεγονόσι
985 4149 1230 4253 λαμπρότερα,
1263 4148 1354 4230 κατά
1383 4185 1426 4252 γε
1453 4151 1498 4231 τὸ

264 4283 283 4346 d
299 4275 399 4372 εἰκὸς,
418 4280 475 4355 καί
494 4275 535 4354 δι’
557 4272 607 4354 ῶν
623 4275 669 4375 ἧν
687 4276 852 4371 μάλιστα
870 4273 952 4358 τοὺς
971 4275 1213 4376 ἀκροωμένους
1231 4273 1407 4355 δύνασθαι
1434 4283 1498 4371 βε-
1515 4308 1558 4364 3ο

298 4403 491 4490 βοιοῦσθαι
509 4397 600 4500 πρὸς
617 4399 742 4477 πίστιν
760 4397 825 4496 τὴν
843 4396 1116 4504 ἀπαρόφθορον,
1129 4400 1188 4478 καὶ
1198 4399 1388 4477 παίδευσιν
1402 4398 1498 4504 ἔχειν

517 4609 538 4642 1.
558 4591 620 4643 αὐτὸ
635 4589 665 4643 Ε.
945 4605 987 4663 27.
1005 4591 1084 4648 ὄντας
1097 4594 1153 4648 E.a.
1166 4593 1217 4648 ὅσα
1232 4592 1283 4647 Ed.
