<?xml version="1.0" encoding="UTF-8"?>
<!DOCTYPE html PUBLIC "-//W3C//DTD XHTML 1.0 Transitional//EN"
    "http://www.w3.org/TR/xhtml1/DTD/xhtml1-transitional.dtd">
<html xmlns="http://www.w3.org/1999/xhtml" xml:lang="en" lang="en">
 <head>
  <title>
</title>
<meta http-equiv="Content-Type" content="text/html;charset=utf-8" />
  <meta name='ocr-system' content='tesseract 3.04.00' />
  <meta name='ocr-capabilities' content='ocr_page ocr_carea ocr_par ocr_line ocrx_word'/>
</head>
<body>
  <div class='ocr_page' id='page_1' title='image "./sanctipatrisnos01pusegoog_0201.png"; bbox 0 0 3268 5130; ppageno 0'>
   <div class='ocr_carea' id='block_1_1' title="bbox 334 319 1527 406">
    <p class='ocr_par' dir='ltr' id='par_1_1' title="bbox 334 319 1527 406">
     <span class='ocr_line' id='line_1_1' title="bbox 334 319 1527 406; baseline -0.007 -15"><span class='ocrx_word' id='word_1_1' title='bbox 334 327 398 392; x_wconf 85' lang='grc'>188</span> <span class='ocrx_word' id='word_1_2' title='bbox 487 326 528 390; x_wconf 91' lang='grc' dir='ltr'>Β.</span> <span class='ocrx_word' id='word_1_3' title='bbox 551 322 742 389; x_wconf 80' lang='lat' dir='ltr'><strong>CYRILLI</strong></span> <span class='ocrx_word' id='word_1_4' title='bbox 766 321 1033 386; x_wconf 82' lang='lat' dir='ltr'><strong>ALEXANDR.</strong></span> <span class='ocrx_word' id='word_1_5' title='bbox 1061 319 1344 386; x_wconf 75' lang='lat' dir='ltr'><strong>FRAGMENTA</strong></span> <span class='ocrx_word' id='word_1_6' title='bbox 1393 321 1438 384; x_wconf 86' lang='lat' dir='ltr'>vi.</span> <span class='ocrx_word' id='word_1_7' title='bbox 1452 339 1527 406; x_wconf 83' lang='lat'>3,4</span> 
     </span>
    </p>
   </div>
   <div class='ocr_carea' id='block_1_2' title="bbox 181 435 1534 594">
    <p class='ocr_par' dir='ltr' id='par_1_2' title="bbox 181 435 1534 594">
     <span class='ocr_line' id='line_1_2' title="bbox 181 435 1534 594; baseline 0.042 -36"><span class='ocrx_word' id='word_1_8' title='bbox 181 435 310 502; x_wconf 53' lang='grc' dir='ltr'><strong><em>[Μ’]</em></strong></span> <span class='ocrx_word' id='word_1_9' title='bbox 334 492 394 568; x_wconf 73' lang='grc' dir='ltr'>καὶ</span> <span class='ocrx_word' id='word_1_10' title='bbox 420 487 465 594; x_wconf 80' lang='grc' dir='ltr'>ἐξ</span> <span class='ocrx_word' id='word_1_11' title='bbox 486 487 654 592; x_wconf 77' lang='grc' dir='ltr'>ἐμφύτων</span> <span class='ocrx_word' id='word_1_12' title='bbox 675 485 877 586; x_wconf 70' lang='grc' dir='ltr'>κινημάτων</span> <span class='ocrx_word' id='word_1_13' title='bbox 898 487 1177 587; x_wconf 68' lang='grc' dir='ltr'>ε’νννδννννεῖτο</span> <span class='ocrx_word' id='word_1_14' title='bbox 1201 483 1300 589; x_wconf 63' lang='grc' dir='ltr'>παρὰ</span> <span class='ocrx_word' id='word_1_15' title='bbox 1318 490 1414 566; x_wconf 67' lang='lat'>9⁶⁰⁶</span> <span class='ocrx_word' id='word_1_16' title='bbox 1439 481 1534 585; x_wconf 57' lang='grc' dir='ltr'>πρὸ·</span> 
     </span>
    </p>
   </div>
   <div class='ocr_carea' id='block_1_3' title="bbox 330 604 1592 2558">
    <p class='ocr_par' dir='ltr' id='par_1_3' title="bbox 330 604 1592 2558">
     <span class='ocr_line' id='line_1_3' title="bbox 334 604 1533 714; baseline -0.003 -21"><span class='ocrx_word' id='word_1_17' title='bbox 334 611 470 712; x_wconf 85' lang='grc' dir='ltr'>ε’ίδησιν</span> <span class='ocrx_word' id='word_1_18' title='bbox 502 617 575 690; x_wconf 90' lang='grc' dir='ltr'>τιῦυ</span> <span class='ocrx_word' id='word_1_19' title='bbox 607 612 754 712; x_wconf 80' lang='grc' dir='ltr'>ἀγαθῶν</span> <span class='ocrx_word' id='word_1_20' title='bbox 785 610 808 708; x_wconf 83' lang='grc' dir='ltr'><strong><em>ἡ</em></strong></span> <span class='ocrx_word' id='word_1_21' title='bbox 837 607 1028 712; x_wconf 77' lang='grc' dir='ltr'>ἀνθρώπου</span> <span class='ocrx_word' id='word_1_22' title='bbox 1061 609 1186 714; x_wconf 74' lang='grc' dir='ltr'>φάσις·</span> <span class='ocrx_word' id='word_1_23' title='bbox 1226 606 1457 712; x_wconf 87' lang='grc' dir='ltr'>πεπραχότας</span> <span class='ocrx_word' id='word_1_24' title='bbox 1488 604 1533 704; x_wconf 74' lang='grc' dir='ltr'>δὴ</span> 
     </span>
     <span class='ocr_line' id='line_1_4' title="bbox 334 727 1534 834; baseline -0.003 -19"><span class='ocrx_word' id='word_1_25' title='bbox 334 735 398 815; x_wconf 80' lang='grc' dir='ltr'>οῦν</span> <span class='ocrx_word' id='word_1_26' title='bbox 415 733 548 816; x_wconf 85' lang='grc' dir='ltr'>ἀθλίως</span> <span class='ocrx_word' id='word_1_27' title='bbox 566 730 649 817; x_wconf 85' lang='grc' dir='ltr'>τοῦς</span> <span class='ocrx_word' id='word_1_28' title='bbox 667 734 724 812; x_wconf 80' lang='grc' dir='ltr'>ἐπὶ</span> <span class='ocrx_word' id='word_1_29' title='bbox 742 735 810 834; x_wconf 83' lang='grc' dir='ltr'>γῆς</span> <span class='ocrx_word' id='word_1_30' title='bbox 828 730 990 830; x_wconf 80' lang='grc' dir='ltr'>κατηλέει</span> <span class='ocrx_word' id='word_1_31' title='bbox 1010 729 1114 830; x_wconf 74' lang='grc' dir='ltr'>Θεὸς,</span> <span class='ocrx_word' id='word_1_32' title='bbox 1129 734 1187 812; x_wconf 77' lang='grc' dir='ltr'>καὶ</span> <span class='ocrx_word' id='word_1_33' title='bbox 1204 735 1269 830; x_wconf 80' lang='grc' dir='ltr'>τῆς</span> <span class='ocrx_word' id='word_1_34' title='bbox 1287 727 1534 832; x_wconf 85' lang='grc' dir='ltr'>τυραυνοόσης</span> 
     </span>
     <span class='ocr_line' id='line_1_5' title="bbox 334 851 1531 962; baseline -0.005 -26"><span class='ocrx_word' id='word_1_35' title='bbox 334 853 463 940; x_wconf 78' lang='grc' dir='ltr'>αι’ττοῦς</span> <span class='ocrx_word' id='word_1_36' title='bbox 480 855 653 956; x_wconf 87' lang='grc' dir='ltr'>ἁμαρτίας</span> <span class='ocrx_word' id='word_1_37' title='bbox 672 853 916 934; x_wconf 80' lang='grc' dir='ltr'>ἀπαλλάττειν</span> <span class='ocrx_word' id='word_1_38' title='bbox 934 857 972 933; x_wconf 83' lang='grc' dir='ltr'>ἐν</span> <span class='ocrx_word' id='word_1_39' title='bbox 990 859 1145 962; x_wconf 79' lang='grc' dir='ltr'>Χριστῷ</span> <span class='ocrx_word' id='word_1_40' title='bbox 1163 854 1377 962; x_wconf 86' lang='grc' dir='ltr'>φιλαγάθως</span> <span class='ocrx_word' id='word_1_41' title='bbox 1395 851 1531 931; x_wconf 81' lang='grc' dir='ltr'>ἐσκέπ-</span> 
     </span>
     <span class='ocr_line' id='line_1_6' title="bbox 334 972 1569 1084; baseline -0.003 -27"><span class='ocrx_word' id='word_1_42' title='bbox 334 1005 424 1058; x_wconf 92' lang='grc' dir='ltr'>τετο·</span> <span class='ocrx_word' id='word_1_43' title='bbox 462 975 564 1057; x_wconf 83' lang='grc' dir='ltr'>ἀλλά</span> <span class='ocrx_word' id='word_1_44' title='bbox 596 981 668 1057; x_wconf 83' lang='grc' dir='ltr'>δεῖν</span> <span class='ocrx_word' id='word_1_45' title='bbox 699 975 797 1084; x_wconf 78' lang='grc' dir='ltr'>ῷήθη</span> <span class='ocrx_word' id='word_1_46' title='bbox 831 979 890 1056; x_wconf 78' lang='grc' dir='ltr'>καὶ</span> <span class='ocrx_word' id='word_1_47' title='bbox 920 977 1022 1074; x_wconf 85' lang='grc' dir='ltr'>μάλα</span> <span class='ocrx_word' id='word_1_48' title='bbox 1055 979 1172 1080; x_wconf 80' lang='grc' dir='ltr'>ὀρθῶς</span> <span class='ocrx_word' id='word_1_49' title='bbox 1207 972 1305 1057; x_wconf 91' lang='grc' dir='ltr'>πολῦ</span> <span class='ocrx_word' id='word_1_50' title='bbox 1334 983 1569 1062; x_wconf 83' lang='grc' dir='ltr'>νοσοῦντας5</span> 
     </span>
     <span class='ocr_line' id='line_1_7' title="bbox 333 1096 1534 1205; baseline -0.005 -23"><span class='ocrx_word' id='word_1_51' title='bbox 333 1099 669 1205; x_wconf 85' lang='grc' dir='ltr'>προαναφαίνεσθαι</span> <span class='ocrx_word' id='word_1_52' title='bbox 696 1099 778 1184; x_wconf 84' lang='grc' dir='ltr'>τοῦς</span> <span class='ocrx_word' id='word_1_53' title='bbox 806 1101 864 1180; x_wconf 79' lang='grc' dir='ltr'>ἐπὶ</span> <span class='ocrx_word' id='word_1_54' title='bbox 894 1104 957 1199; x_wconf 81' lang='grc' dir='ltr'>τῆς</span> <span class='ocrx_word' id='word_1_55' title='bbox 988 1103 1066 1201; x_wconf 81' lang='grc' dir='ltr'>γῆς,</span> <span class='ocrx_word' id='word_1_56' title='bbox 1094 1101 1153 1180; x_wconf 84' lang='grc' dir='ltr'>ἵνα</span> <span class='ocrx_word' id='word_1_57' title='bbox 1179 1097 1466 1204; x_wconf 88' lang='grc' dir='ltr'>χρειωδεστάτην</span> <span class='ocrx_word' id='word_1_58' title='bbox 1492 1096 1534 1176; x_wconf 76' lang='grc' dir='ltr'>ἔ-</span> 
     </span>
     <span class='ocr_line' id='line_1_8' title="bbox 333 1220 1538 1330; baseline 0 -27"><span class='ocrx_word' id='word_1_59' title='bbox 333 1257 455 1330; x_wconf 86' lang='grc' dir='ltr'>χουσα</span> <span class='ocrx_word' id='word_1_60' title='bbox 471 1221 537 1323; x_wconf 84' lang='grc' dir='ltr'>τὴν</span> <span class='ocrx_word' id='word_1_61' title='bbox 559 1229 608 1307; x_wconf 80' lang='grc' dir='ltr'>εἰς</span> <span class='ocrx_word' id='word_1_62' title='bbox 631 1220 695 1303; x_wconf 87' lang='grc' dir='ltr'>τῖιν</span> <span class='ocrx_word' id='word_1_63' title='bbox 717 1220 856 1320; x_wconf 84' lang='grc' dir='ltr'>κόσμον</span> <span class='ocrx_word' id='word_1_64' title='bbox 875 1221 1062 1322; x_wconf 77' lang='grc' dir='ltr'>εἰσβολὴν,</span> <span class='ocrx_word' id='word_1_65' title='bbox 1080 1223 1102 1320; x_wconf 85' lang='grc' dir='ltr'><em>ἡ</em></span> <span class='ocrx_word' id='word_1_66' title='bbox 1121 1225 1160 1302; x_wconf 81' lang='grc' dir='ltr'>ἐν</span> <span class='ocrx_word' id='word_1_67' title='bbox 1178 1225 1331 1328; x_wconf 95' lang='grc' dir='ltr'>Χριστῷ</span> <span class='ocrx_word' id='word_1_68' title='bbox 1348 1222 1538 1304; x_wconf 80' lang='grc' dir='ltr'>δικαάυσις</span> 
     </span>
     <span class='ocr_line' id='line_1_9' title="bbox 334 1341 1538 1450; baseline -0.002 -24"><span class='ocrx_word' id='word_1_69' title='bbox 334 1349 450 1450; x_wconf 86' lang='grc' dir='ltr'>ὁριῦτο</span> <span class='ocrx_word' id='word_1_70' title='bbox 477 1346 619 1426; x_wconf 89' lang='grc' dir='ltr'>λοιπόν·</span> <span class='ocrx_word' id='word_1_71' title='bbox 660 1351 883 1425; x_wconf 82' lang='grc' dir='ltr'>δικαιοῦσθαι</span> <span class='ocrx_word' id='word_1_72' title='bbox 910 1344 981 1447; x_wconf 88' lang='grc' dir='ltr'>γάρ</span> <span class='ocrx_word' id='word_1_73' title='bbox 1004 1351 1123 1450; x_wconf 83' lang='grc' dir='ltr'>φαμεν</span> <span class='ocrx_word' id='word_1_74' title='bbox 1141 1347 1183 1425; x_wconf 86' lang='grc' dir='ltr'>οῦ</span> <span class='ocrx_word' id='word_1_75' title='bbox 1208 1341 1272 1425; x_wconf 80' lang='grc' dir='ltr'>τόν</span> <span class='ocrx_word' id='word_1_76' title='bbox 1294 1346 1362 1444; x_wconf 82' lang='grc' dir='ltr'>ἤδη</span> <span class='ocrx_word' id='word_1_77' title='bbox 1386 1344 1538 1446; x_wconf 89' lang='grc' dir='ltr'>δίκαιον,</span> 
     </span>
     <span class='ocr_line' id='line_1_10' title="bbox 333 1466 1539 1572; baseline -0.002 -23"><span class='ocrx_word' id='word_1_78' title='bbox 333 1471 417 1549; x_wconf 87' lang='grc' dir='ltr'>ἀλλ’</span> <span class='ocrx_word' id='word_1_79' title='bbox 437 1469 471 1550; x_wconf 81' lang='grc' dir='ltr'>εί</span> <span class='ocrx_word' id='word_1_80' title='bbox 485 1504 538 1553; x_wconf 88' lang='grc' dir='ltr'>τις</span> <span class='ocrx_word' id='word_1_81' title='bbox 556 1471 656 1549; x_wconf 81' lang='grc' dir='ltr'>ἐστὶν</span> <span class='ocrx_word' id='word_1_82' title='bbox 673 1469 860 1570; x_wconf 74' lang='grc' dir='ltr'>ἁμαρτίαις</span> <span class='ocrx_word' id='word_1_83' title='bbox 879 1467 1011 1572; x_wconf 82' lang='grc' dir='ltr'>ἔνοχος·</span> <span class='ocrx_word' id='word_1_84' title='bbox 1036 1473 1116 1551; x_wconf 86' lang='grc' dir='ltr'>πῶς</span> <span class='ocrx_word' id='word_1_85' title='bbox 1133 1467 1197 1547; x_wconf 85' lang='grc' dir='ltr'>οῦν</span> <span class='ocrx_word' id='word_1_86' title='bbox 1214 1467 1283 1546; x_wconf 83' lang='grc' dir='ltr'>ἔδει</span> <span class='ocrx_word' id='word_1_87' title='bbox 1299 1466 1539 1570; x_wconf 84' lang='grc' dir='ltr'>προαναδείκ-</span> 
     </span>
     <span class='ocr_line' id='line_1_11' title="bbox 333 1590 1592 1698; baseline -0.004 -25"><span class='ocrx_word' id='word_1_88' title='bbox 333 1598 465 1673; x_wconf 87' lang='grc' dir='ltr'>υυσθαι</span> <span class='ocrx_word' id='word_1_89' title='bbox 491 1591 573 1678; x_wconf 86' lang='grc' dir='ltr'>τοῦς</span> <span class='ocrx_word' id='word_1_90' title='bbox 591 1595 649 1671; x_wconf 80' lang='grc' dir='ltr'>ἐπὶ</span> <span class='ocrx_word' id='word_1_91' title='bbox 676 1595 740 1691; x_wconf 82' lang='grc' dir='ltr'>τῆς</span> <span class='ocrx_word' id='word_1_92' title='bbox 767 1594 834 1693; x_wconf 61' lang='grc' dir='ltr'>γῆς</span> <span class='ocrx_word' id='word_1_93' title='bbox 861 1593 927 1689; x_wconf 79' lang='grc' dir='ltr'>τῆς</span> <span class='ocrx_word' id='word_1_94' title='bbox 954 1592 992 1671; x_wconf 84' lang='grc' dir='ltr'>ἐν</span> <span class='ocrx_word' id='word_1_95' title='bbox 1011 1596 1165 1698; x_wconf 79' lang='grc' dir='ltr'>Χριστῷ</span> <span class='ocrx_word' id='word_1_96' title='bbox 1191 1590 1335 1695; x_wconf 87' lang='grc' dir='ltr'>χάριτος</span> <span class='ocrx_word' id='word_1_97' title='bbox 1363 1591 1534 1688; x_wconf 78' lang='grc' dir='ltr'>δεδεημέ-</span> <span class='ocrx_word' id='word_1_98' title='bbox 1556 1629 1592 1668; x_wconf 83' lang='grc' dir='ltr'>ιο</span> 
     </span>
     <span class='ocr_line' id='line_1_12' title="bbox 333 1711 1534 1829; baseline -0.003 -34"><span class='ocrx_word' id='word_1_99' title='bbox 333 1748 444 1812; x_wconf 84' lang='grc' dir='ltr'>νους;</span> <span class='ocrx_word' id='word_1_100' title='bbox 476 1713 677 1820; x_wconf 67' lang='grc' dir='ltr'>παρεισῆλθε</span> <span class='ocrx_word' id='word_1_101' title='bbox 707 1721 803 1819; x_wconf 81' lang='grc' dir='ltr'>νόμος</span> <span class='ocrx_word' id='word_1_102' title='bbox 828 1713 887 1794; x_wconf 77' lang='grc' dir='ltr'>’ίνα</span> <span class='ocrx_word' id='word_1_103' title='bbox 914 1713 1085 1829; x_wconf 64' lang='grc' dir='ltr'>πλεονάσῃ</span> <span class='ocrx_word' id='word_1_104' title='bbox 1109 1715 1144 1795; x_wconf 74' lang='grc' dir='ltr'>τῦ</span> <span class='ocrx_word' id='word_1_105' title='bbox 1170 1711 1413 1819; x_wconf 80' lang='grc' dir='ltr'>παράπτωμα·</span> <span class='ocrx_word' id='word_1_106' title='bbox 1446 1747 1534 1792; x_wconf 89' lang='grc' dir='ltr'>του-</span> 
     </span>
     <span class='ocr_line' id='line_1_13' title="bbox 334 1833 1536 1942; baseline 0 -26"><span class='ocrx_word' id='word_1_107' title='bbox 334 1838 469 1934; x_wconf 74' lang='grc' dir='ltr'>τέστιν,</span> <span class='ocrx_word' id='word_1_108' title='bbox 490 1839 550 1917; x_wconf 78' lang='grc' dir='ltr'>ἵνα</span> <span class='ocrx_word' id='word_1_109' title='bbox 567 1841 605 1917; x_wconf 82' lang='grc' dir='ltr'>ἐν</span> <span class='ocrx_word' id='word_1_110' title='bbox 622 1845 695 1922; x_wconf 90' lang='grc' dir='ltr'>τοῖς</span> <span class='ocrx_word' id='word_1_111' title='bbox 715 1835 784 1918; x_wconf 78' lang='grc' dir='ltr'>ὑπὸ</span> <span class='ocrx_word' id='word_1_112' title='bbox 803 1836 913 1934; x_wconf 88' lang='grc' dir='ltr'>νόμον</span> <span class='ocrx_word' id='word_1_113' title='bbox 930 1835 1027 1916; x_wconf 87' lang='grc' dir='ltr'>πολῦ</span> <span class='ocrx_word' id='word_1_114' title='bbox 1045 1836 1209 1942; x_wconf 84' lang='grc' dir='ltr'>φαίνοιτο</span> <span class='ocrx_word' id='word_1_115' title='bbox 1227 1833 1270 1916; x_wconf 83' lang='grc' dir='ltr'>τῦ</span> <span class='ocrx_word' id='word_1_116' title='bbox 1288 1835 1536 1938; x_wconf 77' lang='grc' dir='ltr'>παράπτωμα,</span> 
     </span>
     <span class='ocr_line' id='line_1_14' title="bbox 332 1957 1539 2066; baseline 0.006 -29"><span class='ocrx_word' id='word_1_117' title='bbox 332 1959 483 2059; x_wconf 80' lang='grc' dir='ltr'>μηδενὸς</span> <span class='ocrx_word' id='word_1_118' title='bbox 505 1958 672 2062; x_wconf 86' lang='grc' dir='ltr'>δηλονότι</span> <span class='ocrx_word' id='word_1_119' title='bbox 698 1963 921 2040; x_wconf 80' lang='grc' dir='ltr'>δικαιοῦσθαι</span> <span class='ocrx_word' id='word_1_120' title='bbox 947 1959 1141 2056; x_wconf 75' lang='grc' dir='ltr'>δυναμένου</span> <span class='ocrx_word' id='word_1_121' title='bbox 1163 1957 1282 2039; x_wconf 78' lang='grc' dir='ltr'>διὰτὸ</span> <span class='ocrx_word' id='word_1_122' title='bbox 1302 1963 1366 2058; x_wconf 80' lang='grc' dir='ltr'>τῆς</span> <span class='ocrx_word' id='word_1_123' title='bbox 1387 1959 1539 2066; x_wconf 78' lang='grc' dir='ltr'>φάσεως</span> 
     </span>
     <span class='ocr_line' id='line_1_15' title="bbox 333 2082 1536 2186; baseline -0.002 -23"><span class='ocrx_word' id='word_1_124' title='bbox 333 2082 495 2182; x_wconf 75' lang='grc' dir='ltr'>ἀσθενὲς,</span> <span class='ocrx_word' id='word_1_125' title='bbox 522 2083 796 2165; x_wconf 74' lang='grc' dir='ltr'>ὑποπιπτόντων</span> <span class='ocrx_word' id='word_1_126' title='bbox 826 2083 863 2164; x_wconf 77' lang='grc' dir='ltr'>δὲ</span> <span class='ocrx_word' id='word_1_127' title='bbox 891 2082 1017 2185; x_wconf 84' lang='grc' dir='ltr'>ὥσπερ</span> <span class='ocrx_word' id='word_1_128' title='bbox 1044 2082 1213 2163; x_wconf 86' lang='grc' dir='ltr'>ἁπάντων</span> <span class='ocrx_word' id='word_1_129' title='bbox 1240 2090 1318 2165; x_wconf 87' lang='grc' dir='ltr'>ταῖς</span> <span class='ocrx_word' id='word_1_130' title='bbox 1345 2084 1385 2162; x_wconf 83' lang='grc' dir='ltr'>ἐκ</span> <span class='ocrx_word' id='word_1_131' title='bbox 1411 2117 1536 2186; x_wconf 90' lang='grc' dir='ltr'>παρα-</span> 
     </span>
     <span class='ocr_line' id='line_1_16' title="bbox 330 2202 1592 2310; baseline -0.003 -25"><span class='ocrx_word' id='word_1_132' title='bbox 330 2204 475 2298; x_wconf 82' lang='grc' dir='ltr'>βάσεως</span> <span class='ocrx_word' id='word_1_133' title='bbox 493 2207 630 2292; x_wconf 78' lang='grc' dir='ltr'>αἰτίαις.</span> <span class='ocrx_word' id='word_1_134' title='bbox 667 2207 818 2287; x_wconf 76' lang='grc' dir='ltr'>τέθειται</span> <span class='ocrx_word' id='word_1_135' title='bbox 843 2207 962 2286; x_wconf 82' lang='grc' dir='ltr'>τοίνυν</span> <span class='ocrx_word' id='word_1_136' title='bbox 980 2209 1001 2285; x_wconf 88' lang='grc' dir='ltr'><strong>ὁ</strong></span> <span class='ocrx_word' id='word_1_137' title='bbox 1021 2205 1128 2301; x_wconf 86' lang='grc' dir='ltr'>νόμος</span> <span class='ocrx_word' id='word_1_138' title='bbox 1152 2202 1304 2310; x_wconf 79' lang='grc' dir='ltr'>’ἔλεγχος</span> <span class='ocrx_word' id='word_1_139' title='bbox 1321 2203 1380 2284; x_wconf 76' lang='grc' dir='ltr'>οἷά</span> <span class='ocrx_word' id='word_1_140' title='bbox 1396 2239 1451 2289; x_wconf 91' lang='grc' dir='ltr'>τις</span> <span class='ocrx_word' id='word_1_141' title='bbox 1468 2211 1539 2305; x_wconf 82' lang='grc' dir='ltr'>τῆς</span> <span class='ocrx_word' id='word_1_142' title='bbox 1556 2237 1592 2294; x_wconf 89' lang='lat'>15</span> 
     </span>
     <span class='ocr_line' id='line_1_17' title="bbox 331 2326 1539 2436; baseline 0.003 -27"><span class='ocrx_word' id='word_1_143' title='bbox 331 2329 501 2410; x_wconf 84' lang='grc' dir='ltr'>ἀπάντων</span> <span class='ocrx_word' id='word_1_144' title='bbox 528 2332 724 2428; x_wconf 78' lang='grc' dir='ltr'>ἀσθενείας,</span> <span class='ocrx_word' id='word_1_145' title='bbox 751 2331 809 2410; x_wconf 84' lang='grc' dir='ltr'>ἵνα</span> <span class='ocrx_word' id='word_1_146' title='bbox 836 2330 1001 2436; x_wconf 88' lang='grc' dir='ltr'>φαίνοιτο</span> <span class='ocrx_word' id='word_1_147' title='bbox 1028 2326 1075 2407; x_wconf 82' lang='grc' dir='ltr'>τά</span> <span class='ocrx_word' id='word_1_148' title='bbox 1102 2328 1308 2431; x_wconf 80' lang='grc' dir='ltr'>ἀνθρώπινα</span> <span class='ocrx_word' id='word_1_149' title='bbox 1334 2326 1444 2429; x_wconf 82' lang='grc' dir='ltr'>μόνης</span> <span class='ocrx_word' id='word_1_150' title='bbox 1469 2333 1539 2430; x_wconf 84' lang='grc' dir='ltr'>τῆς</span> 
     </span>
     <span class='ocr_line' id='line_1_18' title="bbox 332 2449 1540 2558; baseline 0.001 -25"><span class='ocrx_word' id='word_1_151' title='bbox 332 2451 391 2533; x_wconf 80' lang='grc' dir='ltr'>διὰ</span> <span class='ocrx_word' id='word_1_152' title='bbox 417 2458 583 2557; x_wconf 90' lang='grc' dir='ltr'>Χριστοῦ</span> <span class='ocrx_word' id='word_1_153' title='bbox 611 2454 796 2558; x_wconf 89' lang='grc' dir='ltr'>θεραπείας</span> <span class='ocrx_word' id='word_1_154' title='bbox 825 2453 1027 2551; x_wconf 80' lang='grc' dir='ltr'>δεδεημένα·</span> <span class='ocrx_word' id='word_1_155' title='bbox 1067 2449 1239 2558; x_wconf 74' lang='grc' dir='ltr'>ταότῃτοί</span> <span class='ocrx_word' id='word_1_156' title='bbox 1264 2458 1379 2558; x_wconf 83' lang='grc' dir='ltr'>φησιν</span> <span class='ocrx_word' id='word_1_157' title='bbox 1407 2451 1463 2533; x_wconf 78' lang='grc' dir='ltr'>Οῦ</span> <span class='ocrx_word' id='word_1_158' title='bbox 1498 2449 1540 2534; x_wconf 72' lang='grc' dir='ltr'>δὲ</span> 
     </span>
    </p>
   </div>
   <div class='ocr_carea' id='block_1_4' title="bbox 331 2573 1593 2921">
    <p class='ocr_par' dir='ltr' id='par_1_4' title="bbox 331 2573 1593 2921">
     <span class='ocr_line' id='line_1_19' title="bbox 332 2573 1540 2686; baseline -0.005 -28"><span class='ocrx_word' id='word_1_159' title='bbox 332 2577 530 2659; x_wconf 72' lang='grc' dir='ltr'>ἐπλεόνασεν</span> <span class='ocrx_word' id='word_1_160' title='bbox 563 2582 581 2672; x_wconf 71' lang='grc' dir='ltr'><em>ἡ</em></span> <span class='ocrx_word' id='word_1_161' title='bbox 616 2579 774 2686; x_wconf 70' lang='grc' dir='ltr'>ἁμαρτία</span> <span class='ocrx_word' id='word_1_162' title='bbox 809 2579 1116 2683; x_wconf 81' lang='grc' dir='ltr'>ὑπερεπερίσσευσεν</span> <span class='ocrx_word' id='word_1_163' title='bbox 1148 2580 1165 2670; x_wconf 78' lang='grc' dir='ltr'><strong><em>ἦ</em></strong></span> <span class='ocrx_word' id='word_1_164' title='bbox 1195 2573 1311 2683; x_wconf 76' lang='grc' dir='ltr'>χάρις·</span> <span class='ocrx_word' id='word_1_165' title='bbox 1358 2575 1426 2655; x_wconf 81' lang='grc' dir='ltr'>ἔδει</span> <span class='ocrx_word' id='word_1_166' title='bbox 1462 2575 1540 2678; x_wconf 81' lang='grc' dir='ltr'>γὰρ</span> 
     </span>
     <span class='ocr_line' id='line_1_20' title="bbox 331 2696 1539 2805; baseline 0.002 -26"><span class='ocrx_word' id='word_1_167' title='bbox 331 2696 420 2781; x_wconf 76' lang='grc' dir='ltr'>εἶναι</span> <span class='ocrx_word' id='word_1_168' title='bbox 456 2702 639 2802; x_wconf 66' lang='grc' dir='ltr'>τοσαύτην</span> <span class='ocrx_word' id='word_1_169' title='bbox 676 2704 724 2784; x_wconf 84' lang='grc' dir='ltr'>ὡς</span> <span class='ocrx_word' id='word_1_170' title='bbox 761 2701 893 2798; x_wconf 89' lang='grc' dir='ltr'>ἀμείνω</span> <span class='ocrx_word' id='word_1_171' title='bbox 931 2701 1127 2805; x_wconf 87' lang='grc' dir='ltr'>φαίνεσθαι</span> <span class='ocrx_word' id='word_1_172' title='bbox 1159 2708 1223 2779; x_wconf 90' lang='grc' dir='ltr'>τοῦ</span> <span class='ocrx_word' id='word_1_173' title='bbox 1260 2699 1539 2801; x_wconf 84' lang='grc' dir='ltr'>κατακρίνοντας</span> 
     </span>
     <span class='ocr_line' id='line_1_21' title="bbox 334 2822 1593 2921; baseline -0.002 -19"><span class='ocrx_word' id='word_1_174' title='bbox 334 2822 457 2921; x_wconf 87' lang='grc' dir='ltr'>νόμον.</span> <span class='ocrx_word' id='word_1_175' title='bbox 1555 2861 1593 2900; x_wconf 74' lang='grc' dir='ltr'>το</span> 
     </span>
    </p>
   </div>
   <div class='ocr_carea' id='block_1_5' title="bbox 167 3047 1539 3323">
    <p class='ocr_par' dir='ltr' id='par_1_5' title="bbox 167 3047 1539 3323">
     <span class='ocr_line' id='line_1_22' title="bbox 167 3047 1462 3139; baseline -0.003 -23"><span class='ocrx_word' id='word_1_176' title='bbox 167 3055 244 3134; x_wconf 86' lang='grc' dir='ltr'>Κεφ.</span> <span class='ocrx_word' id='word_1_177' title='bbox 261 3047 298 3124; x_wconf 77' lang='grc' dir='ltr'>ς’.</span> <span class='ocrx_word' id='word_1_178' title='bbox 394 3051 437 3116; x_wconf 72' lang='grc' dir='ltr'>Ἠ</span> <span class='ocrx_word' id='word_1_179' title='bbox 466 3047 612 3126; x_wconf 81' lang='grc' dir='ltr'>ἆτνοεῖτε</span> <span class='ocrx_word' id='word_1_180' title='bbox 639 3054 689 3120; x_wconf 85' lang='grc' dir='ltr'>ὅτι</span> <span class='ocrx_word' id='word_1_181' title='bbox 715 3053 786 3118; x_wconf 86' lang='grc' dir='ltr'>ὅσοι</span> <span class='ocrx_word' id='word_1_182' title='bbox 812 3049 1051 3129; x_wconf 66' lang='grc' dir='ltr'>ἐβαπτίσθημεν</span> <span class='ocrx_word' id='word_1_183' title='bbox 1079 3047 1126 3116; x_wconf 85' lang='grc' dir='ltr'>εἷο</span> <span class='ocrx_word' id='word_1_184' title='bbox 1154 3048 1290 3139; x_wconf 86' lang='grc' dir='ltr'>Χριστὸν</span> <span class='ocrx_word' id='word_1_185' title='bbox 1313 3049 1462 3131; x_wconf 77' lang='grc' dir='ltr'>Ἰιιοοῦν;</span> 
     </span>
     <span class='ocr_line' id='line_1_23' title="bbox 259 3156 320 3214; baseline -0.066 -1"><span class='ocrx_word' id='word_1_186' title='bbox 259 3156 320 3214; x_wconf 82' lang='grc' dir='ltr'>3ι4</span> 
     </span>
     <span class='ocr_line' id='line_1_24' title="bbox 390 3218 1539 3323; baseline -0.002 -22"><span class='ocrx_word' id='word_1_187' title='bbox 390 3221 673 3320; x_wconf 83' lang='grc' dir='ltr'>Βεβαπτίσμεθα</span> <span class='ocrx_word' id='word_1_188' title='bbox 717 3219 781 3320; x_wconf 68' lang='grc' dir='ltr'>μὲν</span> <span class='ocrx_word' id='word_1_189' title='bbox 818 3221 1113 3323; x_wconf 72' lang='grc' dir='ltr'>ὁμολογουμένως</span> <span class='ocrx_word' id='word_1_190' title='bbox 1150 3227 1198 3304; x_wconf 82' lang='grc' dir='ltr'>εἰς</span> <span class='ocrx_word' id='word_1_191' title='bbox 1241 3218 1283 3299; x_wconf 80' lang='grc' dir='ltr'>τὸ</span> <span class='ocrx_word' id='word_1_192' title='bbox 1321 3218 1433 3316; x_wconf 82' lang='grc' dir='ltr'>ὄνομα</span> <span class='ocrx_word' id='word_1_193' title='bbox 1471 3229 1539 3299; x_wconf 90' lang='grc' dir='ltr'>τοῦ</span> 
     </span>
    </p>
   </div>
   <div class='ocr_carea' id='block_1_6' title="bbox 227 3340 1594 4432">
    <p class='ocr_par' dir='ltr' id='par_1_6' title="bbox 227 3340 1594 4432">
     <span class='ocr_line' id='line_1_25' title="bbox 335 3340 1538 3446; baseline -0.002 -22"><span class='ocrx_word' id='word_1_194' title='bbox 335 3342 480 3446; x_wconf 87' lang='grc' dir='ltr'>Πατρῖνς</span> <span class='ocrx_word' id='word_1_195' title='bbox 508 3347 567 3424; x_wconf 79' lang='grc' dir='ltr'>καὶ</span> <span class='ocrx_word' id='word_1_196' title='bbox 594 3353 658 3424; x_wconf 90' lang='grc' dir='ltr'>τοῦ</span> <span class='ocrx_word' id='word_1_197' title='bbox 676 3349 766 3424; x_wconf 82' lang='grc' dir='ltr'>Υίοῦ</span> <span class='ocrx_word' id='word_1_198' title='bbox 792 3349 850 3424; x_wconf 84' lang='grc' dir='ltr'>καὶ</span> <span class='ocrx_word' id='word_1_199' title='bbox 875 3351 939 3423; x_wconf 90' lang='grc' dir='ltr'>τοῦ</span> <span class='ocrx_word' id='word_1_200' title='bbox 958 3342 1086 3443; x_wconf 81' lang='grc' dir='ltr'>Ἀγίου</span> <span class='ocrx_word' id='word_1_201' title='bbox 1111 3342 1333 3441; x_wconf 81' lang='grc' dir='ltr'>Πνεῦματος·</span> <span class='ocrx_word' id='word_1_202' title='bbox 1366 3349 1394 3422; x_wconf 80' lang='grc' dir='ltr'>εἰ</span> <span class='ocrx_word' id='word_1_203' title='bbox 1423 3340 1462 3421; x_wconf 78' lang='grc' dir='ltr'>δὲ</span> <span class='ocrx_word' id='word_1_204' title='bbox 1490 3343 1538 3442; x_wconf 83' lang='grc' dir='ltr'>δὴ</span> 
     </span>
     <span class='ocr_line' id='line_1_26' title="bbox 332 3463 1536 3578; baseline -0.002 -33"><span class='ocrx_word' id='word_1_205' title='bbox 332 3465 433 3567; x_wconf 70' lang='grc' dir='ltr'>λε’γοι</span> <span class='ocrx_word' id='word_1_206' title='bbox 452 3469 501 3550; x_wconf 84' lang='grc' dir='ltr'>ὡς</span> <span class='ocrx_word' id='word_1_207' title='bbox 518 3475 562 3554; x_wconf 84' lang='grc' dir='ltr'>ιῖς</span> <span class='ocrx_word' id='word_1_208' title='bbox 582 3473 717 3578; x_wconf 78' lang='grc' dir='ltr'>Χριστῦν</span> <span class='ocrx_word' id='word_1_209' title='bbox 734 3469 855 3562; x_wconf 76' lang='grc' dir='ltr'>Ἰησοῦν</span> <span class='ocrx_word' id='word_1_210' title='bbox 874 3467 1163 3565; x_wconf 82' lang='grc' dir='ltr'>βεβαπτίσμεθα,</span> <span class='ocrx_word' id='word_1_211' title='bbox 1185 3467 1248 3544; x_wconf 86' lang='grc' dir='ltr'>οῦκ</span> <span class='ocrx_word' id='word_1_212' title='bbox 1267 3465 1337 3571; x_wconf 76' lang='grc' dir='ltr'>ἔξω</span> <span class='ocrx_word' id='word_1_213' title='bbox 1355 3474 1419 3545; x_wconf 88' lang='grc' dir='ltr'>τοῦ</span> <span class='ocrx_word' id='word_1_214' title='bbox 1438 3463 1536 3544; x_wconf 85' lang='grc' dir='ltr'>εἰκό-</span> 
     </span>
     <span class='ocr_line' id='line_1_27' title="bbox 332 3587 1594 3692; baseline -0.002 -24"><span class='ocrx_word' id='word_1_215' title='bbox 332 3622 393 3672; x_wconf 91' lang='grc' dir='ltr'>τος</span> <span class='ocrx_word' id='word_1_216' title='bbox 411 3592 493 3692; x_wconf 84' lang='grc' dir='ltr'>ἐρεῖ·</span> <span class='ocrx_word' id='word_1_217' title='bbox 528 3589 693 3689; x_wconf 91' lang='grc' dir='ltr'>μάλιστα</span> <span class='ocrx_word' id='word_1_218' title='bbox 716 3589 870 3692; x_wconf 80' lang='grc' dir='ltr'>μὲνγὰρ</span> <span class='ocrx_word' id='word_1_219' title='bbox 891 3589 1048 3686; x_wconf 87' lang='grc' dir='ltr'>ὀνόμασί</span> <span class='ocrx_word' id='word_1_220' title='bbox 1071 3622 1110 3668; x_wconf 92' lang='grc' dir='ltr'>τε</span> <span class='ocrx_word' id='word_1_221' title='bbox 1133 3591 1192 3668; x_wconf 85' lang='grc' dir='ltr'>καὶ</span> <span class='ocrx_word' id='word_1_222' title='bbox 1221 3587 1449 3668; x_wconf 70' lang='grc' dir='ltr'>ὑποστάσεσι</span> <span class='ocrx_word' id='word_1_223' title='bbox 1476 3592 1539 3668; x_wconf 81' lang='grc' dir='ltr'>καὶ</span> <span class='ocrx_word' id='word_1_224' title='bbox 1554 3622 1594 3681; x_wconf 80' lang='lat'>²5</span> 
     </span>
     <span class='ocr_line' id='line_1_28' title="bbox 333 3709 1539 3817; baseline 0.001 -24"><span class='ocrx_word' id='word_1_225' title='bbox 333 3712 541 3812; x_wconf 79' lang='grc' dir='ltr'>προσώπων</span> <span class='ocrx_word' id='word_1_226' title='bbox 574 3717 760 3817; x_wconf 84' lang='grc' dir='ltr'>διαφοραῖς</span> <span class='ocrx_word' id='word_1_227' title='bbox 794 3719 843 3796; x_wconf 80' lang='grc' dir='ltr'>είς</span> <span class='ocrx_word' id='word_1_228' title='bbox 881 3711 994 3810; x_wconf 82' lang='grc' dir='ltr'>ἱδικὴν</span> <span class='ocrx_word' id='word_1_229' title='bbox 1026 3709 1214 3814; x_wconf 79' lang='grc' dir='ltr'>ἑτερότητα</span> <span class='ocrx_word' id='word_1_230' title='bbox 1248 3711 1424 3817; x_wconf 82' lang='grc' dir='ltr'>διεστήξει</span> <span class='ocrx_word' id='word_1_231' title='bbox 1456 3745 1539 3796; x_wconf 89' lang='grc' dir='ltr'>πως</span> 
     </span>
     <span class='ocr_line' id='line_1_29' title="bbox 334 3832 1537 3939; baseline -0.002 -25"><span class='ocrx_word' id='word_1_232' title='bbox 334 3833 464 3938; x_wconf 85' lang='grc' dir='ltr'>Πατὴρ</span> <span class='ocrx_word' id='word_1_233' title='bbox 490 3834 581 3938; x_wconf 88' lang='grc' dir='ltr'>πρὸς</span> <span class='ocrx_word' id='word_1_234' title='bbox 599 3833 689 3915; x_wconf 79' lang='grc' dir='ltr'>Υίὸν</span> <span class='ocrx_word' id='word_1_235' title='bbox 707 3839 764 3914; x_wconf 76' lang='grc' dir='ltr'>καὶ</span> <span class='ocrx_word' id='word_1_236' title='bbox 791 3832 882 3938; x_wconf 82' lang='grc' dir='ltr'>πρὸς</span> <span class='ocrx_word' id='word_1_237' title='bbox 911 3835 1022 3939; x_wconf 86' lang='grc' dir='ltr'>ἀμφω</span> <span class='ocrx_word' id='word_1_238' title='bbox 1052 3834 1094 3914; x_wconf 81' lang='grc' dir='ltr'>τὸ</span> <span class='ocrx_word' id='word_1_239' title='bbox 1114 3839 1273 3932; x_wconf 88' lang='grc' dir='ltr'>Πνεῦμα·</span> <span class='ocrx_word' id='word_1_240' title='bbox 1314 3832 1443 3937; x_wconf 85' lang='grc' dir='ltr'>Πατὴρ</span> <span class='ocrx_word' id='word_1_241' title='bbox 1461 3833 1537 3935; x_wconf 84' lang='grc' dir='ltr'>γάρ</span> 
     </span>
     <span class='ocr_line' id='line_1_30' title="bbox 332 3955 1539 4062; baseline -0.002 -24"><span class='ocrx_word' id='word_1_242' title='bbox 332 3961 433 4040; x_wconf 89' lang='grc' dir='ltr'>ε’στιν</span> <span class='ocrx_word' id='word_1_243' title='bbox 451 3959 471 4038; x_wconf 89' lang='grc' dir='ltr'>ό</span> <span class='ocrx_word' id='word_1_244' title='bbox 492 3956 620 4060; x_wconf 78' lang='grc' dir='ltr'>Πατὴρ</span> <span class='ocrx_word' id='word_1_245' title='bbox 646 3962 704 4038; x_wconf 75' lang='grc' dir='ltr'>καὶ</span> <span class='ocrx_word' id='word_1_246' title='bbox 731 3959 798 4062; x_wconf 86' lang='grc' dir='ltr'>οῦχ</span> <span class='ocrx_word' id='word_1_247' title='bbox 815 3956 912 4042; x_wconf 79' lang='grc' dir='ltr'>Υἱός·</span> <span class='ocrx_word' id='word_1_248' title='bbox 942 3958 1031 4040; x_wconf 81' lang='grc' dir='ltr'>Υἱὸς</span> <span class='ocrx_word' id='word_1_249' title='bbox 1054 3959 1083 4036; x_wconf 83' lang='grc' dir='ltr'>δ</span> <span class='ocrx_word' id='word_1_250' title='bbox 1105 3957 1149 4035; x_wconf 80' lang='grc' dir='ltr'>αὖ</span> <span class='ocrx_word' id='word_1_251' title='bbox 1173 3956 1286 4036; x_wconf 88' lang='grc' dir='ltr'>πάλιν</span> <span class='ocrx_word' id='word_1_252' title='bbox 1305 3955 1397 4036; x_wconf 80' lang='grc' dir='ltr'>κατὰ</span> <span class='ocrx_word' id='word_1_253' title='bbox 1419 3955 1539 4062; x_wconf 81' lang='grc' dir='ltr'>φύσιν</span> 
     </span>
     <span class='ocr_line' id='line_1_31' title="bbox 335 4076 1538 4189; baseline -0.002 -28"><span class='ocrx_word' id='word_1_254' title='bbox 335 4083 417 4189; x_wconf 78' lang='grc' dir='ltr'>όίξ</span> <span class='ocrx_word' id='word_1_255' title='bbox 436 4083 546 4161; x_wconf 83' lang='grc' dir='ltr'>αὐτοῦ</span> <span class='ocrx_word' id='word_1_256' title='bbox 564 4085 622 4161; x_wconf 81' lang='grc' dir='ltr'>καὶ</span> <span class='ocrx_word' id='word_1_257' title='bbox 646 4083 687 4160; x_wconf 86' lang='grc' dir='ltr'>οῦ</span> <span class='ocrx_word' id='word_1_258' title='bbox 708 4079 846 4184; x_wconf 74' lang='grc' dir='ltr'>Πατὴρ,</span> <span class='ocrx_word' id='word_1_259' title='bbox 867 4085 1016 4180; x_wconf 89' lang='grc' dir='ltr'>Πνεῦμα</span> <span class='ocrx_word' id='word_1_260' title='bbox 1044 4079 1081 4159; x_wconf 75' lang='grc' dir='ltr'>δὲ</span> <span class='ocrx_word' id='word_1_261' title='bbox 1108 4085 1225 4164; x_wconf 84' lang='grc' dir='ltr'>ίδικῶς</span> <span class='ocrx_word' id='word_1_262' title='bbox 1253 4080 1296 4158; x_wconf 83' lang='grc' dir='ltr'>τὸ</span> <span class='ocrx_word' id='word_1_263' title='bbox 1315 4084 1465 4177; x_wconf 87' lang='grc' dir='ltr'>Πνεῦμα</span> <span class='ocrx_word' id='word_1_264' title='bbox 1492 4076 1538 4159; x_wconf 82' lang='grc' dir='ltr'>τὸ</span> 
     </span>
     <span class='ocr_line' id='line_1_32' title="bbox 227 4201 1593 4286; baseline -0.004 0"><span class='ocrx_word' id='word_1_265' title='bbox 227 4203 378 4286; x_wconf 62' lang='lat' dir='ltr'><strong>Ilm-“A</strong></span> <span class='ocrx_word' id='word_1_266' title='bbox 406 4233 468 4285; x_wconf 93' lang='grc' dir='ltr'>ιον·</span> <span class='ocrx_word' id='word_1_267' title='bbox 495 4203 607 4285; x_wconf 72' lang='grc' dir='ltr'>ε’πειδ</span> <span class='ocrx_word' id='word_1_268' title='bbox 628 4203 845 4284; x_wconf 77' lang='grc' dir='ltr'>δῖένΠατὶ</span> <span class='ocrx_word' id='word_1_269' title='bbox 898 4203 926 4282; x_wconf 78' lang='grc' dir='ltr'>’ν</span> <span class='ocrx_word' id='word_1_270' title='bbox 947 4203 1154 4283; x_wconf 83' lang='grc' dir='ltr'>ὀτιυόΥίὸ</span> <span class='ocrx_word' id='word_1_271' title='bbox 1199 4201 1456 4284; x_wconf 72' lang='grc' dir='ltr'>ε’νΥ’”δέΠα</span> <span class='ocrx_word' id='word_1_272' title='bbox 1485 4202 1496 4229; x_wconf 64' lang='grc'><strong>“</strong></span> <span class='ocrx_word' id='word_1_273' title='bbox 1571 4240 1593 4280; x_wconf 89' lang='grc' dir='ltr'>ο</span> 
     </span>
     <span class='ocr_line' id='line_1_33' title="bbox 381 4238 1569 4311; baseline -0.008 -5"><span class='ocrx_word' id='word_1_274' title='bbox 381 4239 405 4306; x_wconf 74' lang='grc' dir='ltr'><strong><em>Υ</em></strong></span> <span class='ocrx_word' id='word_1_275' title='bbox 591 4239 612 4304; x_wconf 70' lang='grc' dir='ltr'>’ί</span> <span class='ocrx_word' id='word_1_276' title='bbox 808 4238 830 4307; x_wconf 82' lang='grc' dir='ltr'><em>Ρ</em></span> <span class='ocrx_word' id='word_1_277' title='bbox 861 4238 905 4301; x_wconf 65' lang='grc' dir='ltr'>με</span> <span class='ocrx_word' id='word_1_278' title='bbox 937 4240 953 4285; x_wconf 67' lang='lat'>⁶</span> <span class='ocrx_word' id='word_1_279' title='bbox 1156 4238 1184 4302; x_wconf 72' lang='lat'>⁹2</span> <span class='ocrx_word' id='word_1_280' title='bbox 1288 4239 1329 4311; x_wconf 67' lang='lat' dir='ltr'>“P</span> <span class='ocrx_word' id='word_1_281' title='bbox 1456 4238 1569 4306; x_wconf 72' lang='grc' dir='ltr'>ΤηΡτδ</span> 
     </span>
     <span class='ocr_line' id='line_1_34' title="bbox 336 4325 1539 4432; baseline 0.006 -27"><span class='ocrx_word' id='word_1_282' title='bbox 336 4325 437 4411; x_wconf 82' lang='grc' dir='ltr'>ὄντος</span> <span class='ocrx_word' id='word_1_283' title='bbox 463 4330 500 4406; x_wconf 81' lang='grc' dir='ltr'>ἐν</span> <span class='ocrx_word' id='word_1_284' title='bbox 528 4329 663 4432; x_wconf 83' lang='grc' dir='ltr'>ἀμφοῖν</span> <span class='ocrx_word' id='word_1_285' title='bbox 685 4335 749 4407; x_wconf 90' lang='grc' dir='ltr'>τοῦ</span> <span class='ocrx_word' id='word_1_286' title='bbox 773 4328 902 4429; x_wconf 79' lang='grc' dir='ltr'>Ἀγίου</span> <span class='ocrx_word' id='word_1_287' title='bbox 922 4325 1133 4426; x_wconf 83' lang='grc' dir='ltr'>Πνεῦματος</span> <span class='ocrx_word' id='word_1_288' title='bbox 1162 4325 1220 4406; x_wconf 85' lang='grc' dir='ltr'>διά</span> <span class='ocrx_word' id='word_1_289' title='bbox 1248 4326 1291 4405; x_wconf 84' lang='grc' dir='ltr'>τὸ</span> <span class='ocrx_word' id='word_1_290' title='bbox 1318 4330 1381 4425; x_wconf 80' lang='grc' dir='ltr'>τῆς</span> <span class='ocrx_word' id='word_1_291' title='bbox 1410 4329 1539 4412; x_wconf 83' lang='grc' dir='ltr'>οὐσίας</span> 
     </span>
    </p>
   </div>
   <div class='ocr_carea' id='block_1_7' title="bbox 548 4523 1322 4596">
    <p class='ocr_par' dir='ltr' id='par_1_7' title="bbox 548 4523 1322 4596">
     <span class='ocr_line' id='line_1_35' title="bbox 548 4523 1322 4596; baseline -0.001 -18"><span class='ocrx_word' id='word_1_292' title='bbox 548 4537 575 4590; x_wconf 79' lang='lat'>5.</span> <span class='ocrx_word' id='word_1_293' title='bbox 594 4525 632 4578; x_wconf 81' lang='grc' dir='ltr'>δεῖ</span> <span class='ocrx_word' id='word_1_294' title='bbox 646 4523 678 4578; x_wconf 84' lang='grc' dir='ltr'>Β.</span> <span class='ocrx_word' id='word_1_295' title='bbox 952 4541 995 4592; x_wconf 82' lang='lat'>²⁴·</span> <span class='ocrx_word' id='word_1_296' title='bbox 1014 4525 1048 4580; x_wconf 79' lang='grc' dir='ltr'>ὡς</span> <span class='ocrx_word' id='word_1_297' title='bbox 1060 4533 1230 4596; x_wconf 71' lang='lat' dir='ltr'>assumptum</span> <span class='ocrx_word' id='word_1_298' title='bbox 1243 4541 1275 4578; x_wconf 81' lang='lat' dir='ltr'>ex</span> <span class='ocrx_word' id='word_1_299' title='bbox 1289 4525 1322 4578; x_wconf 91' lang='lat' dir='ltr'>B.</span> 
     </span>
    </p>
   </div>
   <div class='ocr_carea' id='block_1_8' title="bbox 0 0 1638 5130">
    <p class='ocr_par' dir='ltr' id='par_1_8' title="bbox 0 0 1638 5130">
     <span class='ocr_line' id='line_1_36' title="bbox 0 0 1638 5130; baseline 0 0"><span class='ocrx_word' id='word_1_300' title='bbox 0 0 1638 5130; x_wconf 95' lang='lat' dir='ltr'> </span> 
     </span>
    </p>
   </div>
  </div>
 </body>
</html>
