3294 5130
450 331 634 398 CONTRA
664 331 1013 397 SYNOUSIASTAS.
1266 329 1330 394 483

136 505 158 544 “
178 493 241 578 Εἷς
259 495 332 598 γὰρ
351 496 454 594 Θεὸς,
473 499 599 604 φησὶν,
617 495 666 580 εἷς
685 503 742 576 καὶ
760 497 909 596 μεσίτης
928 501 1024 576 Θεοῦ
1042 496 1100 574 καὶ
1119 493 1498 625 dvepcssmv,31·im·ii·s.

134 628 157 667 “
176 618 364 723 ἅνθρωπος
400 619 562 721 Χριστὸς
597 623 753 718 Ἰησοῦς,
788 621 808 699 ὁ
841 619 922 703 δοῦς
958 615 1084 698 ἑαυτὸν
1119 619 1331 720 ἀντίλυτρον
1359 610 1366 623 ’

135 753 158 791 “
177 742 290 845 ῦπέρ”
310 743 421 841 ἡμῶν.
459 744 634 842 μεσιτεόει
655 742 727 845 γάρ
747 747 795 826 ὡς
814 742 906 826 Θεός
929 776 967 821 τε
994 744 1084 843 ὁμοῦ
1107 745 1164 822 καὶ
1187 744 1327 845 ἅνθρω-

132 901 202 949 πος
234 868 255 945 ὁ
283 865 404 973 αὐτὸς,
438 865 700 946 καταλλάττων
730 867 822 964 ἡμᾶς
850 870 902 972 τῷ
929 870 1013 972 Θεῷ
1044 868 1103 945 καὶ
1134 867 1253 967 Πατρὶ
1282 871 1329 945 δι’

101 993 261 1076 5ἑαυτοῦ
285 1023 324 1067 τε
352 991 411 1068 καὶ
439 991 476 1068 ἐν
494 989 599 1095 αὐτῷ,
619 991 675 1067 καὶ
701 990 876 1090 συνείρων
899 987 1024 1090 ὥσπερ
1053 994 1101 1073 είς
1128 989 1258 1068 ἕνωσιν
1284 987 1331 1067 τά

134 1120 209 1196 τοῖς
237 1118 300 1212 τῆς
328 1111 473 1216 φύσεως
505 1111 632 1213 λόγοις
661 1111 800 1219 ἀμέτρερ
829 1115 986 1218 διαφορᾷ
1017 1112 1108 1214 πρὸς
1143 1111 1332 1214 ἑτερότητα

135 1236 390 1337 διενηνεγμένα,
408 1237 492 1315 ἀλλ’
512 1234 558 1336 ἦν
575 1239 611 1316 ἐν
628 1240 781 1342 Χριστῷ
799 1234 1114 1336 συνδεδραμηκότα
1132 1234 1222 1337 πρὸς
1241 1237 1329 1315 ένω-

134 1393 198 1438 σιν
217 1357 424 1464 ἀσῦγχυτόν
441 1393 480 1438 τε
498 1360 557 1438 καὶ
574 1357 839 1439 ἀδιάσπαστον.
875 1359 1055 1458 σάνηπται
1079 1358 1145 1457 μὲν
1164 1357 1235 1461 γάρ
1254 1364 1328 1439 θεῖ-

134 1489 206 1566 ιεῶς
237 1489 289 1589 τῷ
319 1485 448 1584 Πατρὶ,
478 1480 650 1587 συνήφθη
678 1481 715 1561 δὲ
741 1483 799 1561 καὶ
825 1482 909 1579 ἡμῖν
934 1483 1178 1582 ἀνθρωπίνως.
1219 1483 1331 1567 οὕτως

79 1647 121 1686 10
136 1613 264 1686 νοεῖται
291 1611 350 1686 καὶ
377 1606 457 1686 ἔστι
484 1607 634 1705 μεσίτης
661 1607 761 1706 ἡμῶν
790 1605 978 1707 ἅνθρωπος
995 1604 1137 1703 Ἰησοῦς
1156 1604 1329 1708 Χριστός·

134 1736 165 1809 εί
184 1730 221 1810 δὲ
238 1729 387 1832 γέγονεν
404 1733 550 1829 ἀληθῶς
568 1729 778 1829 ἀπόβλητος
797 1730 903 1836 αὐτῷ,
923 1730 1019 1808 καθοί
1034 1735 1160 1836 φησιν,
1180 1730 1202 1830 ἡ
1220 1728 1330 1838 σάρξ,

134 1855 276 1954 ἀπέστη
294 1855 438 1939 πάντως
456 1858 514 1934 καὶ
532 1863 596 1934 τοῦ
613 1855 810 1953 μεσιτεύειν
828 1857 920 1954 ἡμᾶς
938 1853 1105 1958 καὶπρὸς
1125 1852 1189 1934 τὸν
1205 1855 1332 1935 ἑαυτοῦ

137 1980 296 2082 Πατέρα·
326 1985 403 2063 πῶς
422 1979 485 2058 οὖν
503 1977 554 2058 έτι
571 1977 750 2079 πρόσιμεν
766 1979 876 2084 αὐτῷ,
898 1979 992 2061 τίνος
1010 1978 1060 2057 ἔτι
1079 1977 1332 2080 προσάγοντος

134 2104 246 2205 ἤγουν
272 2101 546 2202 μεσιτεύοντοςς
594 2102 785 2203 ἄνθρωπον
815 2101 888 2203 γάρ
916 2098 1004 2180 εἶναι
1035 2101 1098 2182 τὸν
1130 2102 1281 2200 μεσίτην
1311 2103 1332 2180 ὁ

78 2257 120 2318 15
135 2226 329 2310 θεσπέσιος
356 2225 426 2332 ἔφη
447 2230 608 2308 Παῦλος·
639 2222 847 2322 μεμνήμεθα
875 2222 912 2303 δὲ
941 2227 1000 2302 καὶ
1027 2225 1136 2304 αὐτοῦ
1163 2223 1332 2327 λέγοντος

134 2358 199 2430 τοῦ
217 2356 382 2452 Χριστοῦ
410 2358 432 2395 “
447 2348 576 2433 Οὐδεὶς
605 2345 743 2452 ἔρχεται
770 2345 861 2450 πρὸς
888 2344 953 2424 τὸν
972 2345 1126 2448 Πατέρα,
1151 2349 1180 2425 εἰ
1208 2346 1257 2446 μὴ
1287 2349 1329 2426 δι’
1344 2370 1453 2450 s3soan.

136 2484 157 2521 ‘⁴
175 2474 296 2570 ε’μοῦ.”
336 2475 446 2557 ὕθλος
464 2471 527 2551 οὖν
545 2470 615 2573 ἀρα
640 2473 697 2549 καὶ
716 2467 945 2574 ἀποπληξίας
965 2469 1131 2571 γέμοντες
1149 2469 1265 2570 λόγοι,
1285 2469 1332 2550 τά
1344 2451 1393 2484 nv.
1405 2435 1429 2484 δ’

135 2603 208 2675 τῶν
226 2600 504 2676 συνουσιαστῶν
522 2593 714 2696 εὑρήματα.

735 2803 745 2834 Ι

712 2841 757 2892 θ’.

77 3010 122 3051 20
192 2981 213 3018 ‘⁶
226 2969 313 3072 Ἇρά
331 3004 373 3072 γε
391 2967 509 3049 ἐλθὼν
527 2971 547 3048 ὁ
568 2967 640 3051 υίὸς
659 2976 722 3047 τοῦ
740 2967 931 3069 ἀνθρώπου
953 2965 1095 3070 εὑρήσει
1120 2965 1186 3068 τὴν
1206 2968 1331 3049 πίστιν
1344 2993 1441 3071 Quo.

135 3107 158 3143 “
175 3097 232 3175 ε’πὶ
251 3098 313 3193 τῆς
331 3097 398 3192 γῆς
411 3093 442 3186 ;”
471 3092 555 3198 φέρε
579 3091 650 3193 γάρ
674 3091 834 3192 ἐρώμεθα
851 3089 934 3174 τοῦς
953 3093 995 3169 δι’
1016 3091 1185 3188 ἐναντίας,
1205 3091 1331 3171 ὁποίαν
1344 3075 1412 3108 'mu'
1425 3059 1448 3108 δ’

134 3218 205 3320 ἀρα
224 3216 290 3316 τὴν
314 3217 439 3296 πίστιν
463 3211 562 3316 παρά
584 3247 627 3314 γε
654 3221 728 3297 τοῖς
756 3214 860 3293 οὖσιν
886 3216 943 3294 ε’πὶ
971 3218 1036 3312 τῆς
1064 3219 1130 3316 γῆς
1148 3218 1331 3318 εὑρεθῆναι

134 3341 305 3436 βούλεται
333 3337 544 3440 καθιγμένος
570 3337 616 3445 ἐξ
640 3338 800 3439 οῦρανεῦν
827 3338 848 3415 ὁ
876 3335 950 3420 υἱὸς
974 3345 1038 3418 τοῦ
1065 3338 1267 3441 ἀνθρώπου·
1306 3335 1329 3438 ἢ

133 3469 193 3544 καὶ
211 3465 290 3542 τίνα
311 3461 445 3564 τρόπον
467 3463 559 3562 ἡμᾶς
581 3461 708 3565 πρέποι
727 3459 772 3540 ἀν
791 3464 989 3542 διακεῖσθαι
1007 3465 1086 3565 περὶ
1114 3463 1233 3542 αὐτοῦ·
1273 3458 1328 3563 ἀρ’

74 3620 119 3681 25
134 3590 183 3669 ὡς
201 3584 342 3682 ἀπέστη
367 3592 431 3663 τοῦ
448 3581 536 3664 εἶναι
554 3584 672 3663 θέλειν
689 3582 764 3664 υἱὸν
783 3583 983 3686 ἀνθρώπου,
1003 3586 1115 3684 ἤγουν
1141 3583 1194 3664 ὅτι
1219 3582 1325 3683 μεμέ-

134 3739 240 3807 νηκεν
268 3703 435 3801 ὁμοιώσει
464 3708 508 3810 τῇ
540 3704 631 3808 πρὸς
663 3707 778 3804 ἡμᾶς;
814 3709 929 3787 καίτοι
960 3713 1037 3791 πῶς
1064 3706 1109 3786 ἀν
1138 3707 1338 3786 ε’νδοιάσεεέ

133 3865 200 3928 τις,
221 3832 270 3913 ὡς
287 3827 384 3930 εἴπερ
401 3825 446 3928 ἦν
464 3831 603 3908 ἀπᾶδον
620 3830 717 3936 αὐτῷ
741 3829 783 3910 τὸ
810 3829 979 3935 ῦπάρχειν
998 3830 1048 3910 ε”τι
1067 3834 1225 3910 νοεῖσθαι
1245 3831 1328 3909 καθ’

172 4075 196 4114 2.
213 4058 290 4112 Ιιςιιε
305 4055 425 4112 Christus
436 4057 543 4112 inverso
553 4055 680 4112 ordines
713 4095 721 4111 .
837 4075 863 4123 4.
881 4055 914 4110 δι’
925 4057 1005 4111 αὐτοῦ
1017 4055 1045 4111 b.
1161 4068 1187 4122 5.
1206 4055 1235 4110 ἐν
1245 4054 1329 4128 αὐτῷ]

134 4129 221 4200 pergit
233 4137 256 4182 α
264 4135 423 4200 postpauca
435 4127 525 4182 Καίτοι
537 4131 591 4184 πῶς
603 4127 673 4182 utin
686 4143 723 4191 ra,
737 4125 783 4181 lin.
797 4127 840 4180 τό.
1039 4143 1066 4195 9.
1086 4124 1216 4196 συνῆφθαι
1229 4125 1295 4196 (εἰσ)
1307 4143 1331 4181 c.

137 4197 249 4268 παρετ*
262 4200 340 4253 αὐτοῦ
352 4217 400 4269 pro
412 4201 504 4254 ἑαυτοῦ
516 4216 540 4253 c.
672 4213 712 4264 14.
731 4200 746 4251 θ
759 4196 900 4253 θεσπίσας
911 4193 978 4266 ἔφη]
992 4196 1044 4265 Ῑφη
1058 4197 1072 4248 θ
1085 4213 1109 4250 c.
1240 4213 1283 4250 το.
1302 4197 1331 4251 εἰε

133 4273 181 4324 τοῦ
192 4269 271 4323 αὐτοῦ
283 4271 364 4341 λόγου
376 4269 428 4326 b.o.
483 4266 632 4339 ἀνθράπου]
646 4270 714 4322 θεοῦ
727 4267 793 4337 (sic)
805 4284 829 4321 c.
979 4281 1021 4321 τι.
1040 4263 1169 4337 ἐρώμεθα]
1184 4265 1225 4320 lta
1238 4265 1331 4321 Codex

133 4349 254 4411 uterque.
474 4355 518 4394 τα.
535 4337 649 4410 παράγε]
662 4341 806 4408 παράγεται
818 4336 880 4405 (uio)
892 4354 916 4391 c.
1148 4353 1192 4407 23·
1211 4335 1292 4406 ηοω.
1306 4355 1330 4392 c.

134 4425 177 4475 24.
195 4409 289 4479 πρέποι
305 4409 337 4464 ἀν
353 4410 497 4464 διακεῖσθαι
515 4409 663 4464 emendavi.
675 4409 769 4479 πρέπει
780 4407 812 4462 ἀν
822 4405 965 4463 διακεῖσθαι
977 4404 1004 4470 b,
1018 4407 1110 4476 πρέπει
1122 4405 1292 4463 δεδανεῖσθαι
1305 4425 1329 4462 c.

135 4479 214 4572 2'6-p.
227 4481 288 4547 484,
302 4497 331 4536 ¹1
346 4481 409 4536 citat
421 4479 535 4536 Severus
547 4479 575 4534 in
589 4480 639 4550 Ep.
652 4477 769 4534 secunda
781 4477 815 4533 ad
829 4477 952 4548 Sergium
964 4495 1046 4547 ευρτο
1058 4479 1103 4532 eit.
1181 4491 1223 4549 ιη.
1242 4476 1328 4549 εἴπερ]

134 4571 207 4606 “mv
218 4567 242 4606 c·

691 4649 785 4720 32²
