3284 5130
306 327 370 392 128
609 329 650 395 B.
673 327 885 396 OYRILLI
915 325 1210 394 ALEXANDR.
1384 347 1437 390 xx.
1452 341 1504 391 πο.

304 492 343 572 ε’ν
360 498 435 577 τοῖς
452 493 608 597 πράτοις
626 493 677 575 ἔτι
695 494 893 601 διεφαίνετο
910 493 1089 598 σχήμασι,
1103 489 1169 592 τὴν
1186 494 1250 591 τῆς
1269 486 1505 574 ἀναστάσεως

304 614 430 696 πίστιν
456 618 520 697 οῦκ
547 619 603 722 ἐφ’
624 616 743 722 ἕτερόν
769 653 804 698 τι
829 622 958 722 σχῆμα
985 618 1044 696 καὶ
1070 621 1180 713 σῶμα
1207 612 1504 717 μετακομίζεσθαι

306 739 423 819 θέλων
446 737 468 841 ἢ
494 745 543 824 εἰς
566 739 655 844 ὅπερ
680 739 814 836 ἔλαβεν
837 744 875 821 ἐκ
902 744 966 840 τῆς
993 738 1098 841 ἁγίας
1122 739 1311 842 παρθένου,
1329 741 1367 817 ε’ν
1389 733 1419 845 ᾧ
1444 740 1503 817 καὶ

305 865 522 968 σταυρωθείς
557 863 710 945 ἀπέθανε
741 863 834 945 κατά
865 863 930 948 τάς
964 861 1119 970 γραφὰς,
1152 866 1216 962 τῆς
1251 869 1316 942 τοῦ
1348 859 1505 942 θανάτου

276 984 487 1084 οδυνάμεως
523 987 615 1068 κατὰ
645 984 757 1090 μάνης
787 987 987 1094 τρεχούσης
1019 991 1081 1086 τῆς
1114 983 1262 1089 σαρκὸς,
1294 985 1339 1093 ἐξ
1368 984 1411 1086 ἧς
1444 987 1537 1064 καί5

304 1109 543 1210 ἀπελήλαται.
583 1117 613 1192 εἰ
639 1110 712 1214 γάρ
739 1110 790 1214 μή
817 1112 951 1212 ἀνίστη
980 1108 1023 1192 τῦ
1050 1108 1220 1211 τεθνηκὸς
1246 1110 1356 1189 αὐτοῦ
1382 1114 1504 1208 σῶμα,

304 1240 405 1317 ποῖος
438 1235 613 1334 νενίκηται
650 1233 814 1335 θάνατος,
845 1243 917 1316 ποῦ
949 1233 987 1315 δὲ
1017 1230 1173 1335 ήτάνησε
1201 1230 1244 1314 τὸ
1273 1236 1336 1332 τῆς
1363 1237 1504 1339 φθορᾶς

305 1353 457 1460 κράτος;
493 1359 535 1438 οῦ
560 1357 604 1438 δι’
623 1356 701 1443 ε’νῖις
729 1358 972 1444 ἀποθανόντος
999 1365 1073 1438 τῶν
1099 1364 1258 1460 λογικῶν
1284 1355 1503 1455 κτισμάτων,

305 1481 346 1561 οῦ
364 1485 496 1586 φυχῆς,
517 1483 580 1563 οῦκ
599 1484 769 1586 ἀγγέλου,
784 1480 870 1584 μήτι
887 1517 931 1585 γε
950 1487 1008 1562 καί
1027 1485 1136 1562 αύτοῦ
1154 1491 1219 1562 τοῦ
1237 1486 1334 1561 Θεοῦ
1349 1476 1499 1582 Λόγους

305 1603 364 1686 ὅτε
391 1605 511 1685 τοίνυν
530 1608 613 1707 περὶ
639 1605 750 1704 μόνον
774 1605 817 1686 τῦ
845 1607 1057 1713 φθείρεσθαι
1083 1603 1242 1714 πεφυκὸς
1269 1603 1312 1684 τῦ
1339 1612 1404 1684 τοῦ
1431 1611 1499 1684 θα·
1520 1633 1558 1673 10

305 1727 413 1809 νάτου
445 1729 578 1831 γίνεται
610 1727 752 1834 κράτος,
781 1729 864 1834 περί
899 1729 986 1811 αὐτὸ
1024 1728 1068 1831 δὴ
1105 1728 1249 1814 πάντως
1284 1731 1343 1809 καὶ
1381 1728 1402 1828 ἡ
1439 1733 1504 1830 τῆς

304 1848 540 1938 ἀναστάσεως
556 1852 704 1952 δύναμις
722 1855 826 1935 νοοῖτ’
847 1852 892 1934 ἀν
910 1853 1063 1952 εἰκότως,
1081 1853 1139 1934 ἰνα
1157 1856 1216 1933 καί
1236 1853 1259 1952 ἡ
1280 1861 1344 1933 τοῦ
1368 1887 1499 1956 τυραν-

305 1973 482 2074 νήσαντος
511 1975 740 2080 παραλύηται
772 1977 928 2076 δύναμις.
975 1976 1017 2057 τὸ
1050 1976 1089 2058 δὲ
1118 1982 1294 2057 εἰσελθεῖν
1322 1975 1383 2057 τῶν
1409 1973 1504 2086 θυρῶν

306 2096 549 2206 κεκλιιτμένων
568 2098 630 2180 τὸν
651 2100 796 2205 Κύριον,
815 2108 889 2185 τοῖς
906 2100 1035 2186 ἀλλοις
1057 2101 1166 2181 αύτοῦ
1190 2100 1351 2202 σημείοις
1368 2133 1501 2180 συντε-

271 2219 450 2328 δτάξεται
483 2220 584 2326 παρά
618 2257 659 2328 γε
696 2231 770 2310 τοῖς
804 2225 991 2332 σώφροσι.
1042 2221 1309 2326 κατασπάζεται
1344 2223 1384 2303 δὲ
1419 2222 1502 2309 τοῦς
1519 2251 1558 2310 ¹5

304 2346 428 2448 ἁγίους
451 2345 626 2449 μαθητάς.
666 2349 760 2454 εἰρήνη
784 2345 857 2452 γάρ
884 2353 960 2456 ὑμῖν
978 2353 1105 2454 φησιν,
1124 2345 1250 2429 ἑαυτὸν
1269 2345 1356 2429 εἰναι
1383 2348 1503 2450 λέγων

303 2467 369 2568 τὴν
388 2470 539 2575 εἰρήνην.
580 2471 633 2557 οἷς
656 2471 728 2576 γὰρ
754 2469 799 2554 ἀν
816 2473 944 2576 παρείη
962 2471 1136 2576 Χριστὸς,
1156 2472 1293 2558 τούτοις
1312 2473 1439 2580 ἕψεται
1456 2470 1502 2572 δὴ

303 2592 448 2680 πάντως
475 2598 534 2676 καί
560 2595 603 2676 τῦ
633 2598 672 2678 ε’ν
694 2596 866 2705 ἀταράχιρ
894 2601 1138 2700 διατηρεῖσθαι
1166 2595 1354 2696 πνεύματι.
1407 2593 1427 2676 ὃ
1457 2594 1502 2696 δὴ

304 2722 363 2799 καὶ
382 2725 532 2804 Παῦλος
550 2718 708 2828 ὑπάρξαι
729 2720 829 2824 παρὰ
847 2727 944 2802 Θεοῦ
968 2727 1041 2805 τοῖς
1066 2725 1115 2804 εἰς
1140 2719 1248 2801 αὐτὸν
1267 2719 1503 2800 πιστεύουσιν

243 2880 250 2897 ·
304 2841 477 2947 ἐπηύχετο
509 2844 628 2946 λέγων
655 2853 677 2891 “
694 2845 745 2924 'H
780 2843 900 2947 εἰρήνη
931 2852 996 2924 τοῦ
1026 2849 1191 2948 Χριστοῦ
1222 2844 1245 2944 ἡ
1278 2843 1502 2948 ῦπερίχουσα
1517 2877 1558 2919 ιο

306 2975 328 3014 “
344 2963 465 3046 πάντα
489 2975 572 3046 νοῦν
591 2965 789 3072 φρουρήσει
812 2965 877 3053 τοίς
902 2966 1047 3072 καρδίας
1071 2970 1170 3067 ὑμῶν
1187 2969 1245 3049 καί
1267 2965 1314 3047 τά
1341 2967 1503 3068 νοήματα

305 3099 327 3137 “
346 3091 478 3188 ῦμῶν·”
522 3089 663 3193 εἰρήνην
690 3095 856 3195 Χριστοῦ
881 3088 948 3190 τὴν
977 3091 1135 3172 ἔπε’κεινα
1167 3100 1230 3172 νοῦ
1259 3091 1405 3182 παντὸς,
1435 3093 1503 3198 οὐχ

304 3214 427 3318 ε’τίρον
454 3211 542 3294 εἰναι
574 3215 692 3316 λε’γων
719 3213 820 3319 παρὰ
852 3213 895 3295 τδ
925 3221 1075 3312 Πνεῦμα
1103 3217 1225 3314 αύτοῦ,
1255 3216 1365 3319 οῦπερ
1391 3215 1503 3300 εἴτις

303 3338 489 3446 μετάσχοι,
506 3336 642 3424 παντὸς
665 3338 854 3423 ἀνάπλεως
876 3337 979 3419 ἔσται
1002 3348 1128 3420 καλοῦ.

460 3567 648 3656 Ἐχιίριισαν
675 3563 732 3634 οὗν
759 3565 790 3635 οἰ
816 3567 959 3646 μαθιιταί
985 3565 1111 3634 ἰδόντες
1137 3567 1194 3634 τίν
1223 3567 1347 3655 Κύριον.
1518 3591 1555 3651 ²5

135 3726 294 3787 loma
361 3721 448 3800 Τοῖς
465 3724 529 3796 τοῦ
548 3719 716 3818 Σωτῆρος
736 3711 896 3819 ῥήμασιν
914 3717 1142 3820 ἐπιμαρτυρεῖ
1165 3712 1229 3815 τήν
1245 3712 1418 3813 ἀλήθειαν
1435 3715 1502 3792 κάν

304 3839 420 3948 τούτῳ
452 3836 495 3938 δὴ
526 3836 684 3921 πάλιν
667 3873 688 3917 ο
719 3837 891 3943 μακάριος
921 3837 1208 3941 Εῦαγγελιστὴς,
1237 3836 1410 3936 θυμηδίας
1442 3838 1501 3916 καὶ

303 3999 417 4072 χαρας
435 3967 716 4064 ἀναπεπλῆσθαι
733 3962 872 4116 λέγων
869 3959 953 4046 τοῦς
972 3963 1185 4062 μαθητῦςᾙ
1167 3962 1310 4064 επείπερ
1327 3958 1473 4042 εἰδυν
1437 3995 1503 4041 τον

302 4091 457 4191 Ἰησοῦν.
504 4086 713 4190 μεμνήμεθα
744 4085 816 4190 γὰρ
853 4085 908 4167 ὅτι
943 4084 1035 4189 πρὸς
1071 4085 1197 4170 αὐτοῦς
1233 4089 1503 4187 αἰνιγματωδῶς

303 4214 386 4301 τοῦς
405 4216 487 4320 περὶ
505 4222 569 4294 τοῦ
588 4213 704 4312 τιμίου
721 4217 881 4315 σταυροῦ
899 4214 957 4291 καί
976 4213 1040 4309 τῆς
1057 4212 1096 4290 ἐκ
1114 4216 1247 4312 νεκρῶν
1266 4208 1502 4294 ἀναστάσεως
1516 4243 1555 4300 30

233 4338 504 4453 ε’ξυφαίνων
522 4336 655 4439 λόγους
673 4346 695 4383 “
710 4334 855 4439 Μικρὸν
873 4335 954 4441 ἔφη,
973 4335 1032 4414 καί
1050 4331 1166 4413 ούκίτι
1187 4331 1351 4436 θεωρεῖτέ
1368 4367 1424 4431 με,
1442 4336 1503 4413 καί

304 4519 408 4632 8439.a
418 4503 482 4645 τήν
475 4497 777 4625 τηῦεθονιίτον-Λόγου
794 4495 857 4554 citat
873 4495 991 4552 collectio
1004 4493 1156 4568 supradicta
1168 4492 1229 4550 cod.
1241 4491 1362 4565 ejundem
1373 4492 1419 4549 fol.
1433 4511 1505 4566 4ης.

304 4575 380 4632 Θῦν
409 4573 427 4627 Ι
455 4593 503 4644 mlx
547 4587 579 4642 ΥΤ
