<?xml version="1.0" encoding="UTF-8"?>
<!DOCTYPE html PUBLIC "-//W3C//DTD XHTML 1.0 Transitional//EN"
    "http://www.w3.org/TR/xhtml1/DTD/xhtml1-transitional.dtd">
<html xmlns="http://www.w3.org/1999/xhtml" xml:lang="en" lang="en">
 <head>
  <title>
</title>
<meta http-equiv="Content-Type" content="text/html;charset=utf-8" />
  <meta name='ocr-system' content='tesseract 3.04.00' />
  <meta name='ocr-capabilities' content='ocr_page ocr_carea ocr_par ocr_line ocrx_word'/>
</head>
<body>
  <div class='ocr_page' id='page_1' title='image "./sanctipatrisnos01pusegoog_0171.png"; bbox 0 0 3284 5130; ppageno 0'>
   <div class='ocr_carea' id='block_1_1' title="bbox 315 301 1513 374">
    <p class='ocr_par' dir='ltr' id='par_1_1' title="bbox 315 301 1513 374">
     <span class='ocr_line' id='line_1_1' title="bbox 315 301 1513 374; baseline -0.003 -8"><span class='ocrx_word' id='word_1_1' title='bbox 315 303 379 366; x_wconf 85' lang='grc'>158</span> <span class='ocrx_word' id='word_1_2' title='bbox 621 307 660 371; x_wconf 92' lang='grc' dir='ltr'>Β.</span> <span class='ocrx_word' id='word_1_3' title='bbox 685 307 897 374; x_wconf 84' lang='lat' dir='ltr'><strong>CYRILLI</strong></span> <span class='ocrx_word' id='word_1_4' title='bbox 927 307 1217 374; x_wconf 84' lang='lat' dir='ltr'><strong>ALEXANDR.</strong></span> <span class='ocrx_word' id='word_1_5' title='bbox 1359 301 1513 368; x_wconf 86' lang='lat' dir='ltr'>xxi.1-6.</span> 
     </span>
    </p>
   </div>
   <div class='ocr_carea' id='block_1_2' title="bbox 148 466 1632 4419">
    <p class='ocr_par' dir='ltr' id='par_1_2' title="bbox 148 466 1632 4419">
     <span class='ocr_line' id='line_1_2' title="bbox 315 466 1511 574; baseline -0.001 -29"><span class='ocrx_word' id='word_1_6' title='bbox 315 466 385 568; x_wconf 79' lang='grc' dir='ltr'>ἄρα</span> <span class='ocrx_word' id='word_1_7' title='bbox 404 466 446 547; x_wconf 80' lang='grc' dir='ltr'>τό</span> <span class='ocrx_word' id='word_1_8' title='bbox 469 470 701 550; x_wconf 83' lang='grc' dir='ltr'>διακωλῦσαν</span> <span class='ocrx_word' id='word_1_9' title='bbox 718 476 777 552; x_wconf 79' lang='grc' dir='ltr'>καὶ</span> <span class='ocrx_word' id='word_1_10' title='bbox 801 473 967 570; x_wconf 87' lang='grc' dir='ltr'>ἐμποδών</span> <span class='ocrx_word' id='word_1_11' title='bbox 985 473 1134 574; x_wconf 77' lang='grc' dir='ltr'>εὑρεθέν,</span> <span class='ocrx_word' id='word_1_12' title='bbox 1153 469 1173 552; x_wconf 83' lang='grc' dir='ltr'>δ</span> <span class='ocrx_word' id='word_1_13' title='bbox 1191 471 1249 551; x_wconf 80' lang='grc' dir='ltr'>καὶ</span> <span class='ocrx_word' id='word_1_14' title='bbox 1272 475 1344 550; x_wconf 80' lang='grc' dir='ltr'>τῶν</span> <span class='ocrx_word' id='word_1_15' title='bbox 1362 469 1511 571; x_wconf 84' lang='grc' dir='ltr'>ἀρχαιο-</span> 
     </span>
     <span class='ocr_line' id='line_1_3' title="bbox 280 587 1514 696; baseline -0.001 -27"><span class='ocrx_word' id='word_1_16' title='bbox 280 589 426 692; x_wconf 69' lang='grc' dir='ltr'>Βτέρων</span> <span class='ocrx_word' id='word_1_17' title='bbox 453 590 517 674; x_wconf 79' lang='grc' dir='ltr'>τὸν</span> <span class='ocrx_word' id='word_1_18' title='bbox 540 591 651 675; x_wconf 84' lang='grc' dir='ltr'>πόνον</span> <span class='ocrx_word' id='word_1_19' title='bbox 679 601 808 676; x_wconf 78' lang='grc' dir='ltr'>εἰκαῖον</span> <span class='ocrx_word' id='word_1_20' title='bbox 835 598 962 693; x_wconf 86' lang='grc' dir='ltr'>ε’τίθει;</span> <span class='ocrx_word' id='word_1_21' title='bbox 991 597 1030 678; x_wconf 92' lang='grc' dir='ltr'>τί</span> <span class='ocrx_word' id='word_1_22' title='bbox 1054 596 1091 677; x_wconf 81' lang='grc' dir='ltr'>δὲ</span> <span class='ocrx_word' id='word_1_23' title='bbox 1118 599 1177 676; x_wconf 81' lang='grc' dir='ltr'>καὶ</span> <span class='ocrx_word' id='word_1_24' title='bbox 1205 596 1367 696; x_wconf 76' lang='grc' dir='ltr'>ἄκαρπον</span> <span class='ocrx_word' id='word_1_25' title='bbox 1389 587 1514 690; x_wconf 79' lang='grc' dir='ltr'>ὥσπερ</span> 
     </span>
     <span class='ocr_line' id='line_1_4' title="bbox 317 714 1513 828; baseline -0.003 -34"><span class='ocrx_word' id='word_1_26' title='bbox 317 716 435 801; x_wconf 78' lang='grc' dir='ltr'>αὐτοῖς</span> <span class='ocrx_word' id='word_1_27' title='bbox 464 717 627 798; x_wconf 78' lang='grc' dir='ltr'>ἀπετέλει</span> <span class='ocrx_word' id='word_1_28' title='bbox 657 718 699 798; x_wconf 81' lang='grc' dir='ltr'>τὸ</span> <span class='ocrx_word' id='word_1_29' title='bbox 729 718 895 823; x_wconf 84' lang='grc' dir='ltr'>κήρυγμα</span> <span class='ocrx_word' id='word_1_30' title='bbox 907 753 918 818; x_wconf 87' lang='lat'>3</span> <span class='ocrx_word' id='word_1_31' title='bbox 958 719 1027 828; x_wconf 79' lang='grc' dir='ltr'>νὺξ</span> <span class='ocrx_word' id='word_1_32' title='bbox 1052 719 1096 822; x_wconf 85' lang='grc' dir='ltr'>ἦν</span> <span class='ocrx_word' id='word_1_33' title='bbox 1124 723 1182 801; x_wconf 81' lang='grc' dir='ltr'>καὶ</span> <span class='ocrx_word' id='word_1_34' title='bbox 1211 716 1344 800; x_wconf 77' lang='grc' dir='ltr'>σκότος</span> <span class='ocrx_word' id='word_1_35' title='bbox 1374 714 1424 795; x_wconf 87' lang='grc' dir='ltr'>ἐτι</span> <span class='ocrx_word' id='word_1_36' title='bbox 1454 714 1513 792; x_wconf 85' lang='grc' dir='ltr'>καὶ</span> 
     </span>
     <span class='ocr_line' id='line_1_5' title="bbox 318 838 1514 946; baseline 0.003 -30"><span class='ocrx_word' id='word_1_37' title='bbox 318 838 427 940; x_wconf 84' lang='grc' dir='ltr'>νοητή</span> <span class='ocrx_word' id='word_1_38' title='bbox 454 874 509 924; x_wconf 90' lang='grc' dir='ltr'>τις</span> <span class='ocrx_word' id='word_1_39' title='bbox 537 840 654 946; x_wconf 80' lang='grc' dir='ltr'>αἰχλῖις</span> <span class='ocrx_word' id='word_1_40' title='bbox 681 847 739 923; x_wconf 75' lang='grc' dir='ltr'>καὶ</span> <span class='ocrx_word' id='word_1_41' title='bbox 767 843 1000 945; x_wconf 76' lang='grc' dir='ltr'>δαιμονιώδης</span> <span class='ocrx_word' id='word_1_42' title='bbox 1028 841 1147 944; x_wconf 84' lang='grc' dir='ltr'>άπάτη</span> <span class='ocrx_word' id='word_1_43' title='bbox 1174 849 1248 925; x_wconf 88' lang='grc' dir='ltr'>τοῖς</span> <span class='ocrx_word' id='word_1_44' title='bbox 1271 844 1335 938; x_wconf 83' lang='grc' dir='ltr'>τῆς</span> <span class='ocrx_word' id='word_1_45' title='bbox 1360 838 1514 920; x_wconf 78' lang='grc' dir='ltr'>διανοίας</span> 
     </span>
     <span class='ocr_line' id='line_1_6' title="bbox 316 962 1549 1068; baseline -0.002 -26"><span class='ocrx_word' id='word_1_46' title='bbox 316 962 521 1067; x_wconf 83' lang='grc' dir='ltr'>ὀφθαλμοῖς</span> <span class='ocrx_word' id='word_1_47' title='bbox 548 965 767 1068; x_wconf 79' lang='grc' dir='ltr'>ε’νιζάνονσα,</span> <span class='ocrx_word' id='word_1_48' title='bbox 787 971 845 1048; x_wconf 80' lang='grc' dir='ltr'>καῖ</span> <span class='ocrx_word' id='word_1_49' title='bbox 870 967 912 1048; x_wconf 85' lang='grc' dir='ltr'>τό</span> <span class='ocrx_word' id='word_1_50' title='bbox 936 973 1030 1048; x_wconf 88' lang='grc' dir='ltr'>θεῖον</span> <span class='ocrx_word' id='word_1_51' title='bbox 1055 966 1166 1052; x_wconf 83' lang='grc' dir='ltr'>ὅντως</span> <span class='ocrx_word' id='word_1_52' title='bbox 1185 965 1242 1046; x_wconf 79' lang='grc' dir='ltr'>καῖ</span> <span class='ocrx_word' id='word_1_53' title='bbox 1270 962 1402 1064; x_wconf 86' lang='grc' dir='ltr'>άληθές</span> <span class='ocrx_word' id='word_1_54' title='bbox 1430 966 1549 1050; x_wconf 82' lang='grc' dir='ltr'>ῖδεῖν5</span> 
     </span>
     <span class='ocr_line' id='line_1_7' title="bbox 318 1081 1632 1196; baseline -0.001 -30.139"><span class='ocrx_word' id='word_1_55' title='bbox 318 1088 382 1166; x_wconf 83' lang='grc' dir='ltr'>οὐκ</span> <span class='ocrx_word' id='word_1_56' title='bbox 405 1088 546 1192; x_wconf 82' lang='grc' dir='ltr'>ἐφιεῖσα</span> <span class='ocrx_word' id='word_1_57' title='bbox 565 1097 656 1195; x_wconf 83' lang='grc' dir='ltr'>φῶς.</span> <span class='ocrx_word' id='word_1_58' title='bbox 694 1093 736 1171; x_wconf 84' lang='grc' dir='ltr'>οὐ</span> <span class='ocrx_word' id='word_1_59' title='bbox 755 1090 828 1196; x_wconf 77' lang='grc' dir='ltr'>γάρ</span> <span class='ocrx_word' id='word_1_60' title='bbox 845 1089 890 1192; x_wconf 83' lang='grc' dir='ltr'>ῆν</span> <span class='ocrx_word' id='word_1_61' title='bbox 909 1093 929 1170; x_wconf 87' lang='grc' dir='ltr'><strong>ὁ</strong></span> <span class='ocrx_word' id='word_1_62' title='bbox 947 1098 1061 1172; x_wconf 84' lang='grc' dir='ltr'>ποιῶν</span> <span class='ocrx_word' id='word_1_63' title='bbox 1079 1090 1320 1194; x_wconf 81' lang='grc' dir='ltr'>χρηστότητα,</span> <span class='ocrx_word' id='word_1_64' title='bbox 1340 1085 1430 1168; x_wconf 79' lang='grc' dir='ltr'>κατὰ</span> <span class='ocrx_word' id='word_1_65' title='bbox 1449 1085 1514 1185; x_wconf 87' lang='grc' dir='ltr'>τῆν</span> <span class='ocrx_word' id='word_1_66' title='bbox 1631 1081 1632 1092; x_wconf 34' lang='lat'>¹</span> 
     </span>
     <span class='ocr_line' id='line_1_8' title="bbox 316 1209 1510 1320; baseline -0.001 -30"><span class='ocrx_word' id='word_1_67' title='bbox 316 1219 381 1290; x_wconf 84' lang='grc' dir='ltr'>τοῦ</span> <span class='ocrx_word' id='word_1_68' title='bbox 400 1209 613 1317; x_wconf 77' lang='grc' dir='ltr'>ψάλλοντος</span> <span class='ocrx_word' id='word_1_69' title='bbox 640 1215 775 1320; x_wconf 82' lang='grc' dir='ltr'>φωνὴν,</span> <span class='ocrx_word' id='word_1_70' title='bbox 795 1216 859 1296; x_wconf 80' lang='grc' dir='ltr'>οὐκ</span> <span class='ocrx_word' id='word_1_71' title='bbox 877 1212 922 1316; x_wconf 81' lang='grc' dir='ltr'>ἦν</span> <span class='ocrx_word' id='word_1_72' title='bbox 938 1216 1003 1299; x_wconf 83' lang='grc' dir='ltr'>ἕως</span> <span class='ocrx_word' id='word_1_73' title='bbox 1022 1212 1108 1310; x_wconf 82' lang='grc' dir='ltr'>ἐνὸς,</span> <span class='ocrx_word' id='word_1_74' title='bbox 1128 1213 1227 1293; x_wconf 78' lang='grc' dir='ltr'>ἀλλὰ</span> <span class='ocrx_word' id='word_1_75' title='bbox 1254 1213 1384 1298; x_wconf 87' lang='grc' dir='ltr'>πάντες</span> <span class='ocrx_word' id='word_1_76' title='bbox 1412 1210 1510 1318; x_wconf 81' lang='grc' dir='ltr'>ἐξέκ-</span> 
     </span>
     <span class='ocr_line' id='line_1_9' title="bbox 317 1333 1515 1444; baseline -0.001 -30"><span class='ocrx_word' id='word_1_77' title='bbox 317 1345 431 1433; x_wconf 90' lang='grc' dir='ltr'>λιναν,</span> <span class='ocrx_word' id='word_1_78' title='bbox 461 1333 536 1436; x_wconf 79' lang='grc' dir='ltr'>ἅμα</span> <span class='ocrx_word' id='word_1_79' title='bbox 574 1339 836 1444; x_wconf 86' lang='grc' dir='ltr'>ῆχρειώθησαν.</span> <span class='ocrx_word' id='word_1_80' title='bbox 889 1345 918 1419; x_wconf 84' lang='grc' dir='ltr'>εί</span> <span class='ocrx_word' id='word_1_81' title='bbox 952 1339 989 1419; x_wconf 84' lang='grc' dir='ltr'>δέ</span> <span class='ocrx_word' id='word_1_82' title='bbox 1027 1340 1085 1418; x_wconf 80' lang='grc' dir='ltr'>καὶ</span> <span class='ocrx_word' id='word_1_83' title='bbox 1122 1333 1310 1440; x_wconf 86' lang='grc' dir='ltr'>τεθῆρευτό</span> <span class='ocrx_word' id='word_1_84' title='bbox 1342 1371 1419 1419; x_wconf 92' lang='grc' dir='ltr'>πως</span> <span class='ocrx_word' id='word_1_85' title='bbox 1456 1333 1515 1414; x_wconf 77' lang='grc' dir='ltr'>διὰ</span> 
     </span>
     <span class='ocr_line' id='line_1_10' title="bbox 277 1447 1515 1571; baseline 0 -33"><span class='ocrx_word' id='word_1_86' title='bbox 277 1499 285 1556; x_wconf 75' lang='lat' dir='ltr'>j</span> <span class='ocrx_word' id='word_1_87' title='bbox 320 1447 506 1554; x_wconf 87' lang='grc' dir='ltr'>Μωυσέως</span> <span class='ocrx_word' id='word_1_88' title='bbox 524 1465 544 1541; x_wconf 84' lang='grc' dir='ltr'>ὁ</span> <span class='ocrx_word' id='word_1_89' title='bbox 559 1461 723 1567; x_wconf 87' lang='grc' dir='ltr'>Ἰσραῆλ,</span> <span class='ocrx_word' id='word_1_90' title='bbox 741 1465 826 1542; x_wconf 84' lang='grc' dir='ltr'>ἀλλ’</span> <span class='ocrx_word' id='word_1_91' title='bbox 847 1460 892 1563; x_wconf 85' lang='grc' dir='ltr'>ἦν</span> <span class='ocrx_word' id='word_1_92' title='bbox 909 1465 947 1542; x_wconf 86' lang='grc' dir='ltr'>ἐν</span> <span class='ocrx_word' id='word_1_93' title='bbox 966 1462 1036 1571; x_wconf 79' lang='grc' dir='ltr'>’ίσω</span> <span class='ocrx_word' id='word_1_94' title='bbox 1054 1469 1128 1546; x_wconf 88' lang='grc' dir='ltr'>τοῖς</span> <span class='ocrx_word' id='word_1_95' title='bbox 1145 1463 1216 1541; x_wconf 81' lang='grc' dir='ltr'>οὐδ</span> <span class='ocrx_word' id='word_1_96' title='bbox 1237 1461 1331 1544; x_wconf 80' lang='grc' dir='ltr'>ὅλως</span> <span class='ocrx_word' id='word_1_97' title='bbox 1349 1464 1515 1561; x_wconf 84' lang='grc' dir='ltr'>τεθηρευ·</span> 
     </span>
     <span class='ocr_line' id='line_1_11' title="bbox 287 1575 1574 1689; baseline 0 -27"><span class='ocrx_word' id='word_1_98' title='bbox 287 1581 447 1681; x_wconf 67' lang='grc' dir='ltr'>θμένοις,</span> <span class='ocrx_word' id='word_1_99' title='bbox 467 1582 532 1685; x_wconf 90' lang='grc' dir='ltr'>τῆν</span> <span class='ocrx_word' id='word_1_100' title='bbox 548 1587 586 1665; x_wconf 92' lang='grc' dir='ltr'>ἐν</span> <span class='ocrx_word' id='word_1_101' title='bbox 605 1594 722 1670; x_wconf 85' lang='grc' dir='ltr'>σκιαῖς</span> <span class='ocrx_word' id='word_1_102' title='bbox 740 1575 799 1666; x_wconf 81' lang='grc' dir='ltr'>καὶ</span> <span class='ocrx_word' id='word_1_103' title='bbox 817 1586 940 1672; x_wconf 82' lang='grc' dir='ltr'>τόποις</span> <span class='ocrx_word' id='word_1_104' title='bbox 958 1585 1171 1686; x_wconf 74' lang='grc' dir='ltr'>ἐπιτηδεύων</span> <span class='ocrx_word' id='word_1_105' title='bbox 1190 1585 1368 1689; x_wconf 85' lang='grc' dir='ltr'>λατρείαν,</span> <span class='ocrx_word' id='word_1_106' title='bbox 1387 1586 1515 1689; x_wconf 76' lang='grc' dir='ltr'>καὶτῷ</span> <span class='ocrx_word' id='word_1_107' title='bbox 1533 1610 1574 1650; x_wconf 87' lang='lat'>10</span> 
     </span>
     <span class='ocr_line' id='line_1_12' title="bbox 317 1708 1512 1818; baseline -0.001 -32"><span class='ocrx_word' id='word_1_108' title='bbox 317 1714 511 1787; x_wconf 85' lang='grc' dir='ltr'>τελειοῦντι</span> <span class='ocrx_word' id='word_1_109' title='bbox 539 1710 650 1809; x_wconf 87' lang='grc' dir='ltr'>μηδέν</span> <span class='ocrx_word' id='word_1_110' title='bbox 673 1710 1012 1815; x_wconf 85' lang='grc' dir='ltr'>παιδαγωγοιίμενος</span> <span class='ocrx_word' id='word_1_111' title='bbox 1040 1709 1149 1818; x_wconf 78' lang='grc' dir='ltr'>νόμῳ.</span> <span class='ocrx_word' id='word_1_112' title='bbox 1192 1708 1246 1790; x_wconf 79' lang='grc' dir='ltr'>ὅτι</span> <span class='ocrx_word' id='word_1_113' title='bbox 1274 1708 1345 1812; x_wconf 81' lang='grc' dir='ltr'>γὰρ</span> <span class='ocrx_word' id='word_1_114' title='bbox 1372 1710 1512 1812; x_wconf 83' lang='grc' dir='ltr'>ἀχρειο-</span> 
     </span>
     <span class='ocr_line' id='line_1_13' title="bbox 317 1827 1516 1944; baseline -0.001 -34"><span class='ocrx_word' id='word_1_115' title='bbox 317 1827 429 1930; x_wconf 82' lang='grc' dir='ltr'>τάτην</span> <span class='ocrx_word' id='word_1_116' title='bbox 456 1830 580 1938; x_wconf 88' lang='grc' dir='ltr'>ώσπερ</span> <span class='ocrx_word' id='word_1_117' title='bbox 607 1836 667 1914; x_wconf 84' lang='grc' dir='ltr'>καὶ</span> <span class='ocrx_word' id='word_1_118' title='bbox 694 1837 841 1944; x_wconf 86' lang='grc' dir='ltr'>άπερδὸν</span> <span class='ocrx_word' id='word_1_119' title='bbox 867 1839 920 1943; x_wconf 77' lang='grc' dir='ltr'>τῷ</span> <span class='ocrx_word' id='word_1_120' title='bbox 939 1841 1022 1944; x_wconf 76' lang='grc' dir='ltr'>θεῷ</span> <span class='ocrx_word' id='word_1_121' title='bbox 1049 1833 1115 1934; x_wconf 87' lang='grc' dir='ltr'>τῆν</span> <span class='ocrx_word' id='word_1_122' title='bbox 1137 1836 1175 1914; x_wconf 90' lang='grc' dir='ltr'>ἐν</span> <span class='ocrx_word' id='word_1_123' title='bbox 1197 1833 1320 1917; x_wconf 83' lang='grc' dir='ltr'>τόποις</span> <span class='ocrx_word' id='word_1_124' title='bbox 1348 1832 1516 1934; x_wconf 77' lang='grc' dir='ltr'>λατρείαν</span> 
     </span>
     <span class='ocr_line' id='line_1_14' title="bbox 317 1953 1516 2066; baseline 0.003 -33"><span class='ocrx_word' id='word_1_125' title='bbox 317 1953 527 2058; x_wconf 80' lang='grc' dir='ltr'>εὑρήσομεν,</span> <span class='ocrx_word' id='word_1_126' title='bbox 546 1959 697 2039; x_wconf 78' lang='grc' dir='ltr'>εὔκολον</span> <span class='ocrx_word' id='word_1_127' title='bbox 715 1963 800 2040; x_wconf 80' lang='grc' dir='ltr'>ἰδεῖν</span> <span class='ocrx_word' id='word_1_128' title='bbox 821 1959 865 2066; x_wconf 81' lang='grc' dir='ltr'>ἐξ</span> <span class='ocrx_word' id='word_1_129' title='bbox 884 1957 935 2040; x_wconf 84' lang='grc' dir='ltr'>ὧν</span> <span class='ocrx_word' id='word_1_130' title='bbox 962 1958 1027 2043; x_wconf 80' lang='grc' dir='ltr'>τὰς</span> <span class='ocrx_word' id='word_1_131' title='bbox 1055 1961 1098 2040; x_wconf 86' lang='grc' dir='ltr'>δι’</span> <span class='ocrx_word' id='word_1_132' title='bbox 1117 1957 1276 2056; x_wconf 76' lang='grc' dir='ltr'>αἱμάτων</span> <span class='ocrx_word' id='word_1_133' title='bbox 1302 1962 1516 2060; x_wconf 87' lang='grc' dir='ltr'>παρωθεῖται</span> 
     </span>
     <span class='ocr_line' id='line_1_15' title="bbox 318 2079 1518 2187; baseline 0.003 -27"><span class='ocrx_word' id='word_1_134' title='bbox 318 2079 446 2165; x_wconf 84' lang='grc' dir='ltr'>θυσίαις</span> <span class='ocrx_word' id='word_1_135' title='bbox 464 2084 524 2162; x_wconf 86' lang='grc' dir='ltr'>καὶ</span> <span class='ocrx_word' id='word_1_136' title='bbox 541 2089 615 2164; x_wconf 80' lang='grc' dir='ltr'>πᾶν</span> <span class='ocrx_word' id='word_1_137' title='bbox 633 2079 724 2168; x_wconf 74' lang='grc' dir='ltr'>εἶδός</span> <span class='ocrx_word' id='word_1_138' title='bbox 740 2087 986 2187; x_wconf 80' lang='grc' dir='ltr'>προσαγωγῆς</span> <span class='ocrx_word' id='word_1_139' title='bbox 1004 2084 1158 2187; x_wconf 83' lang='grc' dir='ltr'>γεώδους</span> <span class='ocrx_word' id='word_1_140' title='bbox 1176 2115 1215 2162; x_wconf 87' lang='grc' dir='ltr'>τε</span> <span class='ocrx_word' id='word_1_141' title='bbox 1234 2084 1292 2161; x_wconf 80' lang='grc' dir='ltr'>καὶ</span> <span class='ocrx_word' id='word_1_142' title='bbox 1308 2082 1518 2179; x_wconf 79' lang='grc' dir='ltr'>σωματικῆς</span> 
     </span>
     <span class='ocr_line' id='line_1_16' title="bbox 318 2200 1575 2314; baseline -0.003 -31"><span class='ocrx_word' id='word_1_143' title='bbox 318 2214 340 2250; x_wconf 86' lang='grc'><strong>“</strong></span> <span class='ocrx_word' id='word_1_144' title='bbox 353 2200 435 2284; x_wconf 84' lang='grc' dir='ltr'>Ἵνα</span> <span class='ocrx_word' id='word_1_145' title='bbox 460 2205 499 2285; x_wconf 90' lang='grc' dir='ltr'>τί</span> <span class='ocrx_word' id='word_1_146' title='bbox 520 2205 592 2309; x_wconf 91' lang='grc' dir='ltr'>γάρ</span> <span class='ocrx_word' id='word_1_147' title='bbox 609 2241 681 2306; x_wconf 91' lang='grc' dir='ltr'>μοι,</span> <span class='ocrx_word' id='word_1_148' title='bbox 701 2212 809 2314; x_wconf 78' lang='grc' dir='ltr'>φησὶ,</span> <span class='ocrx_word' id='word_1_149' title='bbox 829 2208 981 2304; x_wconf 84' lang='grc' dir='ltr'>λίβανον</span> <span class='ocrx_word' id='word_1_150' title='bbox 998 2211 1037 2288; x_wconf 88' lang='grc' dir='ltr'>ἐκ</span> <span class='ocrx_word' id='word_1_151' title='bbox 1055 2215 1160 2305; x_wconf 82' lang='grc' dir='ltr'>σαβᾶ</span> <span class='ocrx_word' id='word_1_152' title='bbox 1178 2205 1301 2312; x_wconf 81' lang='grc' dir='ltr'>φέρετε</span> <span class='ocrx_word' id='word_1_153' title='bbox 1320 2207 1377 2284; x_wconf 80' lang='grc' dir='ltr'>καὶ</span> <span class='ocrx_word' id='word_1_154' title='bbox 1395 2201 1513 2282; x_wconf 87' lang='grc' dir='ltr'>κιυνά-</span> <span class='ocrx_word' id='word_1_155' title='bbox 1534 2234 1575 2294; x_wconf 81' lang='lat'>¹5</span> 
     </span>
     <span class='ocr_line' id='line_1_17' title="bbox 315 2327 1518 2435; baseline -0.003 -26"><span class='ocrx_word' id='word_1_156' title='bbox 315 2337 341 2428; x_wconf 23' lang='lat'>&#39;⁶‘</span> <span class='ocrx_word' id='word_1_157' title='bbox 358 2363 484 2428; x_wconf 88' lang='grc' dir='ltr'>μωμον</span> <span class='ocrx_word' id='word_1_158' title='bbox 513 2333 552 2411; x_wconf 89' lang='grc' dir='ltr'>ἐκ</span> <span class='ocrx_word' id='word_1_159' title='bbox 581 2335 647 2434; x_wconf 88' lang='grc' dir='ltr'>γῆς</span> <span class='ocrx_word' id='word_1_160' title='bbox 677 2331 881 2435; x_wconf 73' lang='grc' dir='ltr'>μακρόθεν,</span> <span class='ocrx_word' id='word_1_161' title='bbox 927 2331 973 2413; x_wconf 81' lang='grc' dir='ltr'>τά</span> <span class='ocrx_word' id='word_1_162' title='bbox 1007 2329 1288 2428; x_wconf 76' lang='grc' dir='ltr'>ὁλοκαυτώματα</span> <span class='ocrx_word' id='word_1_163' title='bbox 1322 2330 1420 2426; x_wconf 78' lang='grc' dir='ltr'>ὑμῶν</span> <span class='ocrx_word' id='word_1_164' title='bbox 1452 2327 1518 2406; x_wconf 79' lang='grc' dir='ltr'>οὐκ</span> 
     </span>
     <span class='ocr_line' id='line_1_18' title="bbox 317 2452 1507 2562; baseline 0.002 -31"><span class='ocrx_word' id='word_1_165' title='bbox 317 2462 340 2550; x_wconf 63' lang='lat' dir='ltr'>f‘</span> <span class='ocrx_word' id='word_1_166' title='bbox 359 2456 429 2532; x_wconf 78' lang='grc' dir='ltr'>εἰσὶ</span> <span class='ocrx_word' id='word_1_167' title='bbox 448 2452 564 2552; x_wconf 81' lang='grc' dir='ltr'>δεκτθι,</span> <span class='ocrx_word' id='word_1_168' title='bbox 584 2459 642 2534; x_wconf 77' lang='grc' dir='ltr'>καί</span> <span class='ocrx_word' id='word_1_169' title='bbox 661 2462 698 2536; x_wconf 80' lang='grc' dir='ltr'>αἱ</span> <span class='ocrx_word' id='word_1_170' title='bbox 720 2458 843 2537; x_wconf 91' lang='grc' dir='ltr'>θυσίαι</span> <span class='ocrx_word' id='word_1_171' title='bbox 862 2458 962 2556; x_wconf 82' lang='grc' dir='ltr'>ὑμῶν</span> <span class='ocrx_word' id='word_1_172' title='bbox 981 2457 1048 2562; x_wconf 81' lang='grc' dir='ltr'>οὐχ</span> <span class='ocrx_word' id='word_1_173' title='bbox 1067 2452 1199 2556; x_wconf 83' lang='grc' dir='ltr'>ἥδυνάν</span> <span class='ocrx_word' id='word_1_174' title='bbox 1217 2454 1295 2553; x_wconf 90' lang='grc' dir='ltr'>με.”</span> <span class='ocrx_word' id='word_1_175' title='bbox 1504 2553 1507 2560; x_wconf 22' lang='lat'><strong>⁴</strong></span> 
     </span>
     <span class='ocr_line' id='line_1_19' title="bbox 314 2577 1517 2686; baseline 0 -32"><span class='ocrx_word' id='word_1_176' title='bbox 314 2647 317 2654; x_wconf 85' lang='lat'><strong>.</strong></span> <span class='ocrx_word' id='word_1_177' title='bbox 375 2582 448 2659; x_wconf 82' lang='grc' dir='ltr'>Καὶ</span> <span class='ocrx_word' id='word_1_178' title='bbox 475 2577 589 2661; x_wconf 81' lang='grc' dir='ltr'>ταῦτά</span> <span class='ocrx_word' id='word_1_179' title='bbox 616 2588 748 2686; x_wconf 82' lang='grc' dir='ltr'>φαμεν,</span> <span class='ocrx_word' id='word_1_180' title='bbox 777 2582 820 2660; x_wconf 82' lang='grc' dir='ltr'>οὐ</span> <span class='ocrx_word' id='word_1_181' title='bbox 846 2580 913 2680; x_wconf 86' lang='grc' dir='ltr'>τῆν</span> <span class='ocrx_word' id='word_1_182' title='bbox 940 2582 1089 2684; x_wconf 90' lang='grc' dir='ltr'>πρώτην</span> <span class='ocrx_word' id='word_1_183' title='bbox 1113 2582 1171 2659; x_wconf 84' lang='grc' dir='ltr'>καὶ</span> <span class='ocrx_word' id='word_1_184' title='bbox 1201 2578 1317 2660; x_wconf 85' lang='grc' dir='ltr'>πάλαι</span> <span class='ocrx_word' id='word_1_185' title='bbox 1346 2579 1517 2656; x_wconf 89' lang='grc' dir='ltr'>δοθεῖσαν</span> 
     </span>
     <span class='ocr_line' id='line_1_20' title="bbox 282 2703 1514 2808; baseline -0.005 -23"><span class='ocrx_word' id='word_1_186' title='bbox 282 2704 543 2808; x_wconf 78' lang='grc' dir='ltr'>ᾰάτιμάζοντες</span> <span class='ocrx_word' id='word_1_187' title='bbox 570 2705 730 2807; x_wconf 83' lang='grc' dir='ltr'>ἐντολὴν,</span> <span class='ocrx_word' id='word_1_188' title='bbox 749 2708 828 2786; x_wconf 80' lang='grc' dir='ltr'>οὔτε</span> <span class='ocrx_word' id='word_1_189' title='bbox 856 2704 928 2805; x_wconf 80' lang='grc' dir='ltr'>μὴν</span> <span class='ocrx_word' id='word_1_190' title='bbox 946 2715 1010 2786; x_wconf 84' lang='grc' dir='ltr'>τοῦ</span> <span class='ocrx_word' id='word_1_191' title='bbox 1038 2704 1149 2802; x_wconf 91' lang='grc' dir='ltr'>νόμον</span> <span class='ocrx_word' id='word_1_192' title='bbox 1173 2708 1383 2805; x_wconf 87' lang='grc' dir='ltr'>κατηγορεῖν</span> <span class='ocrx_word' id='word_1_193' title='bbox 1402 2703 1514 2801; x_wconf 80' lang='grc' dir='ltr'>ἔγνω·</span> 
     </span>
     <span class='ocr_line' id='line_1_21' title="bbox 318 2825 1576 2934; baseline -0.003 -26"><span class='ocrx_word' id='word_1_194' title='bbox 318 2825 428 2924; x_wconf 89' lang='grc' dir='ltr'>κότες,</span> <span class='ocrx_word' id='word_1_195' title='bbox 446 2830 555 2909; x_wconf 90' lang='grc' dir='ltr'>ἐκεῖνο</span> <span class='ocrx_word' id='word_1_196' title='bbox 580 2827 618 2909; x_wconf 80' lang='grc' dir='ltr'>δὲ</span> <span class='ocrx_word' id='word_1_197' title='bbox 642 2837 789 2927; x_wconf 76' lang='grc' dir='ltr'>μᾶλλον</span> <span class='ocrx_word' id='word_1_198' title='bbox 816 2837 888 2914; x_wconf 89' lang='grc' dir='ltr'>τοῖς</span> <span class='ocrx_word' id='word_1_199' title='bbox 914 2827 1150 2934; x_wconf 77' lang='grc' dir='ltr'>ἀκροωμένοις</span> <span class='ocrx_word' id='word_1_200' title='bbox 1173 2828 1356 2910; x_wconf 86' lang='grc' dir='ltr'>ἐθέλοντες</span> <span class='ocrx_word' id='word_1_201' title='bbox 1378 2827 1512 2924; x_wconf 82' lang='grc' dir='ltr'>ῖτπυδη-</span> <span class='ocrx_word' id='word_1_202' title='bbox 1532 2853 1576 2898; x_wconf 84' lang='lat'>²0</span> 
     </span>
     <span class='ocr_line' id='line_1_22' title="bbox 317 2949 1518 3053; baseline 0.003 -24"><span class='ocrx_word' id='word_1_203' title='bbox 317 2959 419 3049; x_wconf 85' lang='grc' dir='ltr'>λοῦν,</span> <span class='ocrx_word' id='word_1_204' title='bbox 437 2951 492 3031; x_wconf 83' lang='grc' dir='ltr'>ὅτι</span> <span class='ocrx_word' id='word_1_205' title='bbox 519 2961 584 3032; x_wconf 86' lang='grc' dir='ltr'>τοῖν</span> <span class='ocrx_word' id='word_1_206' title='bbox 610 2952 756 3034; x_wconf 89' lang='grc' dir='ltr'>πάντων</span> <span class='ocrx_word' id='word_1_207' title='bbox 775 2951 970 3035; x_wconf 88' lang='grc' dir='ltr'>Δεσπότον</span> <span class='ocrx_word' id='word_1_208' title='bbox 988 2959 1084 3033; x_wconf 83' lang='grc' dir='ltr'>Θεοῦ</span> <span class='ocrx_word' id='word_1_209' title='bbox 1110 2951 1202 3053; x_wconf 84' lang='grc' dir='ltr'>πρὸς</span> <span class='ocrx_word' id='word_1_210' title='bbox 1229 2949 1340 3050; x_wconf 90' lang='grc' dir='ltr'>μόνον</span> <span class='ocrx_word' id='word_1_211' title='bbox 1365 2950 1518 3053; x_wconf 80' lang='grc' dir='ltr'>ὁρῶντος</span> 
     </span>
     <span class='ocr_line' id='line_1_23' title="bbox 245 3071 1519 3180; baseline -0.005 -22"><span class='ocrx_word' id='word_1_212' title='bbox 245 3124 248 3130; x_wconf 90' lang='grc'><em>·</em></span> <span class='ocrx_word' id='word_1_213' title='bbox 318 3077 382 3174; x_wconf 81' lang='grc' dir='ltr'>τῆς</span> <span class='ocrx_word' id='word_1_214' title='bbox 418 3076 649 3180; x_wconf 82' lang='grc' dir='ltr'>εὐαγγελικῆς</span> <span class='ocrx_word' id='word_1_215' title='bbox 684 3079 866 3166; x_wconf 88' lang='grc' dir='ltr'>πολιτείας</span> <span class='ocrx_word' id='word_1_216' title='bbox 898 3076 940 3156; x_wconf 82' lang='grc' dir='ltr'>τὸ</span> <span class='ocrx_word' id='word_1_217' title='bbox 973 3076 1121 3174; x_wconf 87' lang='grc' dir='ltr'>κάλλος,</span> <span class='ocrx_word' id='word_1_218' title='bbox 1155 3079 1214 3157; x_wconf 83' lang='grc' dir='ltr'>καὶ</span> <span class='ocrx_word' id='word_1_219' title='bbox 1246 3081 1279 3156; x_wconf 87' lang='grc' dir='ltr'>οί</span> <span class='ocrx_word' id='word_1_220' title='bbox 1311 3072 1371 3155; x_wconf 81' lang='grc' dir='ltr'>διὰ</span> <span class='ocrx_word' id='word_1_221' title='bbox 1408 3071 1519 3172; x_wconf 91' lang='grc' dir='ltr'>νόμου</span> 
     </span>
     <span class='ocr_line' id='line_1_24' title="bbox 261 3197 1519 3303; baseline 0 -27"><span class='ocrx_word' id='word_1_222' title='bbox 261 3201 264 3207; x_wconf 73' lang='grc'><strong>’</strong></span> <span class='ocrx_word' id='word_1_223' title='bbox 318 3199 563 3301; x_wconf 87' lang='grc' dir='ltr'>τεθηρευμένοι</span> <span class='ocrx_word' id='word_1_224' title='bbox 608 3199 700 3303; x_wconf 78' lang='grc' dir='ltr'>πρὸς</span> <span class='ocrx_word' id='word_1_225' title='bbox 745 3199 810 3303; x_wconf 86' lang='grc' dir='ltr'>τῆν</span> <span class='ocrx_word' id='word_1_226' title='bbox 846 3203 884 3282; x_wconf 85' lang='grc' dir='ltr'>ἐν</span> <span class='ocrx_word' id='word_1_227' title='bbox 920 3208 1039 3285; x_wconf 85' lang='grc' dir='ltr'>σκιαῖς</span> <span class='ocrx_word' id='word_1_228' title='bbox 1085 3209 1143 3282; x_wconf 81' lang='grc' dir='ltr'>καὶ</span> <span class='ocrx_word' id='word_1_229' title='bbox 1185 3199 1310 3284; x_wconf 85' lang='grc' dir='ltr'>τόποις</span> <span class='ocrx_word' id='word_1_230' title='bbox 1347 3197 1519 3297; x_wconf 82' lang='grc' dir='ltr'>ἀνόνητον</span> 
     </span>
     <span class='ocr_line' id='line_1_25' title="bbox 320 3322 1518 3431; baseline 0.003 -31"><span class='ocrx_word' id='word_1_231' title='bbox 320 3323 490 3422; x_wconf 89' lang='grc' dir='ltr'>λατρείαν</span> <span class='ocrx_word' id='word_1_232' title='bbox 527 3324 564 3400; x_wconf 89' lang='grc' dir='ltr'>ἐν</span> <span class='ocrx_word' id='word_1_233' title='bbox 602 3323 672 3431; x_wconf 84' lang='grc' dir='ltr'>’ίσιρ</span> <span class='ocrx_word' id='word_1_234' title='bbox 708 3359 786 3409; x_wconf 92' lang='grc' dir='ltr'>πως</span> <span class='ocrx_word' id='word_1_235' title='bbox 818 3323 972 3405; x_wconf 86' lang='grc' dir='ltr'>τέθειντο</span> <span class='ocrx_word' id='word_1_236' title='bbox 1003 3332 1077 3409; x_wconf 89' lang='grc' dir='ltr'>τοῖς</span> <span class='ocrx_word' id='word_1_237' title='bbox 1109 3328 1209 3405; x_wconf 79' lang='grc' dir='ltr'>οὔπω</span> <span class='ocrx_word' id='word_1_238' title='bbox 1246 3322 1518 3427; x_wconf 85' lang='grc' dir='ltr'>τεθηρευμένοις,</span> 
     </span>
     <span class='ocr_line' id='line_1_26' title="bbox 148 3441 1577 3553; baseline 0.004 -31"><span class='ocrx_word' id='word_1_239' title='bbox 148 3470 263 3522; x_wconf 52' lang='lat' dir='ltr'>fleniz.</span> <span class='ocrx_word' id='word_1_240' title='bbox 320 3443 424 3548; x_wconf 87' lang='grc' dir='ltr'>άχρις</span> <span class='ocrx_word' id='word_1_241' title='bbox 446 3441 491 3523; x_wconf 80' lang='grc' dir='ltr'>ἂν</span> <span class='ocrx_word' id='word_1_242' title='bbox 510 3445 530 3523; x_wconf 88' lang='grc' dir='ltr'><strong>ὁ</strong></span> <span class='ocrx_word' id='word_1_243' title='bbox 549 3450 612 3545; x_wconf 87' lang='grc' dir='ltr'>τῆς</span> <span class='ocrx_word' id='word_1_244' title='bbox 639 3447 862 3550; x_wconf 88' lang='grc' dir='ltr'>διορθώσεως</span> <span class='ocrx_word' id='word_1_245' title='bbox 889 3444 1083 3553; x_wconf 79' lang='grc' dir='ltr'>ἐπιλάμψῃ</span> <span class='ocrx_word' id='word_1_246' title='bbox 1109 3446 1240 3552; x_wconf 81' lang='grc' dir='ltr'>καιρὸς,</span> <span class='ocrx_word' id='word_1_247' title='bbox 1265 3447 1433 3548; x_wconf 86' lang='grc' dir='ltr'>λέγοντος</span> <span class='ocrx_word' id='word_1_248' title='bbox 1457 3447 1515 3524; x_wconf 84' lang='grc' dir='ltr'>ε’ν-</span> <span class='ocrx_word' id='word_1_249' title='bbox 1535 3467 1577 3528; x_wconf 83' lang='lat'>25</span> 
     </span>
     <span class='ocr_line' id='line_1_27' title="bbox 149 3551 1519 3680; baseline 0.002 -34"><span class='ocrx_word' id='word_1_250' title='bbox 149 3551 232 3680; x_wconf 56' lang='grc' dir='ltr'>ἔζη».</span> <span class='ocrx_word' id='word_1_251' title='bbox 321 3574 441 3670; x_wconf 88' lang='grc' dir='ltr'>αργώς</span> <span class='ocrx_word' id='word_1_252' title='bbox 470 3577 534 3648; x_wconf 86' lang='grc' dir='ltr'>τοῦ</span> <span class='ocrx_word' id='word_1_253' title='bbox 555 3575 731 3671; x_wconf 83' lang='grc' dir='ltr'>Χριστοῦ,</span> <span class='ocrx_word' id='word_1_254' title='bbox 762 3570 820 3662; x_wconf 81' lang='grc' dir='ltr'>ὅτε</span> <span class='ocrx_word' id='word_1_255' title='bbox 850 3571 996 3673; x_wconf 87' lang='grc' dir='ltr'>γέγονεν</span> <span class='ocrx_word' id='word_1_256' title='bbox 1024 3572 1212 3675; x_wconf 82' lang='grc' dir='ltr'>ἅνθρωπος</span> <span class='ocrx_word' id='word_1_257' title='bbox 1241 3569 1373 3673; x_wconf 88' lang='grc' dir='ltr'>“Ἐγώ</span> <span class='ocrx_word' id='word_1_258' title='bbox 1400 3577 1469 3668; x_wconf 85' lang='grc' dir='ltr'>είμι</span> <span class='ocrx_word' id='word_1_259' title='bbox 1496 3570 1519 3671; x_wconf 90' lang='grc' dir='ltr'>ῆ</span> 
     </span>
     <span class='ocr_line' id='line_1_28' title="bbox 149 3665 1521 3798; baseline 0.001 -27"><span class='ocrx_word' id='word_1_260' title='bbox 149 3665 234 3718; x_wconf 79' lang='lat' dir='ltr'><strong>nv.6.</strong></span> <span class='ocrx_word' id='word_1_261' title='bbox 290 3701 344 3762; x_wconf 78' lang='lat'>0“</span> <span class='ocrx_word' id='word_1_262' title='bbox 362 3689 547 3792; x_wconf 82' lang='grc' dir='ltr'>ἀλῆθεια.”</span> <span class='ocrx_word' id='word_1_263' title='bbox 588 3701 616 3774; x_wconf 83' lang='grc' dir='ltr'>εί</span> <span class='ocrx_word' id='word_1_264' title='bbox 645 3693 682 3775; x_wconf 88' lang='grc' dir='ltr'>δέ</span> <span class='ocrx_word' id='word_1_265' title='bbox 711 3697 767 3774; x_wconf 86' lang='grc' dir='ltr'>δεῖ</span> <span class='ocrx_word' id='word_1_266' title='bbox 788 3693 925 3780; x_wconf 79' lang='grc' dir='ltr'>τούτοις</span> <span class='ocrx_word' id='word_1_267' title='bbox 954 3699 1014 3774; x_wconf 76' lang='grc' dir='ltr'>καὶ</span> <span class='ocrx_word' id='word_1_268' title='bbox 1043 3694 1163 3798; x_wconf 81' lang='grc' dir='ltr'>ἕτερόν</span> <span class='ocrx_word' id='word_1_269' title='bbox 1195 3729 1231 3775; x_wconf 89' lang='grc' dir='ltr'>τι</span> <span class='ocrx_word' id='word_1_270' title='bbox 1260 3697 1425 3791; x_wconf 85' lang='grc' dir='ltr'>ἐπειπεῖν,</span> <span class='ocrx_word' id='word_1_271' title='bbox 1455 3695 1521 3774; x_wconf 82' lang='grc' dir='ltr'>οὐκ</span> 
     </span>
     <span class='ocr_line' id='line_1_29' title="bbox 321 3814 1520 3924; baseline 0.004 -29"><span class='ocrx_word' id='word_1_272' title='bbox 321 3814 466 3916; x_wconf 83' lang='grc' dir='ltr'>ὀκνήσω</span> <span class='ocrx_word' id='word_1_273' title='bbox 494 3815 552 3896; x_wconf 80' lang='grc' dir='ltr'>διὰ</span> <span class='ocrx_word' id='word_1_274' title='bbox 580 3817 622 3897; x_wconf 83' lang='grc' dir='ltr'>τό</span> <span class='ocrx_word' id='word_1_275' title='bbox 649 3817 841 3924; x_wconf 83' lang='grc' dir='ltr'>χρήσιμον.</span> <span class='ocrx_word' id='word_1_276' title='bbox 882 3823 914 3899; x_wconf 88' lang='grc' dir='ltr'>οί</span> <span class='ocrx_word' id='word_1_277' title='bbox 942 3818 1033 3922; x_wconf 80' lang='grc' dir='ltr'>πρὸς</span> <span class='ocrx_word' id='word_1_278' title='bbox 1061 3818 1127 3920; x_wconf 88' lang='grc' dir='ltr'>τῆν</span> <span class='ocrx_word' id='word_1_279' title='bbox 1155 3822 1194 3900; x_wconf 89' lang='grc' dir='ltr'>ἐκ</span> <span class='ocrx_word' id='word_1_280' title='bbox 1223 3818 1333 3918; x_wconf 87' lang='grc' dir='ltr'>νόμον</span> <span class='ocrx_word' id='word_1_281' title='bbox 1359 3817 1520 3920; x_wconf 84' lang='grc' dir='ltr'>μάθησιν</span> 
     </span>
     <span class='ocr_line' id='line_1_30' title="bbox 321 3940 1519 4041; baseline 0.002 -20"><span class='ocrx_word' id='word_1_282' title='bbox 321 3940 529 4040; x_wconf 85' lang='grc' dir='ltr'>κεκλημένοι</span> <span class='ocrx_word' id='word_1_283' title='bbox 557 3940 615 4022; x_wconf 81' lang='grc' dir='ltr'>διδ</span> <span class='ocrx_word' id='word_1_284' title='bbox 646 3941 843 4041; x_wconf 90' lang='grc' dir='ltr'>Μωυσέως,</span> <span class='ocrx_word' id='word_1_285' title='bbox 874 3945 932 4024; x_wconf 85' lang='grc' dir='ltr'>καὶ</span> <span class='ocrx_word' id='word_1_286' title='bbox 961 3941 1070 4024; x_wconf 82' lang='grc' dir='ltr'>αὐτόν</span> <span class='ocrx_word' id='word_1_287' title='bbox 1098 3943 1162 4023; x_wconf 85' lang='grc' dir='ltr'>τὸν</span> <span class='ocrx_word' id='word_1_288' title='bbox 1192 3943 1341 4036; x_wconf 82' lang='grc' dir='ltr'>δοθέντα</span> <span class='ocrx_word' id='word_1_289' title='bbox 1372 3943 1519 4024; x_wconf 84' lang='grc' dir='ltr'>διαπτό-</span> 
     </span>
     <span class='ocr_line' id='line_1_31' title="bbox 322 4063 1581 4173; baseline 0.002 -28"><span class='ocrx_word' id='word_1_290' title='bbox 322 4099 453 4148; x_wconf 89' lang='grc' dir='ltr'>σαντες</span> <span class='ocrx_word' id='word_1_291' title='bbox 477 4063 587 4166; x_wconf 86' lang='grc' dir='ltr'>νόμον</span> <span class='ocrx_word' id='word_1_292' title='bbox 605 4071 663 4147; x_wconf 79' lang='grc' dir='ltr'>καὶ</span> <span class='ocrx_word' id='word_1_293' title='bbox 681 4072 871 4173; x_wconf 80' lang='grc' dir='ltr'>μονονουχὶ</span> <span class='ocrx_word' id='word_1_294' title='bbox 890 4066 1013 4149; x_wconf 80' lang='grc' dir='ltr'>πλατὺ</span> <span class='ocrx_word' id='word_1_295' title='bbox 1031 4074 1208 4170; x_wconf 81' lang='grc' dir='ltr'>γελῶντες</span> <span class='ocrx_word' id='word_1_296' title='bbox 1227 4067 1318 4149; x_wconf 78' lang='grc' dir='ltr'>κατὰ</span> <span class='ocrx_word' id='word_1_297' title='bbox 1336 4073 1399 4168; x_wconf 86' lang='grc' dir='ltr'>τῆς</span> <span class='ocrx_word' id='word_1_298' title='bbox 1417 4069 1522 4171; x_wconf 84' lang='grc' dir='ltr'>ἁγίας</span> <span class='ocrx_word' id='word_1_299' title='bbox 1536 4107 1581 4165; x_wconf 76' lang='lat'>30</span> 
     </span>
     <span class='ocr_line' id='line_1_32' title="bbox 152 4189 1520 4334; baseline 0.005 -66"><span class='ocrx_word' id='word_1_300' title='bbox 152 4199 277 4334; x_wconf 49' lang='grc' dir='ltr'>ξέίέλδ·</span> <span class='ocrx_word' id='word_1_301' title='bbox 323 4191 481 4288; x_wconf 78' lang='grc' dir='ltr'>ἐντολῆς,</span> <span class='ocrx_word' id='word_1_302' title='bbox 499 4189 695 4293; x_wconf 85' lang='grc' dir='ltr'>ἐτράποντο</span> <span class='ocrx_word' id='word_1_303' title='bbox 718 4189 808 4294; x_wconf 82' lang='grc' dir='ltr'>πρὸς</span> <span class='ocrx_word' id='word_1_304' title='bbox 827 4191 1065 4276; x_wconf 89' lang='grc' dir='ltr'>διδασκαλίας</span> <span class='ocrx_word' id='word_1_305' title='bbox 1082 4189 1289 4292; x_wconf 84' lang='grc' dir='ltr'>ἐντάλματα</span> <span class='ocrx_word' id='word_1_306' title='bbox 1306 4193 1520 4296; x_wconf 80' lang='grc' dir='ltr'>ἀνθρώπων·</span> 
     </span>
     <span class='ocr_line' id='line_1_33' title="bbox 190 4303 1524 4419; baseline 0.01 -28"><span class='ocrx_word' id='word_1_307' title='bbox 190 4303 197 4316; x_wconf 62' lang='lat'>&#39;</span> <span class='ocrx_word' id='word_1_308' title='bbox 226 4303 232 4317; x_wconf 56' lang='lat'>⁸</span> <span class='ocrx_word' id='word_1_309' title='bbox 325 4313 553 4393; x_wconf 92' lang='grc' dir='ltr'>κατώλισθον</span> <span class='ocrx_word' id='word_1_310' title='bbox 575 4312 612 4393; x_wconf 89' lang='grc' dir='ltr'>δέ</span> <span class='ocrx_word' id='word_1_311' title='bbox 639 4314 731 4418; x_wconf 87' lang='grc' dir='ltr'>πρὸς</span> <span class='ocrx_word' id='word_1_312' title='bbox 758 4322 864 4394; x_wconf 84' lang='grc' dir='ltr'>τοῦτο</span> <span class='ocrx_word' id='word_1_313' title='bbox 891 4323 1057 4419; x_wconf 83' lang='grc' dir='ltr'>σκληρᾶς</span> <span class='ocrx_word' id='word_1_314' title='bbox 1085 4320 1143 4396; x_wconf 84' lang='grc' dir='ltr'>καὶ</span> <span class='ocrx_word' id='word_1_315' title='bbox 1171 4316 1345 4419; x_wconf 81' lang='grc' dir='ltr'>ἀτέγκτου</span> <span class='ocrx_word' id='word_1_316' title='bbox 1371 4323 1524 4419; x_wconf 85' lang='grc' dir='ltr'>βουλῆς,</span> 
     </span>
    </p>
   </div>
   <div class='ocr_carea' id='block_1_3' title="bbox 311 4535 1508 4630">
    <p class='ocr_par' dir='ltr' id='par_1_3' title="bbox 311 4535 1508 4630">
     <span class='ocr_line' id='line_1_34' title="bbox 311 4535 1508 4630; baseline 0.009 -29"><span class='ocrx_word' id='word_1_317' title='bbox 311 4535 317 4546; x_wconf 72' lang='grc'><strong>”</strong></span> <span class='ocrx_word' id='word_1_318' title='bbox 345 4561 386 4601; x_wconf 80' lang='lat'>11.</span> <span class='ocrx_word' id='word_1_319' title='bbox 405 4549 522 4604; x_wconf 77' lang='grc' dir='ltr'>τελοῦντι</span> <span class='ocrx_word' id='word_1_320' title='bbox 535 4539 636 4623; x_wconf 64' lang='grc' dir='ltr'>Μίμας.</span> <span class='ocrx_word' id='word_1_321' title='bbox 690 4554 760 4627; x_wconf 73' lang='grc' dir='ltr'>νόμη</span> <span class='ocrx_word' id='word_1_322' title='bbox 773 4549 837 4608; x_wconf 69' lang='lat' dir='ltr'>EAE.</span> <span class='ocrx_word' id='word_1_323' title='bbox 849 4549 901 4622; x_wconf 70' lang='lat' dir='ltr'>Ed.</span> <span class='ocrx_word' id='word_1_324' title='bbox 915 4571 970 4625; x_wconf 80' lang='lat' dir='ltr'>mg.</span> <span class='ocrx_word' id='word_1_325' title='bbox 983 4556 1060 4624; x_wconf 74' lang='grc' dir='ltr'>νόμος</span> <span class='ocrx_word' id='word_1_326' title='bbox 1074 4554 1125 4611; x_wconf 82' lang='grc' dir='ltr'>Εδ.</span> <span class='ocrx_word' id='word_1_327' title='bbox 1216 4543 1258 4628; x_wconf 66' lang='grc' dir='ltr'>ιἠ.</span> <span class='ocrx_word' id='word_1_328' title='bbox 1278 4553 1458 4630; x_wconf 71' lang='grc' dir='ltr'>τεθυμωμένοι</span> <span class='ocrx_word' id='word_1_329' title='bbox 1471 4555 1508 4620; x_wconf 78' lang='grc' dir='ltr'>Ε.</span> 
     </span>
    </p>
   </div>
   <div class='ocr_carea' id='block_1_4' title="bbox 0 0 1659 5130">
    <p class='ocr_par' dir='ltr' id='par_1_4' title="bbox 0 0 1659 5130">
     <span class='ocr_line' id='line_1_35' title="bbox 0 0 1659 5130; baseline 0 0"><span class='ocrx_word' id='word_1_330' title='bbox 0 0 1659 5130; x_wconf 95' lang='lat' dir='ltr'> </span> 
     </span>
    </p>
   </div>
  </div>
 </body>
</html>
