3294 5150
315 341 381 406 296
423 341 464 404 Β.
487 338 675 406 CYRILLI
700 339 966 405 ALEXANDR.
993 341 1276 406 FRAGMENTA
1318 340 1382 406 xiv.
1396 340 1518 422 16,17.

199 471 244 528 '10
255 467 303 526 Π.

204 581 302 655 16,17
342 573 439 640 Ἐττεί
463 573 523 641 ἐὰν
550 575 729 666 εὐλοτιίοιρα
755 577 804 659 τῷ
830 575 999 656 πνεύματι,
1026 575 1045 643 ὁ
1071 576 1272 666 ἀναπληρῶν
1298 575 1354 640 τὸν
1381 573 1487 640 τόπον

612 703 669 764 τοῦ
694 696 826 765 ἰδιώτου
853 701 925 765 ττώο
954 697 1022 790 ἐρεῖ
1047 701 1086 768 τὸ
1112 701 1220 782 (ἰμιίν;

368 868 499 967 Ὅταν,
513 871 640 976 φησίν,
654 869 760 955 αὐτὸς
776 867 843 970 μέν
860 870 1022 977 γλώσση
1039 874 1169 976 λαλῇς,
1188 872 1208 950 ῖι
1227 868 1340 974 γεμὴν
1356 871 1394 948 ἐν
1410 864 1518 974 τάξει

317 1001 363 1099 τῇ
389 1002 453 1074 τού
480 1000 608 1074 λαῖκού
634 993 800 1092 κείμενος,
819 998 849 1072 εἰ
874 992 941 1093 τὴν
963 993 1037 1095 σὴν
1058 997 1122 1074 οὐκ
1148 995 1253 1093 εἰδείη
1280 990 1415 1099 φωνὴν,
1432 997 1518 1074 πῶς

316 1116 657 1221 προσυπακούσεται
685 1119 724 1198 τί
742 1115 847 1222 Ἀμίιν
872 1118 912 1197 ἐν
928 1125 1006 1203 ταῖς
1033 1121 1136 1202 ἰδίαις
1163 1117 1403 1224 εὐχαριστίαις
1430 1114 1555 1214 ἤτοι5

317 1249 558 1346 προσευχαῖς;
589 1240 644 1320 δτι
670 1240 743 1344 γὰρ
768 1246 846 1325 ταῖς
872 1247 946 1321 τῶν
968 1240 1173 1343 ἡγουμένων
1199 1242 1318 1345 εὐχαῖς
1345 1237 1409 1322 τοίς
1435 1243 1517 1316 τῶν

317 1364 387 1444 ὐπὸ
423 1373 524 1469 χεῖρα
560 1363 853 1466 ουγκαταλήγειν
884 1364 964 1449 ἐθος
1000 1367 1039 1444 ἐν
1070 1364 1277 1464 ἐκκλησίαις
1312 1361 1423 1442 παντί
1457 1394 1515 1466 τῳ

316 1489 445 1592 σαφές.
476 1486 797 1590 προστητακούουσι
814 1485 887 1590 γὰρ
904 1486 948 1567 τό
965 1486 1074 1588 Ἀμὴν
1091 1495 1169 1571 ταῖς
1186 1488 1319 1566 ἑαυτῶν
1336 1481 1427 1588 πρὸς
1445 1480 1515 1562 τὸν

317 1608 414 1691 Θεὸν
432 1610 587 1695 ἱκετείαις
605 1609 648 1689 τὸ
675 1611 786 1714 πέρας
813 1607 1005 1713 ἐπάγοντες
1024 1616 1070 1714 τῇ
1096 1618 1160 1690 τού
1179 1607 1295 1714 ἰερέως
1318 1611 1432 1713 φωνῇ,
1450 1605 1514 1685 ἵνα

317 1736 363 1837 τῇ
380 1739 453 1812 τῶν
472 1733 590 1836 ἰερείον
606 1733 798 1834 τελειότητι
816 1732 859 1813 τδ
877 1740 1004 1814 δοκοῦν
1022 1735 1209 1830 ἐλλείπειν,
1227 1739 1302 1815 τοῖς
1319 1737 1392 1811 τῶν
1408 1735 1513 1809 λαῶν
1531 1775 1580 1818 10

319 1857 558 1962 ἀναπληρῷτο
591 1855 740 1958 μέτροις,
771 1859 830 1939 καὶ
859 1860 962 1937 οἷονεί
994 1856 1112 1942 “τούς
1141 1853 1287 1958 μικρούς
1317 1853 1407 1954 μετὰ
1435 1859 1514 1931 τῶν

319 1988 342 2025 “
358 1975 529 2080 μεγάλων
537 1979 557 2006 ”
592 1982 640 2062 ὡς
670 1980 708 2058 ἐν
738 1977 875 2079 ἐνότητι
905 1980 1105 2078 πνεύματος
1135 1975 1372 2082 παραδίχοιτο
1404 1973 1511 2058 Θεύς.

319 2108 397 2186 ταῖς
422 2100 495 2204 γὰρ
511 2106 585 2181 τοῖν
612 2101 730 2204 ἱερέων
756 2103 875 2207 εὐχαῖς
901 2100 966 2187 τὰς
993 2106 1127 2183 ἑαυτῶν
1151 2097 1451 2204 παραζευγνύντες
1474 2101 1512 2177 οῖ

319 2223 390 2306 ὐττύ
415 2233 516 2330 χεῖρα
545 2227 638 2322 λαοί,
666 2223 790 2310 δεκτδς
816 2225 967 2306 ἔσεσθαι
992 2224 1287 2308 πεπιστεύκασιν·
1322 2220 1436 2328 τούτφ
1456 2222 1512 2327 τῷ

318 2353 447 2456 σκοπῷ
475 2351 533 2428 καί
559 2347 728 2452 πενιχρὰς
751 2349 879 2433 θυσίας
902 2350 922 2428 ὁ
942 2347 1036 2434 Θεύς
1061 2348 1153 2454 πρὸς
1180 2346 1224 2428 τδ
1251 2345 1512 2447 θυσιαστήριον
1528 2389 1575 2449 15

318 2473 482 2553 ἐκέλευσε
508 2469 763 2573 προσάγεσθαι
787 2477 861 2550 τῶν
888 2470 1206 2570 ὁλοκαυτωμάτων,
1235 2471 1294 2550 ἵνα
1320 2467 1362 2549 τδ
1389 2465 1512 2572 βραχύ

318 2602 370 2703 τῷ
396 2596 520 2703 τελείῳ
548 2594 738 2696 συμμιγέν,
768 2592 893 2674 δεκτδν
925 2592 1069 2696 γίνηται
1096 2601 1148 2702 τῷ
1177 2598 1273 2701 Θεῷ·
1313 2592 1351 2673 ἐν
1377 2589 1448 2694 γὰρ
1476 2596 1514 2670 αὶ

318 2717 449 2802 πάντες
466 2716 577 2815 ἐσμέν
593 2721 631 2797 ἐν
652 2719 785 2825 Κυρίῳ.
816 2717 903 2797 ὐταν
918 2718 1052 2817 τοίνυν,
1072 2720 1179 2825 φησί,
1198 2715 1249 2797 σύ
1266 2715 1331 2816 μέν
1349 2712 1513 2818 γλώσσῃ

320 2847 449 2944 λαλῇς’
486 2849 594 2922 τοῦτο
620 2837 692 2944 γάρ
719 2843 819 2921 ἐστιν
845 2839 888 2919 τὸ
917 2845 1071 2943 εὐλογεῖν
1089 2839 1267 2947 πνεύματι·
1306 2837 1394 2938 ὁμὴ
1411 2835 1514 2920 εἰδὼς

321 2961 341 3041 δ
360 2961 443 3069 φῂς,
462 2962 538 3049 πύς
556 2965 618 3072 ἐρεῖ
632 2965 672 3044 τί
687 2962 792 3069 Ἀμην
810 2965 866 3044 ἐπὶ
887 2972 923 3074 τῇ
947 2959 1018 3074 ἰθίςι
1036 2965 1257 3074 εὐχαριστίοη
1287 2961 1430 3066 δράσεις
1445 2959 1514 3059 μὲν
1528 2999 1576 3040 20

197 3133 249 3168 ver,
260 3129 298 3183 ¹⁷·
320 3085 393 3189 γὰρ
409 3087 524 3186 ὀρθῶς
541 3084 656 3183 αὐτὸς,
676 3083 768 3165 κατά
784 3119 826 3188 γε
843 3082 914 3184 τὸν,
926 3085 1051 3167 ἐνόντα
1068 3121 1129 3166 σοι
1149 3094 1242 3184 νοῦν,
1255 3084 1355 3185 πλὴν
1372 3093 1388 3166 ἰ
1407 3083 1513 3192 ἕτερος

322 3212 380 3288 οὐκ
409 3204 643 3311 οἰκοδομεῖται.
684 3211 740 3288 δεῖ
763 3207 801 3288 δὲ
828 3207 873 3305 δὴ
897 3210 1017 3290 πάντα
1043 3211 1267 3314 πράττεσθαι
1293 3207 1384 3312 πρὸς
1410 3207 1514 3306 ἡμῶν

320 3335 369 3413 εἰς
387 3330 575 3432 οἰκοδομὴν
592 3335 650 3411 καί
668 3338 717 3415 εἰς
735 3331 862 3432 ὄνησιν
880 3334 1062 3440 ἀδελφῶν.

327 3645 335 3666 ‚
355 3574 459 3666 ³·.¹⁰.⁰·
472 3574 534 3666 τοι
543 3575 651 3666 ,αυγερ
663 3579 748 3647 φησιν
760 3576 815 3667 n„
851 3563 941 3636 τινα.
951 3579 986 3634 A.
1100 3598 1130 3670 ⁴:
1144 3583 1175 3650 vv*
1188 3597 1242 3634 om.
1251 3578 1296 3666 ιι.
1350 3576 1497 3646 ο-οοιηι

319 3647 729 3772 mm
740 3648 994 3799 νεοττοί...
1006 3648 1096 3774 ον·
1115 3653 1513 3799 νντοκννκα

322 3801 363 3840 ιν.
381 3787 410 3840 ἐν
425 3797 592 3856 assumptum
611 3805 644 3841 ex
663 3787 701 3842 H.
719 3805 766 3859 qm
781 3788 954 3861 παρεδέχοντο
972 3792 1038 3848 θεὸς
1049 3791 1083 3846 ὡς
1095 3791 1123 3845 ἐν
1134 3791 1233 3858 ἑνότητι
1248 3788 1390 3859 πνεύματος
1404 3804 1513 3843 ιιιτοτοο

318 3856 412 3910 ordine
423 3856 538 3912 exhibet.
642 3874 737 3928 ¹3-23·
755 3861 811 3914 τοῖς
821 3859 1030 3931 γὰρ-ἀδελφῶν
1042 3869 1180 3931 assumpta
1191 3877 1223 3914 ex
1237 3859 1275 3914 H.
1372 3875 1415 3929 ²3·
1433 3857 1513 3912 ὀδελ-

319 3925 391 3998 φῶν]
406 3927 547 3982 posthaec
564 3927 660 3998 panim
672 3930 715 3996 (ut
728 3928 805 3997 solet)
817 3931 911 4000 repetit
927 3931 962 3986 σύ
977 3931 1086 4001 μὲνγὰρ
1098 3933 1237 4018 δγλὸσση
1249 3932 1338 3984 λαλῶν
1349 3928 1512 3983 τουτέστινδ

319 3998 434 4068 εὐλογῶν
444 3997 567 4067 πνεύματτ
585 3997 667 4067 ὀρθῶς
677 4000 759 4054 ποιεῖς
771 4001 835 4054 κατὰ
849 4001 895 4054 τὸν
906 4000 955 4055 σδν
967 4005 1035 4065 νοῦν,
1048 4004 1063 4054 δ
1075 4001 1103 4054 δὲ
1115 4022 1203 4071 ετερος
1214 4001 1260 4055 οὐκ
1272 4000 1452 4070 οἰκοδομεῖται.
1471 3998 1514 4052 δεῖ

318 4068 347 4122 δέ
359 4070 441 4124 πάντα
452 4068 612 4140 τράπεσδαι
624 4069 660 4126 εἰς
671 4068 760 4138 ὄνησιν
771 4070 813 4124 καί
824 4070 960 4140 οἰκοδομὴν
970 4076 1022 4128 τῶν
1032 4071 1155 4142 ἀδελφῶν
1168 4070 1206 4126 Η.
