3280 5142
115 352 273 424 xviim.
311 357 371 422 IN
394 358 703 425 S.JOANNEM.
749 357 922 424 LIB.XI.
969 357 1170 423 CARXII.
1277 359 1320 421 33

116 521 319 620 σημαίνων.
359 527 402 605 ού
420 523 491 629 γάρ
507 522 583 631 ᾔδει
602 523 644 605 τὸ
664 525 834 628 ἁμαρτεῖν
853 525 873 604 ὁ
891 521 1107 627 κρινόμενος.
1149 526 1264 630 ἐρωτᾷ
1281 523 1320 602 δέ

115 649 189 752 περὶ
222 646 280 741 τῆς
314 643 461 748 διδαχῆς
494 650 604 746 αὐτοῦ,
633 646 786 751 πάτερόν
817 682 904 728 ποτε
935 655 1009 733 τοῖς
1041 647 1099 728 διά
1133 646 1320 732 Μωυσέως

113 770 259 876 ἀπῳδάς
285 774 366 854 ἐστι
392 772 524 872 νόμοις,
543 773 654 876 ἤγουν
671 777 745 856 τοῖς
771 768 886 851 πάλαι
910 773 1203 871 τεθεσπισμένοις
1229 772 1352 871 ὁμο-1)

112 891 249 994 στιβὴς
274 901 334 977 καὶ
358 899 572 1002 σύνδρομος,
592 899 650 976 καὶ
677 897 730 980 τίς
754 895 826 997 άρα
852 901 924 979 τοῖς
952 897 1010 976 ὑπ’
1031 898 1127 1004 αὐτῷ
1152 903 1315 998 μεμαθη·

81 1021 294 1118 5τευμένοις
321 1020 511 1127 ἐνυπάρχει
539 1019 687 1117 σκοπὸς,
716 1027 790 1104 τοῖς
818 1019 977 1124 ἀρχαίοις
1004 1019 1102 1101 ἔθεσι
1129 1024 1314 1123 παιδαγω-

114 1149 261 1246 γεῖσθαι
301 1151 430 1250 φιλεῖν,
473 1145 585 1249 ἤγουν
625 1141 706 1224 τινὰ
749 1141 854 1249 ξένην
895 1147 952 1222 καὶ
993 1147 1213 1245 καινοπρεπῆ
1254 1149 1319 1244 τῆς

116 1271 284 1370 λατρείας
311 1270 525 1368 ἐπιτηδεύειν
547 1267 613 1367 τὴν
636 1268 796 1369 ἀγωγήν.
829 1270 937 1349 ἐποίει
966 1267 1003 1351 δέ
1031 1279 1137 1350 τοῦτο
1165 1271 1319 1372 δυστρό-

115 1419 203 1477 πως·
234 1390 324 1502 ᾤετο
348 1391 420 1495 γὰρ
443 1393 497 1474 ὅτι
516 1400 658 1495 κατερεῖ
671 1392 737 1492 μέν
755 1395 913 1494 ἐναργῶς
932 1401 995 1472 τοῦ
1013 1393 1123 1492 νόμου
1140 1393 1315 1497 Χριστὸς,

115 1515 313 1619 ἀπόβλητα
331 1516 368 1598 δέ
387 1515 434 1598 τά
453 1515 513 1598 διὰ
532 1518 720 1601 Μωυσέως
739 1516 859 1614 εἰπὼν,
877 1516 983 1602 αὐτὸς
1010 1516 1091 1596 καθ’
1110 1518 1237 1597 ἑαυτοῦ
1255 1522 1318 1617 τῆς

67 1674 103 1714 ιο
115 1647 190 1721 τῶν
216 1640 399 1722 Ἰουδαίων
435 1642 705 1745 γλωσσαλγίας
744 1642 949 1740 ἀνακινήσει
985 1639 1132 1745 θράσος,
1164 1643 1222 1722 ἵνα
1260 1646 1319 1722 καὶ

118 1766 289 1868 φαίνηται
322 1764 454 1846 λοιπὸν
486 1766 623 1845 δικαίαν
657 1761 783 1869 ὥσπερ
815 1763 1004 1849 ἀποτιννύς
1034 1773 1099 1846 τοῦ
1131 1772 1319 1873 θεομαχεῖν

117 1889 267 1970 ἑλέσθαι
298 1889 366 1990 τὴν
393 1891 508 1992 δίκην.
562 1896 751 1995 θεομαχεῖν
785 1889 857 1992 γὰρ
894 1889 1057 1993 ἄντικρυς
1089 1887 1133 1990 ἦν
1166 1890 1208 1970 τὸ
1246 1899 1348 1976 τοῖςυ

117 2014 224 2097 θείοις
252 2010 524 2095 ἀντιτάττεσθαι
554 2012 684 2114 νόμοις,
713 2012 811 2117 εἴπερ
838 2047 891 2098 τις
917 2013 988 2115 άρα
1016 2016 1197 2094 τῶνκαθ’
1227 2015 1319 2113 ἡμᾶς

118 2137 197 2234 ἥλω
216 2171 252 2217 τι
268 2145 431 2218 τοιοῦτον
449 2135 558 2220 εῖπῶν
576 2135 599 2236 ἢ
618 2136 769 2242 δράσας.
811 2140 859 2221 ὦς
877 2137 1055 2246 ἀνθρώπῳ
1077 2137 1115 2218 δέ
1140 2137 1191 2218 ἐτι
1217 2144 1320 2245 ψιλῷ

70 2289 104 2345 15
117 2263 345 2366 προσέχουσι
370 2268 422 2369 τῷ
446 2267 611 2368 Χριστῷ,
635 2263 695 2341 καὶ
722 2259 785 2341 τὸν
806 2269 871 2342 τοῦ
899 2259 1009 2361 νάμου
1034 2261 1168 2366 Κύριον
1189 2265 1247 2343 ἐπὶ
1274 2265 1319 2368 τῇ

116 2393 182 2464 τοῦ
198 2382 312 2485 νάμου
329 2385 539 2489 παραβάσει
558 2386 700 2470 δικαίως
717 2386 871 2465 εὐθύνειν
891 2382 1104 2486 νομίζουσιν,
1124 2388 1164 2466 οὐ
1183 2421 1316 2487 μεμνη-

115 2510 215 2608 μένοι
251 2517 317 2589 τοῦ
354 2509 523 2610 λέγοντος
553 2519 574 2556 “
592 2505 753 2607 Ἀσεβὴς
789 2511 809 2588 ὁ
846 2510 965 2610 λέγων
1003 2514 1155 2603 βασιλεῖ
1187 2515 1312 2614 Παρα·
1365 2513 1435 2591 ΗΜ

1364 2595 1451 2629 mlv.

115 2642 137 2680 ιι
157 2630 314 2732 vom&
1367 2646 1405 2695 18.

111 2841 290 2929 Ἀπεκρίθη
319 2842 409 2926 αὐτῷ
435 2843 603 2908 ὁἸιιοοῡο
622 2841 712 2915 Ἒτὼ
738 2841 900 2932 παῤῥιιοίᾳ
928 2843 1095 2908 λελάλιικα
1123 2844 1171 2927 τῷ
1199 2843 1318 2928 κόσμῳ,
1335 2879 1372 2918 20

66 2995 104 3034 20
166 2969 235 3042 ἐτὼ
271 2969 413 3033 πάντοτε
448 2967 584 3036 ἐδίδαξα
617 2970 650 3033 ἐν
684 2971 852 3058 συνατωτιῇ
891 2967 944 3032 καί
975 2969 1009 3032 ὲν
1038 2972 1086 3053 τῷ
1117 2966 1203 3058 ἱερῷ,
1235 2971 1318 3035 ὅπου

166 3095 289 3160 πάντες
307 3090 462 3160 Ἰουδαῖοι
485 3095 705 3182 συνέρχονται,
725 3094 779 3159 καί
802 3093 838 3159 ἐν
858 3101 990 3181 κρυπτῷ
1008 3095 1152 3161 ἐλάλιιοα
1176 3094 1282 3160 οὐδέν.
1333 3185 1354 3250 d

183 3264 239 3344 Τὸ
281 3273 385 3363 πᾶσι,
423 3269 551 3371 φησίν,
595 3265 824 3368 ἐγνωσμένον
866 3269 914 3350 ὡς
957 3264 1091 3369 ἀφανές
1131 3264 1318 3368 ἐπιζητεῖν,

116 3396 250 3471 εῖκαῖον
284 3387 328 3469 ἀν
358 3390 433 3495 ἐχοι
470 3388 535 3469 τὸν
566 3387 689 3488 πόνον,
725 3396 782 3471 καὶ
822 3388 920 3498 ᾧπερ
952 3389 997 3469 ἀν
1034 3391 1154 3471 ἕποιτο
1190 3391 1232 3471 τὸ
1270 3390 1320 3490 μὴ

116 3517 327 3617 ἀγνοεῖσθαι
354 3513 476 3619 τυχὸν,
499 3521 577 3600 πῶς
606 3515 650 3594 ἀν
673 3515 724 3595 ἐτι
751 3516 905 3618 προσείη
933 3522 997 3594 τοῦ
1025 3521 1150 3596 λαθεῖν
1175 3516 1198 3616 ἦ
1228 3514 1314 3596 ὑπό·

68 3673 104 3732 25
118 3646 259 3745 ληφιςς
294 3641 353 3718 καὶ
382 3642 479 3719 δοκεῖ
502 3637 568 3738 μέν
588 3673 666 3724 πως
694 3640 776 3738 ἡμῖν
801 3641 902 3718 ταυτὶ
930 3637 974 3739 δὴ
1004 3637 1116 3745 φάναι
1141 3637 1317 3742 Χριστὸς,

119 3761 208 3865 ύπέρ
226 3770 290 3843 τοῦ
309 3761 372 3846 τὰς
392 3762 505 3846 αἰτίας
524 3759 829 3869 ἀποφορτίζεσθαι
854 3761 912 3843 διὰ
937 3767 1002 3860 τῆς
1026 3769 1098 3843 τῶν
1116 3762 1321 3864 ἡγουμένων

116 3888 291 3990 πονηρίας
325 3887 597 3985 συντεθειμένας
630 3921 668 3966 τε
701 3883 769 3988 ἤδη
802 3889 860 3966 καὶ
894 3885 1136 3992 δυσμηχάνως
1166 3886 1319 3993 ἐξηρτυ-

115 4012 238 4109 μένας·
269 4008 366 4110 οἶμαι
391 4010 437 4090 δέ
454 4045 489 4091 τι
514 4013 573 4090 καῖ
601 4011 721 4113 ἕτερον
740 4012 944 4110 ἀποδηλοῦν
962 4008 1021 4091 διὰ
1042 4011 1179 4090 τούτων
1196 4008 1317 4088 αὐτόν.

117 4135 185 4238 ky&
210 4134 283 4238 γάρ
309 4145 425 4238 φησιν
448 4137 478 4215 ἐν
501 4137 670 4244 παρρησία
696 4133 885 4230 λελάληκα
909 4143 958 4242 τῷ
986 4141 1116 4242 κίτμιρ,
1140 4132 1318 4229 τουτέστι,

68 4298 104 4354 30
115 4259 161 4339 τά
190 4257 248 4338 διὰ
276 4263 340 4358 τῆς
370 4259 559 4342 Μωυσέως
588 4261 670 4355 ὑμῖν
694 4261 873 4356 μεσιτείας
902 4256 1231 4364 κεχρησμῳδημένα
1261 4256 1320 4336 διὰ

152 4475 178 4522 ⁴·
197 4453 428 4524 μεραθητευμένοις
441 4453 473 4508 Ε.
486 4453 732 4523 μεμαθητευορένοις
746 4451 796 4506 Ed.
869 4453 895 4506 8.
915 4451 999 4522 ἀργῶς
1014 4452 1045 4506 Ε.
1120 4453 1204 4507 12-18
1217 4455 1280 4506 citat
1293 4473 1318 4522 p.

120 4541 162 4595 ¹7·
180 4521 309 4595 Ἀσεβὴς]
326 4531 355 4588 -Ι-
370 4525 444 4580 ἐστιν
455 4543 482 4594 p.
621 4541 662 4579 νο.
681 4522 721 4592 ἐν]
740 4529 766 4586 4
783 4527 813 4591 τῇ
828 4522 879 4576 Ed.
893 4523 977 4576 invito
992 4523 1022 4577 E.
1158 4541 1200 4592 23.
1220 4525 1274 4595 έχει
1289 4525 1319 4578 Ε.

117 4614 162 4668 3ο.
181 4595 238 4666 τῆς]
257 4603 284 4659 †
300 4599 347 4649 τοῦ
361 4595 411 4651 Ed.
425 4595 510 4650 invito
524 4595 555 4650 Ε.

161 4699 232 4742 v0L.
251 4699 302 4742 111.
717 4695 734 4738 F
