3284 5130
311 348 374 418 154
613 351 652 416 Β.
674 347 888 416 CYRILLI
917 345 1207 414 ALEXANDR.
1325 365 1378 407 xx.
1392 359 1510 428 30,31.

260 594 300 652 30
313 572 426 639 Πολλὰ
457 569 516 650 μὲν
544 567 601 638 οὖν
629 571 682 635 καί
713 571 799 636 ἄλλα
832 563 949 646 οιιμεῖα
980 566 1134 634 ἐποίησεν
1162 567 1180 632 ὁ
1207 565 1336 632 Ἰιιοοῦο
1366 560 1511 628 ὲνώτιιον

363 697 430 766 τῶν
462 697 617 774 μαθιιτών
649 697 759 774 αὐτοϋ,
786 695 807 759 ἃ
838 695 897 760 οὐκ
928 695 995 761 ἔστι
1026 693 1231 782 τετραμμένα
1261 690 1297 756 ἐν
1324 691 1372 773 τῷ
1400 686 1512 770 βιβλίῳ

261 840 297 899 31
364 825 481 909 τούτῳ.
516 827 618 889 ταῦτα
645 819 681 888 δὲ
709 822 884 909 τέτραπται
906 820 960 885 ίνα
983 820 1175 887 πιοτεύοιιτε
1202 819 1253 884 ὅτι
1272 815 1396 881 Ἰιιοοῦο
1421 811 1512 880 ἔστιν

364 950 382 1013 ὁ
404 947 540 1036 Χριστὸς
562 943 675 1014 ὁΥἰόο
697 950 753 1011 τοῦ
770 945 861 1024 Θεοῦ,
885 944 937 1010 καί
962 945 1015 1011 ίνα
1039 944 1247 1011 πιοτεύοντεο
1269 937 1353 1032 ςωιίν
1375 935 1510 1004 αἰώνιον

363 1073 459 1162 ἔχιιτε
486 1073 521 1138 ὲν
548 1073 595 1159 τῷ
621 1071 758 1149 ὀνόματι
785 1071 894 1138 αὐτοῦ.
1528 1083 1548 1143 5

284 1189 302 1233 ο

369 1246 715 1350 Ἀνακεφαλαιοῦται
751 1241 886 1345 τρόπον
922 1241 1003 1324 τινὰ
1039 1243 1104 1343 τήν
1141 1241 1233 1322 ίδίαν
1269 1234 1509 1344 συγγραφήν,

314 1370 455 1474 ἐμφανῆ
474 1401 513 1448 τε
530 1375 605 1452 τοῖς
624 1365 857 1470 ἀκροωμένοις
884 1367 948 1447 τὸν
965 1373 1038 1447 τῶν
1060 1369 1300 1468 εὐαγγελικῶν
1323 1357 1511 1463 κηρυγμά-

314 1526 387 1572 των
405 1489 546 1572 σκοπὸν
564 1487 754 1594 ἐργάζεται.
788 1491 845 1572 ’ίνοι
863 1489 934 1593 γὰρ
953 1488 1156 1584 πιστεύσητέ
1174 1495 1269 1595 φησι
1289 1494 1349 1566 κοιλ
1369 1481 1510 1564 πισταί·

315 1649 445 1698 σαντες
476 1615 571 1712 ίχητε
604 1612 657 1707 τήν
688 1615 810 1695 οιίιίνιον
843 1612 933 1724 ζωήν,
962 1613 1134 1713 συνετέθη
1167 1612 1281 1692 ταυτί·
1319 1606 1443 1692 πολλάι
1472 1604 1512 1686 δέ
1561 1645 1563 1650 ·

315 1733 405 1818 εἶναί
436 1743 530 1843 φησι
561 1735 607 1817 τά
637 1742 772 1842 σημεῖον,
802 1741 859 1818 καί
891 1739 933 1817 οὐ
963 1735 1066 1842 μέχρι
1094 1743 1167 1817 τῶν
1199 1736 1295 1842 αὐτῷ
1324 1735 1381 1813 καὶ
1413 1728 1512 1837 μόνιρ
1530 1765 1572 1807 10

316 1859 587 1962 διεγνωσμένων
624 1893 663 1940 τε
701 1864 759 1940 καὶ
796 1860 988 1964 είρημένων
1024 1861 1070 1940 τὰ
1106 1867 1171 1940 τοῦ
1206 1862 1374 1962 Σωτῆρος
1410 1856 1513 1956 ἡμῶν

315 1984 444 2085 ἵστησι
469 1983 728 2086 κατορθώματα
753 1986 811 2064 καὶ
837 1985 901 2070 τάς
925 1981 1151 2090 παραδόξους
1173 1982 1357 2085 ἐνεργείας,
1378 1979 1507 2062 ἀπονέ-

282 2118 304 2185 d
315 2105 431 2206 μειδέ
454 2103 579 2211 ὥσπερ
598 2110 655 2187 καὶ
675 2114 747 2192 τοῖς
768 2107 897 2211 ἑτέροις
922 2111 1197 2212 εὐαγγελισταῖς
1219 2105 1310 2209 άπερ
1331 2101 1376 2184 ἀν
1393 2104 1513 2185 αὐτοῖς

316 2229 375 2314 διὰ
403 2229 542 2331 μνήμης
573 2230 619 2310 ’ίοι
656 2235 719 2331 τῆς
745 2235 915 2334 ἀκριβοῦς
946 2230 1208 2335 παρακομίζειν,
1241 2237 1271 2310 εί
1303 2229 1509 2323 βούλοιντο.

315 2355 515 2458 γέγραπται
537 2353 609 2458 γάρ
635 2354 678 2434 οὐ
698 2351 827 2452 πάντα,
847 2357 973 2462 φησίν,
993 2357 1021 2436 ἐν
1046 2355 1093 2462 τῷ
1115 2357 1249 2463 βιβλίῳ
1272 2352 1389 2461 τούτῳ,
1410 2354 1512 2430 ταυτὶ
1529 2383 1569 2441 ι5

315 2477 353 2560 δέ
386 2480 445 2558 καὶ
474 2478 568 2578 μόνα
597 2477 656 2559 διὰ
682 2482 745 2579 τῆς
779 2480 864 2579 έμής
896 2478 1035 2580 ε’νετέθη
1064 2483 1196 2584 φωνῆς,
1226 2474 1318 2579 άπερ
1350 2474 1394 2576 ἦν
1422 2471 1514 2558 εἰκός

315 2602 520 2710 ἐξαρκέσειν
553 2604 594 2682 οὐ
624 2603 774 2705 μετρίως
806 2599 897 2705 πρός
929 2603 971 2682 τὸ
1004 2606 1195 2684 ἀναπεῖσαι
1227 2600 1402 2682 δυ’νασθοι
1430 2596 1514 2682 τοὺς

314 2727 557 2829 ἀκροωμένους
573 2725 621 2806 ’ίτι
642 2729 765 2819 Ἰησοῦς
784 2727 871 2807 ἐστιν
890 2737 905 2808 o‘
926 2727 1064 2831 Χριστός
1083 2736 1097 2807 ὁ
1118 2728 1194 2812 Τίον
1213 2729 1267 2807 τοῦ
1286 2729 1382 2807 Θεοὸ.

372 2852 486 2930 Ταυτὶ
513 2849 579 2948 μέν
605 2850 668 2928 οὖν
695 2851 715 2928 ὁ
744 2851 938 2932 θεσπέσιος
968 2849 1255 2952 Εὐαγγελιστής·
1304 2849 1375 2951 ἐγὼ
1403 2849 1440 2930 δὲ
1468 2848 1513 2949 δή

316 2971 429 3052 πάλιν
447 2970 616 3072 οἰήσομαι
634 2977 706 3052 δεῖν
723 2974 831 3053 έκεῖνο
850 2972 961 3079 φάναι
981 2975 1176 3079 χρησίμως.
1215 2979 1244 3053 εί
1263 2971 1334 3075 γάρ
1354 2972 1423 3071 ὅλη
1441 2979 1516 3053 τῶν
1529 2959 1571 3052 τό

316 3096 572 3199 γεγραμμενων
600 3097 623 3196 η’
651 3093 796 3195 δύναμις
823 3096 990 3196 τοιαύτην
1018 3099 1102 3197 ἡμῖν
1130 3095 1350 3200 ἐνεργάζεται
1376 3098 1514 3192 πίστιν,

288 3219 518 3300 θδιακεῖσθαί
540 3253 578 3299 τε
605 3222 663 3300 καί
691 3219 838 3324 σφόδρα
866 3228 986 3305 καλῶς
1018 3222 1207 3318 ἀναπείθει,
1226 3222 1313 3305 ὡςό
1336 3225 1515 3322 γεννηθείς

150 3344 356 3474 ¹⁸¹·121f06'x
378 3346 441 3440 τῆς
460 3341 563 3444 ἁγίας
580 3343 767 3446 παρθένου,
787 3342 827 3430 ὃς
845 3349 902 3424 καί
922 3343 1102 3445 ἐπεκλήθη
1121 3343 1264 3444 Ἰησοῦς
1284 3342 1342 3424 διὰ
1364 3347 1427 3443 τῆς
1449 3353 1515 3422 τοῦ

171 3459 178 3474 ’
222 3459 230 3474 '
317 3465 476 3568 ἀγγέλου
506 3469 638 3572 φωνῆς,
657 3466 763 3552 αὐτὸς
791 3466 894 3552 οὗτός
922 3471 1069 3548 ἐστινὸ
1098 3467 1157 3547 διὰ
1183 3473 1246 3567 τῆς
1274 3466 1515 3549 θεοπνεύστου
1557 3507 1561 3514 ·

317 3593 462 3696 γραφήν
489 3589 745 3691 κηρυττόμενος
771 3589 946 3694 Χριστός·
987 3591 1093 3676 αὐτὸς
1121 3593 1166 3672 δέ
1186 3595 1287 3672 ἐστιν
1316 3593 1427 3688 οὗτος,
1456 3595 1514 3671 καὶ
1530 3631 1570 3691 ²5

316 3713 385 3818 οὐχ
403 3713 529 3815 ἕτερος,
544 3713 611 3819 οὐχ
629 3715 757 3800 ἁπλῶς
775 3716 860 3805 υίὸς,
878 3717 962 3794 ἀλλ’
983 3715 1028 3796 Ὀ
1047 3717 1123 3801 Υἱός
1142 3719 1195 3796 τοό
1214 3719 1298 3797 Θεοῦ
1316 3721 1514 3814 μοναδικῶς

317 3871 356 3917 τε
384 3839 442 3916 καὶ
470 3841 597 3935 ίδικῶς,
619 3838 657 3917 τί
682 3837 851 3940 δράσαιεν
880 3838 962 3942 ἄρα,
986 3839 1024 3920 τί
1050 3839 1087 3919 δὲ
1116 3844 1174 3919 καὶ
1203 3839 1431 3947 φθέγξαιντο,
1456 3843 1515 3918 καί

317 3965 420 4042 ποῖον
442 3959 566 4067 ἕξουσι
594 3965 711 4063 κρῖμα,
737 3960 828 4043 κατὰ
854 3961 918 4043 τόν
939 3967 1003 4061 τῆς
1032 3961 1191 4064 μεγάλης
1219 3959 1350 4065 ἡμέρας
1378 3958 1513 4064 καιρόν,
1598 4061 1604 4068 ι

318 4087 352 4163 οί
370 4083 414 4190 ἐξ
428 4084 582 4184 ἀμαθίας
600 4082 854 4186 διακρινόμενον
872 4090 954 4191 περὶ
978 4085 1045 4186 τήν
1063 4087 1197 4185 πίστιν,
1217 4085 1382 4188 καὶπρὸς
1400 4086 1517 4195 τούτῳ
1558 4125 1563 4132 ·

319 4207 499 4289 διδάσκειν
513 4207 651 4310 ἑτέρους
667 4207 955 4314 ἐπιχειρήσαντες
972 4209 1036 4290 δύο
1050 4211 1200 4314 νομίζειν
1218 4206 1305 4291 εἶναι
1321 4210 1517 4315 χριστοιίςς
1533 4255 1574 4312 30

356 4381 382 4429 4.
401 4365 466 4433 ξοην
476 4365 552 4436 ἔχητε
565 4363 692 4433 (rubrice)
708 4365 728 4419 F
740 4384 794 4436 mg.
904 4384 943 4437 19·
962 4367 991 4420 δὲ
1004 4375 1174 4438 assumptum
1186 4385 1218 4421 ex
1232 4366 1264 4422 E.
1276 4367 1308 4436 δή
1319 4366 1354 4424 ιδ
1367 4367 1395 4422 δὲ
1407 4367 1521 4439 corrigit

315 4431 415 4522 ,Μὶραο
572 4451 668 4559 ορ-ρ.
683 4451 741 4561 ιηηρ
755 4452 781 4491 2.
794 4436 837 4490 Ab
851 4436 934 4494 ἶδικῶς
946 4437 981 4492 αα
993 4437 1078 4494 lautae
1090 4438 1204 4492 transilit
1218 4437 1248 4492 E.
1411 4453 1454 4563 τέ.
1473 4461 1519 4509 γρ.

321 4473 575 4572 mmmm.
603 4507 712 4574 ρόσοιεν
743 4507 804 4562 abet
817 4506 846 4561 F.
901 4508 941 4562 κοί
958 4507 1107 4563 seeundum
1122 4519 1292 4579 assumptum
1304 4527 1336 4564 εκ
1352 4508 1381 4565 F.
1440 4511 1519 4565 tatim

321 4571 480 4644 φθέγξαιντο
494 4573 523 4628 F.
561 4573 588 4630 d.
601 4593 656 4646 mg.
669 4576 814 4648 φθέγξαιτο
828 4576 879 4632 Ed.
