3294 5150
165 458 291 526 [vm]

147 543 287 656 ξηαπς

149 2013 186 2062 Cf.
198 2013 225 2062 in
236 2013 261 2062 s

148 2079 306 2142 Jonn.3580.

315 351 380 414 308
434 349 474 416 υ.
497 345 687 412 cmm
712 343 978 408 ALEXANDR.
1006 343 1289 408 FRAGMENTA
1325 367 1379 408 xv.
1393 358 1513 429 35sqq.

467 511 478 538 Ι

317 545 537 614 μαρτυρησει
561 510 679 611 λέγων
697 511 718 587 ό
736 507 951 613 σοφώτατος
971 513 1118 591 Παῦλος
1143 517 1166 554 “
1181 513 1227 586 Εἰ
1251 506 1288 586 δὲ
1311 505 1353 585 τὸ
1371 513 1512 603 πνεῦμα

317 646 340 682 “
357 643 422 714 τοῦ
443 635 641 737 ἐγείραντος
658 633 804 730 Ἰησοῦν
830 636 919 710 οἰκεῖ
936 632 974 709 ἐν
991 633 1087 726 ὑμῖν,
1109 633 1129 709 ό
1157 631 1294 732 ἐγείρας
1316 631 1354 708 ἐκ
1378 632 1513 728 νεκρῶν

316 765 340 802 “
357 755 523 858 Χριστόν
540 756 685 854 Ἰησοῦν
704 752 913 858 ζωοποιήσει
941 757 999 831 καὶ
1026 751 1072 832 τά
1090 751 1203 852 θνητὰ
1230 752 1384 850 σώματα
1412 754 1512 850 ὑμῶν

319 888 340 924 “
359 878 417 957 διά
440 887 504 958 τοῦ
521 881 738 959 ἐνοικοῦντος
761 877 869 955 αι’ποῦ
890 876 1098 972 Πνεῦματος
1117 878 1153 954 ἐν
1173 877 1283 972 ῦμῖν.”
1314 875 1373 954 ὅτε
1392 877 1513 954 τοίνυν

317 1001 448 1096 ἀνεβίω
471 1000 537 1098 μὲν
556 1002 576 1079 ὁ
595 997 756 1102 Χριστός
780 999 949 1098 πατήσας
973 1007 1036 1078 τοῦ
1061 996 1215 1079 θανάτου
1232 997 1275 1079 τό
1294 997 1433 1100 κράτος,
1453 1001 1511 1076 καὶ
1528 1023 1548 1083 5

317 1124 465 1224 γε’γονεν
495 1123 642 1228 ἀπαρχὴ
674 1129 747 1203 τῶν
779 1121 1036 1222 κεκοιμημένων
1068 1125 1117 1205 ῶς
1151 1121 1338 1226 ἑψομένων
1367 1121 1513 1206 πάντως

317 1253 391 1330 τοῖς
414 1247 551 1351 ’ίχνεσιν
569 1248 688 1342 αὐτοῦ,
707 1252 783 1329 πῶς
802 1246 866 1324 οὐκ
889 1243 1123 1345 ἀπόπληκτον
1142 1249 1267 1345 κομιδῆ
1293 1245 1336 1324 τὸ
1361 1244 1453 1323 κατά
1479 1280 1512 1325 τι

316 1378 406 1470 γοῦν
429 1369 523 1453 όλως
551 1367 737 1471 ἐνδοιάζειν
763 1367 814 1447 ἔτι
841 1370 922 1470 περὶ
948 1366 991 1447 τό
1018 1373 1081 1468 τῆς
1110 1367 1344 1451 ἀναστάσεως
1372 1367 1513 1468 μυστή-

316 1526 419 1595 ριον;

374 1616 423 1695 Εί
456 1651 509 1700 τις
541 1617 660 1696 ἕλοιτο
692 1621 767 1699 τοῖς
800 1619 863 1713 τῆς
896 1614 1059 1714 θεότητος
1092 1615 1206 1716 ἔργοις
1243 1612 1513 1717 περιεργότερον
1532 1655 1571 1695 10

317 1740 416 1823 ε’νιεὶς
439 1743 502 1838 τῆς
530 1743 655 1819 ἑαυτοῦ
680 1737 833 1820 διανοίας
861 1734 925 1816 τόν
947 1736 1140 1844 ὀφθαλμόν
1163 1743 1356 1841 πειρᾶσθαι
1383 1771 1509 1839 περια-

320 1867 415 1963 θρεῖν
434 1866 498 1960 τῆς
520 1861 674 1941 ἑκάστου
691 1865 912 1964 παραγωγῆς
937 1858 1000 1939 τόν
1018 1860 1228 1963 τρόπονκαὶ
1253 1865 1316 1959 τῆς
1340 1862 1514 1962 γενέσεως

318 1981 385 2083 τὴν
402 1984 528 2088 ἀρχὴν,
547 1984 778 2091 καταλήξειεν
801 1982 847 2062 ἀν
866 1986 1027 2080 οὐδαμῶς
1049 1984 1091 2063 τό
1118 1983 1197 2069 Πῶς
1215 1982 1259 2084 δή
1287 1993 1391 2064 τοῦτο
1423 1985 1515 2065 ἀπό-

318 2117 482 2205 πληκτον
500 2107 628 2208 λε’γων.
657 2115 733 2191 πῶς
757 2105 829 2209 γάρ
856 2106 1003 2207 γε’γονεν
1022 2109 1041 2186 ὁ
1061 2107 1218 2208 οὐρανὸς,
1237 2111 1276 2186 ε’κ
1293 2107 1398 2191 ποίας
1424 2110 1514 2208 ὕλης

317 2227 340 2329 ἢ
368 2228 504 2327 πόθεν;
535 2230 641 2309 ποίαν
668 2230 737 2334 ἔχει
765 2230 830 2329 τήν
859 2231 991 2334 ἕδραν;
1024 2234 1070 2330 γῆ
1099 2229 1137 2309 δὲ
1164 2237 1241 2314 πῶς
1268 2228 1291 2330 ἢ
1319 2230 1430 2311 πόθεν
1455 2235 1514 2311 καὶ
1534 2262 1572 2322 15

317 2351 399 2434 όποι
423 2351 509 2434 ποτὲ
534 2353 769 2456 διεμήρεισται
781 2386 792 2451 ;
823 2353 992 2457 παρήχθη
1016 2353 1053 2432 δὲ
1079 2354 1214 2436 όπωςό
1240 2354 1343 2452 ἡλίου
1368 2354 1513 2447 κύκλος,

317 2475 456 2577 σελήνη
482 2480 540 2556 καὶ
562 2477 682 2580 ἀστρα
708 2480 764 2556 καὶ
790 2475 836 2556 τά
858 2476 960 2579 ἕτερα
984 2484 1056 2556 τῶν
1074 2475 1306 2574 κτισμάτων,
1337 2484 1413 2561 πῶς
1435 2476 1515 2557 δὲό

317 2607 390 2679 τῶν
418 2599 515 2680 ὅλων
545 2599 774 2704 Δημιουργὸς
802 2609 890 2704 χοῦν
918 2601 990 2680 ἀπὸ
1020 2605 1087 2702 γῆς
1121 2599 1249 2695 λαβὼν
1279 2601 1418 2680 ἔπλασε
1450 2599 1517 2680 τὸν

318 2723 533 2825 ἀνθρωπον;
564 2731 642 2808 πῶς
666 2730 714 2808 είς
733 2725 844 2804 ἀστεά
866 2729 925 2802 καὶ
945 2732 1050 2827 νεῦρα
1068 2728 1126 2803 καί
1144 2725 1282 2827 σάρκας
1300 2723 1323 2822 ἡ
1343 2728 1391 2826 γῆ
1408 2758 1514 2822 μετε-

317 2845 521 2943 πλάττετο;
553 2853 582 2926 εί
610 2847 647 2927 δὲ
675 2847 773 2948 ε’ίπερ
802 2849 868 2950 οὐχ
894 2847 1159 2948 εὑρεθησόμεθα
1189 2847 1253 2928 τὸν
1285 2850 1340 2951 ἐφ’
1372 2848 1518 2955 ἑκάστῳ
1534 2883 1575 2922 20

318 2974 391 3048 τῶν
414 2971 661 3069 πεποιημένων
687 2972 880 3049 ἀποδοῦναι
906 2968 1029 3070 λόγον,
1048 2968 1160 3076 ταύτῃ
1188 2975 1246 3050 καὶ
1274 2967 1519 3070 ἀναιρήσομεν

320 3090 374 3170 ότι
403 3095 461 3170 καὶ
481 3093 674 3193 γεγόνασιν
694 3091 799 3189 ὅλως,
819 3091 899 3172 όποι
917 3091 1005 3173 ποτὲ
1027 3093 1156 3173 λοιπόν
1173 3092 1453 3192 ἐκτελευτήσειεν
1472 3089 1519 3172 ἀν

217 3301 221 3310 Ι
320 3215 342 3311 ἡ
362 3221 434 3292 τῶν
451 3217 593 3293 ἐννοιῶν
611 3215 689 3313 ἤτοι
709 3221 846 3293 σκαιῶν
864 3212 1130 3319 ἐγχειρημάτων
1147 3216 1319 3312 ἕκβιισις;

375 3335 432 3414 Τὸ
455 3336 545 3433 μετά
569 3337 634 3437 τὴν
653 3344 819 3438 Χριστοῦ
838 3338 1042 3418 ἀνάστασιν
1060 3338 1307 3446 ἀμφιβάλλειν
1325 3345 1405 3444 περὶ
1423 3343 1515 3420 ἀνα-

321 3457 498 3557 στάσεως,
518 3461 739 3554 δυσβουλίας
768 3463 846 3538 ἐστὶ
875 3465 932 3539 καὶ
960 3464 1114 3558 ἀμαθίας
1141 3467 1200 3542 καὶ
1230 3461 1445 3566 ἀλαζονείας,
1474 3463 1517 3545 τό
1534 3489 1576 3548 ²5

322 3580 440 3683 λε’γειν
467 3586 524 3663 ἐπὶ
551 3589 623 3663 τῶν
652 3591 714 3663 τοῦ
734 3589 829 3663 Θεοῦ
858 3582 973 3686 ἔργων
996 3583 1037 3663 τὸ
1065 3592 1153 3682 πῶς,
1172 3586 1272 3665 ἀλλά
1299 3585 1370 3686 μὴν
1389 3595 1446 3670 καὶ
1474 3589 1519 3669 τὸ

321 3705 439 3805 λε’γειν
466 3709 555 3813 Ποίιρ
586 3705 721 3808 σάματι
756 3708 930 3815 ἐγείρονται
967 3717 993 3787 οἱ
1019 3714 1123 3813 ,νεκροί
1156 3713 1214 3788 καὶ
1243 3719 1349 3790 τοῦτο
1381 3713 1517 3812 εὔηθες·

320 3825 471 3927 εὔδηλον
490 3828 560 3929 γὰρ
580 3827 633 3908 ότι
652 3835 704 3936 τῷ
723 3831 830 3936 αὐτῷ.
868 3835 925 3909 καὶ
949 3829 1020 3931 γάρ
1039 3834 1097 3911 καὶ
1117 3835 1136 3910 ὁ
1156 3832 1288 3936 Κύριος
1310 3833 1376 3934 τὴν
1391 3835 1519 3915 ἑαυτοῦ

320 3951 441 4054 σάρκα
460 3951 661 4051 ἀνέστησεν
680 3956 728 4037 ῶς
745 3951 800 4052 ἦν.
835 3951 953 4052 ἐπειδὴ
972 3955 1013 4033 δέ
1028 3989 1119 4038 τινες
1139 3955 1290 4056 λέγουσι
1307 3959 1519 4059 προόπεῖναι

318 4074 385 4174 τήν
417 4073 552 4180 ψυχὴν,
586 4076 753 4178 τιμωρίας
785 4074 822 4154 δὲ
854 4075 968 4155 ἕνεκεν
998 4080 1248 4177 ἐνδεσμεῖσθαι
1280 4085 1332 4188 τῷ
1362 4081 1518 4180 σώματι,
1536 4119 1576 4175 30
1634 4175 1635 4180 ἵ

321 4214 509 4291 ἀθετοῦσιν
531 4213 573 4290 οῦ
599 4209 709 4308 μόνον
734 4210 797 4290 τόν
819 4215 882 4310 τῆς
908 4214 1137 4316 δημιουργίας
1160 4213 1274 4316 λόγον
1296 4219 1377 4297 καθ’
1397 4215 1439 4315 δν
1462 4219 1522 4300 ε’πὶ

355 4431 383 4483 3.
403 4414 555 4482 ζωοποιήσει
567 4415 706 4468 emendavi
719 4423 781 4484 post
795 4415 897 4486 Migne.
909 4416 1047 4486 ζωποιήσει
1060 4419 1094 4473 Α.
1107 4418 1159 4473 Ed.
1315 4440 1356 4477 10.
1376 4423 1452 4479 Haeo
1464 4425 1523 4481 duo

323 4500 390 4604 ηυυο
402 4493 550 4551 sequuntur
561 4483 664 4538 scholia
676 4485 755 4540 nobis
769 4486 920 4556 suppeditat
935 4487 972 4539 H.
1150 4506 1192 4544 ος.
1211 4491 1416 4560 immicum
1428 4513 1522 4552 emen-

343 4553 393 4604 avi.
407 4551 553 4618 ε’κτελευτης
564 4549 615 4606 εἶεν
629 4553 696 4608 Cod.
840 4573 883 4622 24.
902 4560 948 4610 τοῦ
960 4558 1038 4613 αὐτοῦ
1051 4561 1174 4630 κυρίλλου
1187 4563 1330 4632 praemittit
1343 4563 1410 4618 Cod.
