3280 5142
109 366 198 431 xviii.
213 369 264 433 28.
385 368 443 432 IN
473 367 506 430 S.
531 367 552 430 J
558 363 789 432 OANNEM.
836 360 933 425 LIB.
957 357 1038 426 XIIv.
1271 353 1314 416 47

110 529 177 629 τὴν
210 531 434 634 άδικωτάτην
468 531 689 638 μιαιφονίαν,
724 527 824 608 οὐδὲν
858 526 952 609 ὅλως
989 526 1108 607 αὐτοῖς
1139 520 1348 624 προστρί-Ι)

112 661 250 748 βεσθαι
279 657 486 754 νενομίκασι
514 654 668 752 βλάβος.
705 657 763 733 καὶ
790 651 832 732 τό
859 687 900 753 γε
928 649 1145 755 παράδοξον,
1171 655 1317 747 μᾶλλον

114 779 152 857 δὲ
182 785 255 860 τῶν
284 779 411 861 ἀλλων
439 777 669 880 εὐηθέστερόν
697 812 735 857 τε
768 779 826 857 καὶ
858 776 1097 876 ἀλογώτερον,
1126 773 1317 875 ἁγνεύουσι

115 901 176 980 διὰ
202 902 270 1002 τὴν
298 910 362 983 τοῦ
389 903 577 1006 προβάτου
605 900 768 1008 σφαγὴν,
794 901 914 1005 ἕτερον
941 900 1027 998 ἡμῖν
1055 900 1319 980 ἀνατυποῦντος

80 1025 259 1126 5οάδὲνῆ
284 1035 349 1106 τοῦ
375 1025 468 1106 κατὰ
487 1025 652 1128 Χριστόν
674 1026 873 1126 μυστηρίου
897 1021 964 1122 τὴν
981 1022 1100 1102 σκιάν·
1133 1027 1167 1101 οί
1192 1019 1231 1100 δὲ
1256 1018 1320 1098 τὸν

116 1148 232 1230 τόπον
264 1157 435 1247 τιμῶντες
466 1157 530 1229 τοῦ
561 1147 773 1250 πράγματος
809 1153 857 1230 εἱς
895 1143 1004 1245 αὐτὴν
1035 1142 1217 1246 ὑβρίζουσι
1254 1141 1320 1243 τὴν

118 1271 305 1373 ἀλήθειαν.
345 1272 586 1369 πλαττόμενοι
610 1271 682 1375 γάρ
708 1272 761 1350 ἐπ’
782 1273 878 1377 αὐτῷ
902 1267 968 1369 τὴν
986 1268 1139 1371 ἁγνείαν,
1159 1274 1204 1374 τῇ
1229 1267 1321 1348 κατά

120 1401 288 1498 Χριστοῦ
318 1397 504 1503 μιαιφονίᾳ
533 1396 763 1496 μεμόλυνται.
815 1401 936 1477 καλῶς
967 1394 1029 1472 οὖν
1057 1392 1138 1496 ἀρα,
1169 1391 1226 1472 ὁτὲ
1256 1391 1321 1488 μὲν

119 1518 260 1626 τάφους
289 1521 554 1618 κεκονιαμένους
581 1517 708 1604 αὐτοὺς
737 1515 907 1620 ὠνόμαζε,
939 1523 1012 1600 τοῖς
1040 1515 1171 1622 ἔξωθεν
1199 1521 1256 1596 καὶ
1284 1519 1322 1596 ἐκ
1366 1511 1492 1641 {ff}

70 1684 107 1723 ιο
120 1647 249 1750 τέχνης
280 1648 399 1728 αὐτοῖς
430 1635 691 1752 ε’πηωρημένοις
723 1641 995 1748 περιβλήμασιν
1024 1641 1353 1748 ε’ξωραίσμίνους,0

122 1771 262 1850 ἔσωθεν
292 1769 406 1869 γεμὴν
437 1770 625 1869 δύσοσμον
658 1773 717 1848 καὶ
749 1766 1050 1872 δυσαχθεστάτην
1081 1766 1228 1871 ε”χοντας
1259 1762 1325 1864 τὴν

122 1894 365 1992 ἀκαθαρσίαν·
397 1891 455 1972 ὁτὲ
484 1892 522 1972 δὲ
548 1892 671 1988 πάλιν,
691 1891 856 1996 διυλίζειν
879 1891 945 1990 μὲν
969 1890 1038 1994 ἔφη
1067 1889 1129 1970 τὸν
1154 1891 1323 1986 κώνωπα,
1371 1905 1463 1965 nm.

124 2018 331 2096 καταπίνειν
363 2015 401 2096 δὲ
432 2015 496 2096 τὸν
526 2015 703 2113 κάμηλον.
752 2015 1093 2117 ἀκριβολογούμενοι
1126 2010 1198 2116 γάρ
1234 2027 1327 2093 πολ-

125 2140 230 2224 λάκις
255 2144 313 2220 ε’πὶ
339 2147 414 2224 τοῖς
441 2139 622 2236 ἁπάντων,
646 2144 694 2222 ὡς
722 2139 806 2224 ἔπος
832 2143 948 2235 εἰπεῖν,
972 2135 1184 2243 ἐλαχίστοις
1203 2172 1242 2217 τε
1270 2141 1328 2216 καὶ

76 2295 111 2352 ¹5
125 2263 277 2360 μείοσιν,
296 2261 319 2362 ἢ
337 2267 394 2342 καί
415 2266 471 2342 ἐπὶ
491 2267 613 2361 μηδενὶ
631 2269 829 2347 παντελῶς·
861 2264 900 2341 τί
918 2262 989 2365 γὰρ
1008 2262 1102 2346 ὅλως
1123 2265 1143 2342 ό
1165 2263 1327 2367 κιόνωψ;

125 2385 174 2465 τά
200 2393 274 2465 τῶν
302 2384 539 2487 ἐγκλημάτων
566 2387 880 2490 περιπληθείττερα
914 2387 1067 2467 τίθενται
1100 2386 1184 2488 παρ’
1214 2383 1327 2482 οὐδὲν,

127 2515 186 2588 καὶ
214 2511 388 2612 ποτηρίου
413 2509 478 2605 μὲν
497 2513 554 2589 καὶ
580 2511 728 2595 πίνακος
754 2507 961 2611 ἀπονίζουσι
985 2510 1027 2590 τὸ
1053 2509 1133 2618 ἔξω,
1155 2508 1265 2614 λόγος
1290 2508 1328 2589 δὲ
1374 2513 1415 2565 ¹¹²·
1428 2525 1467 2576 ²⁵·

128 2635 250 2716 αὐτοῖς
281 2639 468 2716 παντελῶς
501 2636 612 2717 οὐδεὶς
643 2637 706 2731 τῆς
735 2632 836 2714 ἔνδον
865 2635 1099 2736 ἀκαθαρσίας.
1151 2632 1228 2713 ἰδοὺ
1258 2631 1328 2736 γὰρ

130 2756 208 2837 ίδοῦ
228 2757 341 2837 καίτοι
360 2765 425 2836 τοῦ
442 2755 632 2861 προφήτου
650 2757 821 2861 λε’γοντος
840 2758 1009 2862 Ἱερεμίου
1026 2764 1157 2865 σαφῶς
1176 2769 1198 2806 “
1211 2755 1325 2838 Ἀπό-
1376 2753 1449 2882 ᾖξ’·
1460 2752 1493 2801 5'·

80 2893 154 2958 20“
173 2891 289 2961 πλυνε
323 2880 395 2960 ἀπὸ
433 2880 556 2965 κακίας
594 2881 660 2979 τὴν
693 2881 840 2984 καρδίαν
876 2917 957 2977 σου,
985 2881 1235 2983 Ἰερουσαλὴμ,
1272 2883 1331 2962 ἵνα

133 3017 155 3052 “
175 3005 330 3108 σωθῇς,”
351 3003 417 3102 τὴν
435 3003 501 3102 μίν
519 3005 593 3084 ἕσω
615 3008 674 3084 καὶ
696 3009 734 3084 ἐν
753 3009 920 3091 διανοίαις
938 3005 1107 3102 ἀσέβειαν
1125 3004 1225 3086 οὐδὲν
1245 3004 1365 3086 εἶναιᾶ

133 3130 263 3232 κομιδῇ
290 3127 624 3208 διαπεπιστεόκασι·
654 3127 901 3231 προσάγοντες
926 3131 962 3209 δὲ
984 3129 1135 3238 Πιλάτιρ
1153 3129 1330 3232 Χριστὸν,

133 3258 392 3353 παραιτοῦνται
424 3251 556 3336 τόπους
586 3255 634 3336 ὡς
663 3255 797 3354 ἐναγεῖς
828 3256 886 3334 καὶ
918 3257 1058 3354 ἀνδρῶν
1086 3253 1335 3357 ἀπεριτμήτων

135 3374 304 3472 σώματα,
323 3378 381 3454 καὶ
409 3382 437 3454 εἰ
459 3373 510 3474 μὴ
533 3379 645 3483 δρῷεν
663 3378 761 3456 αὐτοὶ
790 3385 867 3460 ταῖς
894 3379 995 3461 ἰδίαις
1022 3387 1127 3483 χερσὶ
1152 3377 1195 3459 τὸ
1218 3379 1335 3482 παρά-

85 3530 123 3588 25
137 3531 260 3595 νομον,
290 3494 472 3600 ὑπουργὸν
498 3494 539 3577 δὲ
566 3497 691 3602 ὥσπερ
718 3505 781 3600 τῆς
809 3501 942 3584 ἑαυτῶν
969 3502 1151 3604 ὠμότητος
1178 3509 1336 3584 ποιοῖντο

139 3617 316 3716 Πιλάτου,
335 3620 405 3727 ἔξω
424 3621 468 3722 δὴ
486 3620 609 3720 πάσης
627 3623 740 3708 αἰτίας
763 3626 936 3720 διαμένειν
954 3626 998 3734 ἐξ
1020 3627 1141 3711 ἀνοίας
1168 3629 1334 3726 ὑπολαμ·

138 3745 305 3840 βάνουσι.
357 3743 550 3842 θαυμάσειε
580 3747 614 3826 δ’
640 3747 686 3824 ἀν
713 3782 766 3832 τις
795 3747 874 3830 ου’δέ
902 3750 1035 3849 ταύτην
1062 3753 1179 3831 αὐτῶν
1206 3753 1338 3853 ἠγνοη-

140 3867 249 3954 κότας
278 3867 343 3966 τὴν
370 3868 541 3964 ἀσέβειαν
569 3868 651 3954 τούς
680 3870 801 3973 ἁγίους
828 3874 1002 3976 εὑρίσκων
1029 3872 1229 3980 προφήτας·
1269 3874 1339 3977 ἔφη

142 3991 214 4094 γάρ
233 4025 305 4071 που
323 3995 404 4093 περὶ
422 3994 579 4072 αὐτῶνὸ
604 3994 776 4097 μακάριος
794 3997 954 4080 Ἠσαίας
972 4009 995 4046 “
1009 4000 1104 4078 Οὐαὶ
1127 4005 1178 4105 τῷ
1203 3999 1337 4105 ἀνόμῳ·
1387 4015 1511 4064 mim.

90 4157 129 4213 30
142 4125 165 4162 ‘⁴
182 4113 324 4215 πονηρά
357 4114 448 4194 κατὰ
485 4115 530 4194 τὰ
566 4117 654 4219 ἔργα
678 4114 764 4198 ’τῶν
801 4127 931 4225 χειρῶν
966 4123 1074 4201 αὑτοῦ
1111 4119 1342 4220 συμβήσεται

143 4249 166 4286 “
186 4236 318 4344 αὐτῷ.”
348 4237 516 4341 Ἱεζεκιῆλ
532 4238 571 4319 δὲ
589 4239 703 4322 πάλιν
722 4255 743 4290 “
760 4243 891 4328 Καθὼς
910 4246 1092 4342 ἐποίησας,
1112 4245 1223 4328 οὕτως
1241 4246 1343 4327 ἔσται
1390 4271 1514 4332 obad-¹5·

182 4546 208 4592 4.
227 4525 414 4583 σ’νστυσοῦπιι·
428 4527 489 4597 (pro
502 4531 587 4598 ιιιοςο)
602 4529 634 4584 E.
751 4547 792 4585 ιι.
811 4530 946 4600 δύσοσμον
961 4530 990 4584 F.
1004 4529 1055 4585 Ed.
1068 4549 1124 4604 mg.
1137 4532 1272 4602 δύσοσμον
1285 4535 1347 4606 (uic)

148 4595 182 4652 Ε.
195 4595 313 4666 διἰσομαν
328 4593 378 4650 Ed.
