3278 5130
102 365 155 430 iii.
174 367 225 431 18.
306 367 359 432 IN
385 369 449 432 ΕΡ.
474 369 521 432 lI.
548 368 612 432 AD
638 369 931 434 CORINTHIOS.
969 371 1055 436 LlB.
1081 371 1127 435 II.
1243 373 1307 436 339

1374 489 1382 522 ι
1397 474 1435 522 Μ.

103 537 148 613 ἐκ
170 529 266 640 θόξης
289 531 413 637 ὥσπερ
430 539 491 633 τῆς
516 533 660 636 πριότης
688 543 734 622 εἰς
762 530 859 644 δόξαν
879 535 988 620 ἰόντες
1014 535 1137 638 ἑτέραν
1155 542 1308 636 νοηθεῖεν
1331 475 1368 538 [⁹
1447 473 1459 538 ]

105 653 169 752 ἂν,
197 659 255 734 καὶ
284 656 359 736 οἷον
386 656 476 760 πρὸς
503 655 549 736 τά
577 659 707 756 ἀμείνω
736 657 1077 757 μεταπλαττόμενοι.
1121 659 1162 739 τό
1193 656 1231 738 δὲ
1264 657 1309 758 δὴ

106 785 290 876 μεθιστᾶν
308 786 355 864 εἰς
373 789 480 860 τοῦτο
497 779 622 865 αῦτοῦς
639 780 682 860 τὸ
701 778 850 880 Πνεῦμά
868 784 961 878 ἐστι,
984 781 1025 861 τό
1048 786 1111 882 τῆς
1134 784 1173 862 ἐκ
1199 780 1309 878 νόμου

108 904 277 986 δουλείας
308 906 526 1006 ἐλευθεροῦν·
572 907 609 984 ἐν
646 905 742 1011 αῦτῷ
779 903 851 1008 γὰρ
888 917 910 952 “
922 902 1092 1008 κράζομεν
1127 908 1252 1001 Ἀββῦ
1288 907 1394 1032 όξῑοω·
1409 917 1461 966 *¹⁹¹1-

72 1055 91 1113 5
109 1036 133 1072 “
146 1026 268 1128 πατὴρ
279 1029 299 1053 ”
320 1031 367 1111 ὡς
385 1033 450 1107 υἱοὶ
470 1031 527 1107 καὶ
546 1028 733 1131 ἐλεύθεροι.
760 1027 894 1108 ἔστιδὲ
913 1029 978 1132 οὐχ
994 1029 1117 1132 ἑτέρως
1136 1033 1200 1127 τῆς
1218 1030 1309 1110 κατὰ
1339 997 1362 1045 ξ’

108 1148 178 1228 τὸν
207 1152 316 1246 νόμον
335 1150 568 1255 ὶσχυολογίας
593 1149 636 1231 τὸ
659 1151 772 1246 βάθος
796 1156 889 1249 ἰδεῖν,
908 1150 1007 1250 πλὴν
1031 1153 1086 1231 ότι
1113 1149 1171 1231 διὰ
1198 1151 1310 1251 μόνου

109 1281 178 1352 τοῦ
196 1275 322 1376 Ἀγίου
342 1275 563 1373 Πνεῦματος·
598 1273 685 1354 αῦτὸ
710 1273 781 1376 γάρ
799 1277 877 1354 ἐστι
896 1278 954 1354 καὶ
972 1274 1014 1354 τὸ
1032 1279 1193 1378 ε’ρευνοῦν
1214 1287 1235 1322 “
1250 1280 1308 1355 καὶ
1324 1279 1401 1393 {3⁰¹-
1414 1278 1443 1326 ὕ·

111 1408 134 1443 “
154 1397 201 1474 τά
223 1396 321 1497 βάθη
350 1404 414 1477 τοῦ
444 1399 569 1478 Θεοῦ.”
606 1397 704 1498 βάθη
736 1397 773 1478 δὲ
802 1404 907 1495 Θεοῦ,
936 1399 1002 1496 τὴν
1030 1401 1067 1477 ἐν
1100 1405 1172 1481 τοῖς
1206 1402 1309 1500 ἱεροῖς

111 1519 305 1622 γράμμασι
323 1520 655 1622 τεθησαυρισμένην
673 1527 811 1623 γνῶσιν
825 1520 1035 1619 ὠνομάσθαι
1050 1522 1178 1626 φαμέν·
1197 1520 1309 1627 ταύτῃ

58 1687 97 1724 ιο
111 1677 169 1722 τοι
198 1649 255 1722 καὶ
285 1645 304 1722 ό
333 1644 525 1726 θεσπέσιος
545 1647 678 1723 Δαυεὶδ
704 1644 768 1726 τὰς
796 1642 884 1744 πρὸς
906 1644 1001 1724 Θεὸν
1029 1646 1179 1723 ἐποιεῖτο
1207 1643 1310 1728 λιτάς

112 1768 207 1845 οὕτω
226 1766 343 1868 λόγων
370 1778 392 1814 “
408 1767 673 1872 Ἀποκάλυψον
691 1766 773 1851 τοῦς
797 1765 1008 1870 ὀφθαλμούς
1031 1801 1101 1865 μου
1120 1770 1177 1846 καὶ
1195 1801 1306 1846 κατα·
1323 1785 1364 1899 Ρη·
1376 1785 1461 1833 cxviii-

113 1900 136 1936 ‘⁶
152 1888 274 1989 νοήσω
302 1889 349 1970 τὰ
375 1888 559 1988 θαυμάσιά
586 1925 656 1970 σου
679 1894 717 1970 ἐκ
741 1900 804 1970 τοῦ
828 1888 938 1988 νόμου
959 1891 1064 1970 σου·”
1099 1893 1248 1969 ε’ποιεΐτο
1273 1866 1362 1969 δὲῃ

115 2015 173 2092 καὶ
193 2013 298 2097 αὐτὸς
316 2015 336 2091 ό
356 2012 484 2115 Σωτὴρ
503 2015 565 2092 οῦκ
588 2014 823 2112 ἀθαύμαστον
841 2013 905 2093 τὸν
924 2015 962 2093 ἐκ
982 2017 1125 2112 νομικῆς
1144 2012 1311 2112 εἰδήσεως

114 2137 355 2228 ἀναβαίνοντα
381 2136 472 2238 πρὸς
504 2136 743 2236 πνευματικὴν
771 2137 934 2217 τουτέστι
967 2135 1033 2236 τὴν
1060 2134 1306 2237 εῦαγγελικήν·

64 2295 100 2353 15
116 2261 186 2365 ἔφη
214 2260 285 2362 γὰρ
313 2261 367 2340 ότι
396 2270 418 2308 “
433 2260 506 2339 Διὰ
533 2268 639 2339 τοῦτο
669 2261 765 2363 λε’γω
794 2262 875 2358 ὑμῖν
905 2259 959 2339 ότι
989 2267 1060 2341 πᾶς
1082 2257 1451 2368 γραμματεῦςεῑροαιικ.

116 2394 138 2428 “
156 2388 385 2481 μαθητευθεὶς
411 2390 455 2488 τῇ
484 2386 656 2490 βασιλείᾳ
679 2390 752 2462 τῶν
780 2385 948 2486 οὐρανῶν,
974 2380 1092 2480 ὅμοιός
1113 2385 1214 2461 ε’στιν
1241 2384 1306 2460 ἀν·
1321 2369 1373 2404 ¹¹¹¹'
1386 2367 1425 2416 ⁵²'

116 2517 137 2553 ‘⁴
154 2505 287 2613 θρῶπερ
313 2506 480 2612 πλουσίῳ
504 2506 605 2589 ὅστις
630 2507 801 2602 ἐκβάλλει
828 2509 866 2585 ἐκ
893 2514 957 2585 τοῦ
989 2512 1173 2606 θησαυροῦ
1203 2505 1311 2584 αῦτοῦ
1372 2514 1377 2529 “

116 2640 139 2676 “
157 2630 217 2708 νέα
236 2636 294 2708 καὶ
313 2627 483 2711 παλαιό.”
510 2628 649 2709 παλαιά
665 2630 730 2728 μὲν
747 2627 829 2730 γάρ,
847 2627 893 2707 τὰ
913 2632 950 2708 ἐν
970 2626 1077 2735 νόμερ·
1107 2629 1167 2707 νέα
1186 2625 1310 2730 γεμὴν,

117 2751 162 2831 τό
179 2756 217 2832 ἐν
236 2759 399 2858 Χριστῷ.
434 2759 464 2832 εἱ
485 2752 523 2832 δὲ
546 2752 592 2852 δή
615 2787 668 2836 τις
694 2751 866 2847 βοόλοιτο
885 2756 943 2832 καὶ
971 2754 1050 2832 καθ’
1071 2751 1189 2852 ἕτερον
1218 2757 1306 2830 νοεῖ-

67 2921 104 2958 20
118 2882 204 2956 σθαι
228 2873 363 2978 τρόπον
380 2875 445 2976 τὴν
463 2879 501 2956 ἐκ
527 2872 621 2982 θόξης
641 2885 687 2963 εἰς
710 2872 806 2982 δόξαν
824 2875 1106 2980 μεταμόρφωσιν
1122 2877 1186 2972 τῆς
1203 2875 1310 2971 αὐτῆς

119 3000 218 3098 ἡμῶν
249 3002 382 3096 εἰκόνος,
414 3000 655 3105 παραδίξεταί
682 3034 717 3078 τι
745 3007 907 3079 τοιοῦτον
937 3005 985 3083 εἰς
1018 3006 1112 3095 νοῦν,
1145 2996 1199 3077 ὅτι
1229 2995 1310 3079 όσοι
1324 3019 1368 3072 92
1383 3017 1430 3074 M.

121 3120 282 3224 Χριστὸν
300 3122 513 3222 ἐγνώκαμεν,
528 3122 865 3225 καταλελογίσμεθα
882 3121 990 3202 δὲκαὶ
1005 3124 1041 3200 ἐν
1059 3121 1190 3205 τέκνοις
1205 3125 1310 3216 Θεοῦ,

121 3245 235 3344 πάντη
262 3281 301 3326 τε
329 3248 386 3324 καὶ
414 3244 555 3329 πάντως
583 3244 691 3344 ἒσμὲν
713 3249 750 3325 ἐν
769 3245 870 3352 δόξῃ·
909 3243 1001 3325 κατὰ
1028 3245 1069 3324 δέ
1092 3279 1134 3345 γε
1161 3243 1224 3324 τὸν
1247 3248 1311 3342 τῆς

123 3366 354 3452 ἀναστάσεως
390 3366 513 3471 καιρόν
545 3369 598 3462 τῆν
628 3367 726 3462 αὐτην
760 3373 870 3450 εἰκόνα
901 3366 1208 3475 μεταμορφούμεθα
1238 3368 1310 3447 ιἰπῦ

73 3529 108 3588 ²5
123 3487 212 3597 θόξης
246 3499 291 3577 εἰς
320 3487 419 3598 θόξαν
449 3491 602 3599 καθάπερ
630 3493 700 3573 ὀπὶ
734 3497 837 3600 κυρίου
868 3492 1066 3598 πνεόμιιτοε·
1107 3489 1211 3574 αὐτὸς
1239 3489 1311 3592 γάρ

122 3617 200 3713 ἡμῖν
220 3618 239 3694 ὁ
259 3614 430 3718 Χριστὸς,
456 3616 475 3694 ό
503 3625 525 3662 “
544 3614 607 3694 τὸν
631 3617 824 3719 ἀῤῥαβιῦνα
851 3624 914 3695 τοῦ
935 3613 1172 3712 Πνεῦματος”
1203 3648 1304 3717 χαρε-
1321 3636 1475 3702 Supraiaz.

121 3739 285 3836 σόμενος,
306 3737 510 3841 προσθήσει
533 3737 576 3818 τό
598 3747 723 3819 λεῖπον
740 3740 817 3818 κατ’
837 3741 946 3818 ἐκεῖνο
964 3747 1027 3818 τοῦ
1045 3745 1178 3840 καιροῦ,
1197 3770 1305 3835 μετα-

122 3863 334 3966 σχηματίσει
362 3861 399 3942 δὲ
427 3866 486 3942 καὶ
514 3861 590 3941 “τὸ
608 3870 717 3957 σῶμα
739 3866 802 3959 τῆς
824 3860 1069 3944 ταπεινώσεως
1093 3861 1191 3960 ἡμῶν
1209 3858 1304 3957 σόμ-
1321 3881 1386 3932 Phil.
1396 3882 1476 3931 ἰῑῐαι.

123 3997 142 4032 “
159 3992 299 4091 μορφον
317 3990 368 4093 τῷ
387 3986 530 4081 σώματι
551 3989 613 4084 τῆς
633 3983 741 4090 δόξης
760 3981 901 4064 αῦτοῦ.”

156 4295 179 4332 2.
197 4280 226 4332 τὸ
239 4295 288 4350 pro
299 4277 330 4331 τό
344 4279 381 4333 H.
438 4279 468 4346 δὴ
488 4287 513 4333 et
525 4241 619 4334 αὐτοὺς
629 4295 682 4332 om.
697 4275 735 4329 H.
934 4293 960 4341 4.
978 4272 1145 4397 ε’λευθεροῦνέ
1157 4275 1242 4344 pergit
1254 4277 1309 4343 ἤτοι

124 4351 145 4402 οἱ
156 4349 222 4419 ἅγιοι
234 4351 297 4403 κατὰ
309 4349 353 4403 τόν
367 4348 429 4419 (23)
445 4349 481 4403 H.
644 4365 686 4414 24.
705 4345 848 4471 κοιρὸνᾶψ
864 4345 1037 4415 ε’κλόμποντες
1051 4345 1088 4398 Η.
1137 4346 1219 4398 'tatim
1233 4367 1308 4412 μετα-

124 4421 276 4487 μορφοῦνται
288 4419 334 4484 τὴν
345 4421 423 4487 αὐτὴν
435 4419 517 4472 είκόνπ
530 4421 576 4472 τοῦ
589 4421 707 4486 σώματος
718 4417 769 4471 ἀπὸ
814 4457 821 4471 .
1033 4484 1038 4490 .
1070 4414 1111 4470 26.
1130 4415 1189 4482 ἡμῖν
1203 4433 1255 4469 om.
1272 4415 1308 4469 H.

126 4489 202 4558 κόριος
215 4507 262 4559 pro
276 4491 387 4558 Χριστός
404 4491 439 4544 H.
477 4489 571 4543 Statim
585 4491 599 4543 ὁ
612 4507 664 4542 om.
681 4487 717 4542 H.
875 4499 917 4556 27.
937 4484 1044 4556 τίν-δι’]
1059 4489 1116 4540 τότε
1130 4488 1221 4540 λοιπὸν
1233 4507 1308 4555 μετα-

126 4562 281 4630 σχηματίζων
297 4559 333 4613 H.

665 4647 685 4689 X
702 4650 722 4690 Χ
740 4646 757 4693 2
