<?xml version="1.0" encoding="UTF-8"?>
<!DOCTYPE html PUBLIC "-//W3C//DTD XHTML 1.0 Transitional//EN"
    "http://www.w3.org/TR/xhtml1/DTD/xhtml1-transitional.dtd">
<html xmlns="http://www.w3.org/1999/xhtml" xml:lang="en" lang="en">
 <head>
  <title>
</title>
<meta http-equiv="Content-Type" content="text/html;charset=utf-8" />
  <meta name='ocr-system' content='tesseract 3.04.00' />
  <meta name='ocr-capabilities' content='ocr_page ocr_carea ocr_par ocr_line ocrx_word'/>
</head>
<body>
  <div class='ocr_page' id='page_1' title='image "./sanctipatrisnos01pusegoog_0558.png"; bbox 0 0 3244 5146; ppageno 0'>
   <div class='ocr_carea' id='block_1_1' title="bbox 206 345 1320 414">
    <p class='ocr_par' dir='ltr' id='par_1_1' title="bbox 206 345 1320 414">
     <span class='ocr_line' id='line_1_1' title="bbox 206 345 1320 414; baseline 0.003 -5"><span class='ocrx_word' id='word_1_1' title='bbox 206 345 388 410; x_wconf 79' lang='lat' dir='ltr'><strong>CONTRA</strong></span> <span class='ocrx_word' id='word_1_2' title='bbox 410 347 703 412; x_wconf 85' lang='lat' dir='ltr'><strong>THEODORUM</strong></span> <span class='ocrx_word' id='word_1_3' title='bbox 727 348 865 414; x_wconf 85' lang='lat' dir='ltr'><strong>EPISC.</strong></span> <span class='ocrx_word' id='word_1_4' title='bbox 889 348 1022 412; x_wconf 87' lang='lat' dir='ltr'><strong>MOPS.</strong></span> <span class='ocrx_word' id='word_1_5' title='bbox 1046 347 1135 412; x_wconf 87' lang='lat' dir='ltr'><strong>LIB.</strong></span> <span class='ocrx_word' id='word_1_6' title='bbox 1159 349 1208 412; x_wconf 94' lang='lat' dir='ltr'>II.</span> <span class='ocrx_word' id='word_1_7' title='bbox 1258 351 1320 413; x_wconf 82' lang='lat'>535</span> 
     </span>
    </p>
   </div>
   <div class='ocr_carea' id='block_1_2' title="bbox 63 503 1485 2633">
    <p class='ocr_par' dir='ltr' id='par_1_2' title="bbox 63 503 1485 2633">
     <span class='ocr_line' id='line_1_2' title="bbox 114 503 1324 596; baseline 0.006 -29"><span class='ocrx_word' id='word_1_8' title='bbox 114 503 227 570; x_wconf 88' lang='lat' dir='ltr'>Israel.</span> <span class='ocrx_word' id='word_1_9' title='bbox 272 507 343 592; x_wconf 84' lang='lat' dir='ltr'>Ego</span> <span class='ocrx_word' id='word_1_10' title='bbox 365 514 471 573; x_wconf 86' lang='lat' dir='ltr'>autem</span> <span class='ocrx_word' id='word_1_11' title='bbox 493 509 636 588; x_wconf 74' lang='lat' dir='ltr'>arbitror,</span> <span class='ocrx_word' id='word_1_12' title='bbox 652 515 685 575; x_wconf 91' lang='lat' dir='ltr'>et</span> <span class='ocrx_word' id='word_1_13' title='bbox 699 509 790 575; x_wconf 87' lang='lat' dir='ltr'>valde</span> <span class='ocrx_word' id='word_1_14' title='bbox 813 512 935 590; x_wconf 89' lang='lat' dir='ltr'>merito,</span> <span class='ocrx_word' id='word_1_15' title='bbox 954 511 1014 575; x_wconf 90' lang='lat' dir='ltr'>hoo</span> <span class='ocrx_word' id='word_1_16' title='bbox 1037 516 1148 596; x_wconf 88' lang='lat' dir='ltr'>aptum</span> <span class='ocrx_word' id='word_1_17' title='bbox 1171 533 1324 575; x_wconf 87' lang='lat' dir='ltr'>essenon</span> 
     </span>
     <span class='ocr_line' id='line_1_3' title="bbox 114 607 1323 699; baseline 0.005 -28"><span class='ocrx_word' id='word_1_18' title='bbox 114 607 308 674; x_wconf 76' lang='lat' dir='ltr'>habentibus</span> <span class='ocrx_word' id='word_1_19' title='bbox 329 612 380 676; x_wconf 92' lang='lat' dir='ltr'>vel</span> <span class='ocrx_word' id='word_1_20' title='bbox 401 636 466 676; x_wconf 96' lang='lat' dir='ltr'>non</span> <span class='ocrx_word' id='word_1_21' title='bbox 485 614 662 678; x_wconf 90' lang='lat' dir='ltr'>volentibus</span> <span class='ocrx_word' id='word_1_22' title='bbox 684 619 767 679; x_wconf 90' lang='lat' dir='ltr'>recte</span> <span class='ocrx_word' id='word_1_23' title='bbox 788 614 966 699; x_wconf 78' lang='lat' dir='ltr'>intelligere</span> <span class='ocrx_word' id='word_1_24' title='bbox 985 613 1104 678; x_wconf 84' lang='lat' dir='ltr'>Christi</span> <span class='ocrx_word' id='word_1_25' title='bbox 1127 613 1323 699; x_wconf 80' lang='lat' dir='ltr'><strong>mysterium.</strong></span> 
     </span>
     <span class='ocr_line' id='line_1_4' title="bbox 115 711 1467 802; baseline 0.009 -30"><span class='ocrx_word' id='word_1_26' title='bbox 115 711 205 775; x_wconf 90' lang='lat' dir='ltr'>Nam</span> <span class='ocrx_word' id='word_1_27' title='bbox 228 712 406 780; x_wconf 76' lang='lat' dir='ltr'>obcaecavit</span> <span class='ocrx_word' id='word_1_28' title='bbox 426 716 554 800; x_wconf 90' lang='lat' dir='ltr'>quidem</span> <span class='ocrx_word' id='word_1_29' title='bbox 577 725 596 753; x_wconf 91' lang='lat'>“</span> <span class='ocrx_word' id='word_1_30' title='bbox 608 718 686 780; x_wconf 88' lang='lat' dir='ltr'>deus</span> <span class='ocrx_word' id='word_1_31' title='bbox 707 717 822 781; x_wconf 87' lang='lat' dir='ltr'>saeculi</span> <span class='ocrx_word' id='word_1_32' title='bbox 845 717 937 781; x_wconf 86' lang='lat' dir='ltr'>istius</span> <span class='ocrx_word' id='word_1_33' title='bbox 962 715 1193 802; x_wconf 82' lang='lat' dir='ltr'>intelligentias</span> <span class='ocrx_word' id='word_1_34' title='bbox 1214 716 1326 780; x_wconf 86' lang='lat' dir='ltr'>inlide-</span> <span class='ocrx_word' id='word_1_35' title='bbox 1340 734 1420 785; x_wconf 75' lang='lat' dir='ltr'>acor.</span> <span class='ocrx_word' id='word_1_36' title='bbox 1432 735 1467 784; x_wconf 84' lang='lat' dir='ltr'>ir.</span> 
     </span>
     <span class='ocr_line' id='line_1_5' title="bbox 117 809 1362 904; baseline 0.003 -26"><span class='ocrx_word' id='word_1_37' title='bbox 117 809 138 852; x_wconf 91' lang='lat'>“</span> <span class='ocrx_word' id='word_1_38' title='bbox 155 815 267 894; x_wconf 90' lang='lat' dir='ltr'>lium,”</span> <span class='ocrx_word' id='word_1_39' title='bbox 288 824 322 882; x_wconf 91' lang='lat' dir='ltr'>et</span> <span class='ocrx_word' id='word_1_40' title='bbox 344 819 451 884; x_wconf 89' lang='lat' dir='ltr'>lumen</span> <span class='ocrx_word' id='word_1_41' title='bbox 475 819 619 884; x_wconf 90' lang='lat' dir='ltr'>divinum</span> <span class='ocrx_word' id='word_1_42' title='bbox 643 825 677 884; x_wconf 91' lang='lat' dir='ltr'>et</span> <span class='ocrx_word' id='word_1_43' title='bbox 701 819 904 904; x_wconf 75' lang='lat' dir='ltr'>intelligibile</span> <span class='ocrx_word' id='word_1_44' title='bbox 929 820 964 884; x_wconf 91' lang='lat' dir='ltr'>in</span> <span class='ocrx_word' id='word_1_45' title='bbox 985 825 1092 884; x_wconf 90' lang='lat' dir='ltr'>mente</span> <span class='ocrx_word' id='word_1_46' title='bbox 1116 825 1149 884; x_wconf 88' lang='lat' dir='ltr'>et</span> <span class='ocrx_word' id='word_1_47' title='bbox 1173 821 1208 883; x_wconf 93' lang='lat' dir='ltr'>in</span> <span class='ocrx_word' id='word_1_48' title='bbox 1233 817 1362 884; x_wconf 64' lang='lat' dir='ltr'>cordet</span> 
     </span>
     <span class='ocr_line' id='line_1_6' title="bbox 80 920 1324 1006; baseline 0.002 -24"><span class='ocrx_word' id='word_1_49' title='bbox 80 932 99 992; x_wconf 89' lang='lat'><strong>5</strong></span> <span class='ocrx_word' id='word_1_50' title='bbox 117 941 185 982; x_wconf 90' lang='lat' dir='ltr'>non</span> <span class='ocrx_word' id='word_1_51' title='bbox 206 920 356 986; x_wconf 91' lang='lat' dir='ltr'>babentes</span> <span class='ocrx_word' id='word_1_52' title='bbox 378 923 493 987; x_wconf 89' lang='lat' dir='ltr'>merito</span> <span class='ocrx_word' id='word_1_53' title='bbox 514 928 705 987; x_wconf 89' lang='lat' dir='ltr'>erraverunt.</span> <span class='ocrx_word' id='word_1_54' title='bbox 753 923 787 986; x_wconf 91' lang='lat' dir='ltr'>Si</span> <span class='ocrx_word' id='word_1_55' title='bbox 806 945 879 987; x_wconf 90' lang='lat' dir='ltr'>vero</span> <span class='ocrx_word' id='word_1_56' title='bbox 894 922 1021 1006; x_wconf 89' lang='lat' dir='ltr'>quidam</span> <span class='ocrx_word' id='word_1_57' title='bbox 1045 929 1120 987; x_wconf 90' lang='lat' dir='ltr'>sunt</span> <span class='ocrx_word' id='word_1_58' title='bbox 1143 921 1324 1000; x_wconf 89' lang='lat' dir='ltr'>illuminati,</span> 
     </span>
     <span class='ocr_line' id='line_1_7' title="bbox 116 1021 1325 1109; baseline 0.004 -26"><span class='ocrx_word' id='word_1_59' title='bbox 116 1021 224 1106; x_wconf 86' lang='lat' dir='ltr'>magis</span> <span class='ocrx_word' id='word_1_60' title='bbox 249 1046 323 1088; x_wconf 91' lang='lat' dir='ltr'>vero</span> <span class='ocrx_word' id='word_1_61' title='bbox 352 1025 448 1090; x_wconf 89' lang='lat' dir='ltr'>etiam</span> <span class='ocrx_word' id='word_1_62' title='bbox 477 1027 656 1090; x_wconf 89' lang='lat' dir='ltr'>doctoribus</span> <span class='ocrx_word' id='word_1_63' title='bbox 686 1027 911 1103; x_wconf 86' lang='lat' dir='ltr'>connumerati,</span> <span class='ocrx_word' id='word_1_64' title='bbox 938 1025 993 1109; x_wconf 91' lang='lat' dir='ltr'>qui</span> <span class='ocrx_word' id='word_1_65' title='bbox 1019 1025 1176 1090; x_wconf 82' lang='lat' dir='ltr'>similibus</span> <span class='ocrx_word' id='word_1_66' title='bbox 1206 1025 1325 1089; x_wconf 87' lang='lat' dir='ltr'>morbis</span> 
     </span>
     <span class='ocr_line' id='line_1_8' title="bbox 117 1125 1325 1214; baseline 0.005 -27"><span class='ocrx_word' id='word_1_67' title='bbox 117 1125 224 1189; x_wconf 88' lang='lat' dir='ltr'>nescio</span> <span class='ocrx_word' id='word_1_68' title='bbox 245 1130 400 1210; x_wconf 88' lang='lat' dir='ltr'>quomodo</span> <span class='ocrx_word' id='word_1_69' title='bbox 421 1128 544 1193; x_wconf 86' lang='lat' dir='ltr'>detenti</span> <span class='ocrx_word' id='word_1_70' title='bbox 566 1135 651 1207; x_wconf 89' lang='lat' dir='ltr'>sunt,</span> <span class='ocrx_word' id='word_1_71' title='bbox 667 1129 743 1213; x_wconf 92' lang='lat' dir='ltr'>quid</span> <span class='ocrx_word' id='word_1_72' title='bbox 763 1129 849 1193; x_wconf 92' lang='lat' dir='ltr'>aliud</span> <span class='ocrx_word' id='word_1_73' title='bbox 869 1128 914 1192; x_wconf 88' lang='lat' dir='ltr'>eis</span> <span class='ocrx_word' id='word_1_74' title='bbox 927 1128 1042 1212; x_wconf 89' lang='lat' dir='ltr'>aliquis</span> <span class='ocrx_word' id='word_1_75' title='bbox 1062 1129 1212 1193; x_wconf 73' lang='lat' dir='ltr'>acclamet</span> <span class='ocrx_word' id='word_1_76' title='bbox 1229 1150 1325 1214; x_wconf 90' lang='lat' dir='ltr'>quam</span> 
     </span>
     <span class='ocr_line' id='line_1_9' title="bbox 118 1227 1326 1316; baseline 0.004 -27"><span class='ocrx_word' id='word_1_77' title='bbox 118 1227 179 1291; x_wconf 88' lang='lat' dir='ltr'>hoo</span> <span class='ocrx_word' id='word_1_78' title='bbox 208 1229 292 1312; x_wconf 90' lang='lat' dir='ltr'>quod</span> <span class='ocrx_word' id='word_1_79' title='bbox 321 1253 341 1293; x_wconf 90' lang='lat' dir='ltr'>a</span> <span class='ocrx_word' id='word_1_80' title='bbox 366 1232 434 1295; x_wconf 91' lang='lat' dir='ltr'>Deo</span> <span class='ocrx_word' id='word_1_81' title='bbox 463 1231 585 1296; x_wconf 88' lang='lat' dir='ltr'>dietum</span> <span class='ocrx_word' id='word_1_82' title='bbox 615 1236 664 1296; x_wconf 86' lang='lat' dir='ltr'>est</span> <span class='ocrx_word' id='word_1_83' title='bbox 689 1253 869 1316; x_wconf 90' lang='lat' dir='ltr'>perunum</span> <span class='ocrx_word' id='word_1_84' title='bbox 893 1235 1074 1295; x_wconf 86' lang='lat' dir='ltr'>sanctornm</span> <span class='ocrx_word' id='word_1_85' title='bbox 1099 1232 1326 1315; x_wconf 86' lang='lat' dir='ltr'>prophetarum</span> 
     </span>
     <span class='ocr_line' id='line_1_10' title="bbox 119 1329 1469 1419; baseline 0.003 -25"><span class='ocrx_word' id='word_1_86' title='bbox 119 1336 140 1365; x_wconf 93' lang='lat'>“</span> <span class='ocrx_word' id='word_1_87' title='bbox 158 1329 252 1394; x_wconf 80' lang='lat' dir='ltr'>Quod</span> <span class='ocrx_word' id='word_1_88' title='bbox 273 1331 402 1417; x_wconf 89' lang='lat' dir='ltr'>laqueus</span> <span class='ocrx_word' id='word_1_89' title='bbox 422 1333 499 1400; x_wconf 85' lang='lat' dir='ltr'>sacti</span> <span class='ocrx_word' id='word_1_90' title='bbox 518 1334 594 1399; x_wconf 88' lang='lat' dir='ltr'>estis</span> <span class='ocrx_word' id='word_1_91' title='bbox 616 1334 758 1419; x_wconf 89' lang='lat' dir='ltr'>speculae</span> <span class='ocrx_word' id='word_1_92' title='bbox 776 1335 811 1399; x_wconf 91' lang='lat' dir='ltr'>in</span> <span class='ocrx_word' id='word_1_93' title='bbox 825 1333 1007 1399; x_wconf 88' lang='lat' dir='ltr'>visitatione</span> <span class='ocrx_word' id='word_1_94' title='bbox 1024 1339 1057 1398; x_wconf 90' lang='lat' dir='ltr'>et</span> <span class='ocrx_word' id='word_1_95' title='bbox 1072 1333 1154 1398; x_wconf 89' lang='lat' dir='ltr'>sicut</span> <span class='ocrx_word' id='word_1_96' title='bbox 1168 1334 1249 1398; x_wconf 86' lang='lat' dir='ltr'>retia</span> <span class='ocrx_word' id='word_1_97' title='bbox 1271 1357 1325 1399; x_wconf 88' lang='lat' dir='ltr'>ex·</span> <span class='ocrx_word' id='word_1_98' title='bbox 1339 1345 1434 1395; x_wconf 70' lang='lat' dir='ltr'>Hom.</span> <span class='ocrx_word' id='word_1_99' title='bbox 1447 1359 1469 1399; x_wconf 85' lang='lat' dir='ltr'>r.</span> 
     </span>
     <span class='ocr_line' id='line_1_11' title="bbox 63 1434 1326 1522; baseline 0.003 -26"><span class='ocrx_word' id='word_1_100' title='bbox 63 1455 103 1496; x_wconf 90' lang='lat'>10</span> <span class='ocrx_word' id='word_1_101' title='bbox 121 1439 248 1498; x_wconf 88' lang='lat' dir='ltr'>“tensa</span> <span class='ocrx_word' id='word_1_102' title='bbox 277 1434 311 1499; x_wconf 92' lang='lat' dir='ltr'>in</span> <span class='ocrx_word' id='word_1_103' title='bbox 344 1437 517 1501; x_wconf 76' lang='lat' dir='ltr'>statumine</span> <span class='ocrx_word' id='word_1_104' title='bbox 551 1460 646 1522; x_wconf 89' lang='lat' dir='ltr'>quam</span> <span class='ocrx_word' id='word_1_105' title='bbox 677 1439 731 1521; x_wconf 92' lang='lat' dir='ltr'>qui</span> <span class='ocrx_word' id='word_1_106' title='bbox 760 1443 917 1502; x_wconf 83' lang='lat' dir='ltr'>venantur</span> <span class='ocrx_word' id='word_1_107' title='bbox 952 1436 1151 1502; x_wconf 82' lang='lat' dir='ltr'>confixerunt</span> <span class='ocrx_word' id='word_1_108' title='bbox 1166 1434 1210 1499; x_wconf 85' lang='lat'>?’&#39;</span> <span class='ocrx_word' id='word_1_109' title='bbox 1260 1437 1326 1501; x_wconf 82' lang='lat' dir='ltr'>Qui</span> 
     </span>
     <span class='ocr_line' id='line_1_12' title="bbox 119 1535 1325 1624; baseline 0.005 -26"><span class='ocrx_word' id='word_1_110' title='bbox 119 1535 205 1599; x_wconf 91' lang='lat' dir='ltr'>enim</span> <span class='ocrx_word' id='word_1_111' title='bbox 228 1539 491 1623; x_wconf 84' lang='lat' dir='ltr'>quamplurimam</span> <span class='ocrx_word' id='word_1_112' title='bbox 511 1541 684 1605; x_wconf 87' lang='lat' dir='ltr'>utilitatem</span> <span class='ocrx_word' id='word_1_113' title='bbox 705 1540 854 1624; x_wconf 85' lang='lat' dir='ltr'>subjectis</span> <span class='ocrx_word' id='word_1_114' title='bbox 877 1539 980 1624; x_wconf 82' lang='lat' dir='ltr'>magis</span> <span class='ocrx_word' id='word_1_115' title='bbox 1001 1539 1101 1604; x_wconf 85' lang='lat' dir='ltr'>facere</span> <span class='ocrx_word' id='word_1_116' title='bbox 1123 1539 1249 1619; x_wconf 87' lang='lat' dir='ltr'>debent,</span> <span class='ocrx_word' id='word_1_117' title='bbox 1270 1539 1325 1604; x_wconf 91' lang='lat' dir='ltr'>isti</span> 
     </span>
     <span class='ocr_line' id='line_1_13' title="bbox 118 1638 1325 1726; baseline 0.004 -24"><span class='ocrx_word' id='word_1_118' title='bbox 118 1638 250 1703; x_wconf 82' lang='lat' dir='ltr'>fuerunt</span> <span class='ocrx_word' id='word_1_119' title='bbox 263 1647 296 1705; x_wconf 91' lang='lat' dir='ltr'>et</span> <span class='ocrx_word' id='word_1_120' title='bbox 310 1641 439 1726; x_wconf 85' lang='lat' dir='ltr'>laqueus</span> <span class='ocrx_word' id='word_1_121' title='bbox 454 1649 487 1707; x_wconf 92' lang='lat' dir='ltr'>et</span> <span class='ocrx_word' id='word_1_122' title='bbox 509 1649 576 1708; x_wconf 90' lang='lat' dir='ltr'>rete</span> <span class='ocrx_word' id='word_1_123' title='bbox 599 1649 632 1707; x_wconf 91' lang='lat' dir='ltr'>et</span> <span class='ocrx_word' id='word_1_124' title='bbox 654 1643 794 1707; x_wconf 80' lang='lat' dir='ltr'>scandali</span> <span class='ocrx_word' id='word_1_125' title='bbox 815 1642 934 1706; x_wconf 75' lang='lat' dir='ltr'>occasio</span> <span class='ocrx_word' id='word_1_126' title='bbox 958 1648 990 1706; x_wconf 88' lang='lat' dir='ltr'>et</span> <span class='ocrx_word' id='word_1_127' title='bbox 1011 1647 1177 1726; x_wconf 83' lang='lat' dir='ltr'>petaurum</span> <span class='ocrx_word' id='word_1_128' title='bbox 1200 1643 1325 1708; x_wconf 86' lang='lat' dir='ltr'>inferni.</span> 
     </span>
     <span class='ocr_line' id='line_1_14' title="bbox 118 1742 1327 1830; baseline 0.004 -25"><span class='ocrx_word' id='word_1_129' title='bbox 118 1743 166 1805; x_wconf 84' lang='lat' dir='ltr'>Et</span> <span class='ocrx_word' id='word_1_130' title='bbox 187 1742 250 1806; x_wconf 86' lang='lat' dir='ltr'>ista</span> <span class='ocrx_word' id='word_1_131' title='bbox 270 1742 340 1809; x_wconf 90' lang='lat' dir='ltr'>dico</span> <span class='ocrx_word' id='word_1_132' title='bbox 362 1744 495 1809; x_wconf 88' lang='lat' dir='ltr'>miratus</span> <span class='ocrx_word' id='word_1_133' title='bbox 517 1745 607 1810; x_wconf 88' lang='lat' dir='ltr'>valde</span> <span class='ocrx_word' id='word_1_134' title='bbox 630 1751 664 1810; x_wconf 92' lang='lat' dir='ltr'>et</span> <span class='ocrx_word' id='word_1_135' title='bbox 685 1746 790 1812; x_wconf 90' lang='lat' dir='ltr'>videre</span> <span class='ocrx_word' id='word_1_136' title='bbox 811 1768 876 1810; x_wconf 93' lang='lat' dir='ltr'>non</span> <span class='ocrx_word' id='word_1_137' title='bbox 897 1751 1010 1830; x_wconf 87' lang='lat' dir='ltr'>potens</span> <span class='ocrx_word' id='word_1_138' title='bbox 1031 1744 1071 1809; x_wconf 88' lang='lat' dir='ltr'>ad</span> <span class='ocrx_word' id='word_1_139' title='bbox 1096 1746 1172 1830; x_wconf 92' lang='lat' dir='ltr'>quid</span> <span class='ocrx_word' id='word_1_140' title='bbox 1199 1745 1327 1830; x_wconf 87' lang='lat' dir='ltr'>respicit</span> 
     </span>
     <span class='ocr_line' id='line_1_15' title="bbox 119 1845 1326 1935; baseline 0.006 -28"><span class='ocrx_word' id='word_1_141' title='bbox 119 1845 257 1911; x_wconf 89' lang='lat' dir='ltr'>intentio</span> <span class='ocrx_word' id='word_1_142' title='bbox 282 1847 462 1912; x_wconf 86' lang='lat' dir='ltr'>adversarii.</span> <span class='ocrx_word' id='word_1_143' title='bbox 515 1849 602 1912; x_wconf 89' lang='lat' dir='ltr'>Nam</span> <span class='ocrx_word' id='word_1_144' title='bbox 631 1849 790 1914; x_wconf 83' lang='lat' dir='ltr'>confessus</span> <span class='ocrx_word' id='word_1_145' title='bbox 822 1854 871 1913; x_wconf 90' lang='lat' dir='ltr'>est</span> <span class='ocrx_word' id='word_1_146' title='bbox 895 1848 1021 1935; x_wconf 91' lang='lat' dir='ltr'>quidem</span> <span class='ocrx_word' id='word_1_147' title='bbox 1047 1849 1217 1927; x_wconf 87' lang='lat' dir='ltr'>evidenter,</span> <span class='ocrx_word' id='word_1_148' title='bbox 1241 1849 1326 1934; x_wconf 88' lang='lat' dir='ltr'>quod</span> 
     </span>
     <span class='ocr_line' id='line_1_16' title="bbox 65 1949 1326 2032; baseline 0.005 -21"><span class='ocrx_word' id='word_1_149' title='bbox 65 1969 105 2027; x_wconf 88' lang='lat'>¹5</span> <span class='ocrx_word' id='word_1_150' title='bbox 121 1970 178 2032; x_wconf 89' lang='lat' dir='ltr'>per</span> <span class='ocrx_word' id='word_1_151' title='bbox 193 1949 310 2014; x_wconf 79' lang='lat' dir='ltr'>Filium</span> <span class='ocrx_word' id='word_1_152' title='bbox 331 1952 455 2016; x_wconf 89' lang='lat' dir='ltr'>locutus</span> <span class='ocrx_word' id='word_1_153' title='bbox 477 1957 526 2017; x_wconf 86' lang='lat' dir='ltr'>est</span> <span class='ocrx_word' id='word_1_154' title='bbox 547 1953 638 2017; x_wconf 92' lang='lat' dir='ltr'>nobis</span> <span class='ocrx_word' id='word_1_155' title='bbox 653 1954 740 2018; x_wconf 90' lang='lat' dir='ltr'>Deus</span> <span class='ocrx_word' id='word_1_156' title='bbox 762 1959 795 2018; x_wconf 90' lang='lat' dir='ltr'>et</span> <span class='ocrx_word' id='word_1_157' title='bbox 809 1952 922 2030; x_wconf 75' lang='lat' dir='ltr'>Pater-3</span> <span class='ocrx_word' id='word_1_158' title='bbox 949 1975 1016 2017; x_wconf 86' lang='lat' dir='ltr'>esse</span> <span class='ocrx_word' id='word_1_159' title='bbox 1031 1975 1105 2016; x_wconf 93' lang='lat' dir='ltr'>vero</span> <span class='ocrx_word' id='word_1_160' title='bbox 1125 1953 1224 2017; x_wconf 86' lang='lat' dir='ltr'>istum</span> <span class='ocrx_word' id='word_1_161' title='bbox 1247 1953 1326 2017; x_wconf 90' lang='lat' dir='ltr'>dicit</span> 
     </span>
     <span class='ocr_line' id='line_1_17' title="bbox 120 2054 1485 2142; baseline 0.001 -26"><span class='ocrx_word' id='word_1_162' title='bbox 120 2059 319 2135; x_wconf 88' lang='lat' dir='ltr'>assumptum</span> <span class='ocrx_word' id='word_1_163' title='bbox 340 2054 510 2132; x_wconf 89' lang='lat' dir='ltr'>hominem,</span> <span class='ocrx_word' id='word_1_164' title='bbox 526 2055 647 2119; x_wconf 90' lang='lat' dir='ltr'>nnllam</span> <span class='ocrx_word' id='word_1_165' title='bbox 667 2056 838 2120; x_wconf 90' lang='lat' dir='ltr'>habentem</span> <span class='ocrx_word' id='word_1_166' title='bbox 856 2055 925 2119; x_wconf 89' lang='lat' dir='ltr'>Deo</span> <span class='ocrx_word' id='word_1_167' title='bbox 939 2054 1046 2120; x_wconf 87' lang='lat' dir='ltr'>Verbo</span> <span class='ocrx_word' id='word_1_168' title='bbox 1066 2056 1181 2119; x_wconf 87' lang='lat' dir='ltr'>adhoc</span> <span class='ocrx_word' id='word_1_169' title='bbox 1204 2054 1324 2118; x_wconf 87' lang='lat' dir='ltr'>dictum</span> <span class='ocrx_word' id='word_1_170' title='bbox 1338 2077 1420 2142; x_wconf 68' lang='lat' dir='ltr'>Supra</span> <span class='ocrx_word' id='word_1_171' title='bbox 1429 2091 1485 2140; x_wconf 70' lang='lat'>534,</span> 
     </span>
     <span class='ocr_line' id='line_1_18' title="bbox 121 2155 1379 2241; baseline 0.003 -23"><span class='ocrx_word' id='word_1_172' title='bbox 121 2155 385 2223; x_wconf 89' lang='lat' dir='ltr'>communionem.</span> <span class='ocrx_word' id='word_1_173' title='bbox 432 2156 597 2222; x_wconf 80' lang='lat' dir='ltr'>Quomodo</span> <span class='ocrx_word' id='word_1_174' title='bbox 622 2157 723 2241; x_wconf 85' lang='lat' dir='ltr'>igitur</span> <span class='ocrx_word' id='word_1_175' title='bbox 748 2180 812 2222; x_wconf 92' lang='lat' dir='ltr'>non</span> <span class='ocrx_word' id='word_1_176' title='bbox 838 2158 984 2222; x_wconf 91' lang='lat' dir='ltr'>omnibus</span> <span class='ocrx_word' id='word_1_177' title='bbox 1007 2157 1175 2222; x_wconf 85' lang='lat' dir='ltr'>manifesta</span> <span class='ocrx_word' id='word_1_178' title='bbox 1197 2163 1245 2222; x_wconf 90' lang='lat' dir='ltr'>est</span> <span class='ocrx_word' id='word_1_179' title='bbox 1271 2157 1326 2221; x_wconf 93' lang='lat' dir='ltr'>ad-</span> <span class='ocrx_word' id='word_1_180' title='bbox 1339 2157 1379 2193; x_wconf 82' lang='lat'>²¹·</span> 
     </span>
     <span class='ocr_line' id='line_1_19' title="bbox 122 2260 1325 2344; baseline 0.001 -21"><span class='ocrx_word' id='word_1_181' title='bbox 122 2280 230 2323; x_wconf 90' lang='lat' dir='ltr'>versus</span> <span class='ocrx_word' id='word_1_182' title='bbox 252 2261 378 2324; x_wconf 88' lang='lat' dir='ltr'>beatum</span> <span class='ocrx_word' id='word_1_183' title='bbox 395 2260 529 2324; x_wconf 92' lang='lat' dir='ltr'>Paulum</span> <span class='ocrx_word' id='word_1_184' title='bbox 551 2260 716 2337; x_wconf 89' lang='lat' dir='ltr'>calumnia,</span> <span class='ocrx_word' id='word_1_185' title='bbox 738 2261 841 2344; x_wconf 84' lang='lat' dir='ltr'>magis</span> <span class='ocrx_word' id='word_1_186' title='bbox 856 2283 930 2325; x_wconf 88' lang='lat' dir='ltr'>vero</span> <span class='ocrx_word' id='word_1_187' title='bbox 952 2261 1050 2343; x_wconf 89' lang='lat' dir='ltr'>ipsius</span> <span class='ocrx_word' id='word_1_188' title='bbox 1070 2261 1212 2325; x_wconf 83' lang='lat' dir='ltr'>veritatis</span> <span class='ocrx_word' id='word_1_189' title='bbox 1234 2283 1325 2325; x_wconf 87' lang='lat' dir='ltr'>aecu-</span> 
     </span>
     <span class='ocr_line' id='line_1_20' title="bbox 122 2361 1478 2447; baseline 0.001 -21"><span class='ocrx_word' id='word_1_190' title='bbox 122 2361 228 2426; x_wconf 83' lang='lat' dir='ltr'>satio?</span> <span class='ocrx_word' id='word_1_191' title='bbox 248 2385 306 2427; x_wconf 88' lang='lat' dir='ltr'>nec</span> <span class='ocrx_word' id='word_1_192' title='bbox 324 2363 409 2426; x_wconf 91' lang='lat' dir='ltr'>enim</span> <span class='ocrx_word' id='word_1_193' title='bbox 429 2363 473 2428; x_wconf 91' lang='lat' dir='ltr'>sic</span> <span class='ocrx_word' id='word_1_194' title='bbox 495 2363 652 2427; x_wconf 83' lang='lat' dir='ltr'>intellexit</span> <span class='ocrx_word' id='word_1_195' title='bbox 668 2362 823 2446; x_wconf 86' lang='lat' dir='ltr'>Spiritum</span> <span class='ocrx_word' id='word_1_196' title='bbox 839 2363 992 2426; x_wconf 88' lang='lat' dir='ltr'>Sanctum</span> <span class='ocrx_word' id='word_1_197' title='bbox 1015 2363 1134 2427; x_wconf 89' lang='lat' dir='ltr'>habens</span> <span class='ocrx_word' id='word_1_198' title='bbox 1155 2363 1324 2447; x_wconf 86' lang='lat' dir='ltr'>apostolus.</span> <span class='ocrx_word' id='word_1_199' title='bbox 1341 2370 1421 2420; x_wconf 68' lang='lat' dir='ltr'>icor.</span> <span class='ocrx_word' id='word_1_200' title='bbox 1434 2370 1478 2419; x_wconf 80' lang='lat' dir='ltr'>vii.</span> 
     </span>
     <span class='ocr_line' id='line_1_21' title="bbox 66 2450 1379 2550; baseline 0.002 -23"><span class='ocrx_word' id='word_1_201' title='bbox 66 2465 247 2528; x_wconf 84' lang='lat' dir='ltr'>201terum</span> <span class='ocrx_word' id='word_1_202' title='bbox 268 2487 343 2530; x_wconf 89' lang='lat' dir='ltr'>vero</span> <span class='ocrx_word' id='word_1_203' title='bbox 368 2465 491 2530; x_wconf 82' lang='lat' dir='ltr'>derivat</span> <span class='ocrx_word' id='word_1_204' title='bbox 512 2465 699 2550; x_wconf 87' lang='lat' dir='ltr'>dogmatum</span> <span class='ocrx_word' id='word_1_205' title='bbox 721 2465 941 2530; x_wconf 86' lang='lat' dir='ltr'>rectitudinem</span> <span class='ocrx_word' id='word_1_206' title='bbox 962 2466 1003 2530; x_wconf 89' lang='lat' dir='ltr'>ad</span> <span class='ocrx_word' id='word_1_207' title='bbox 1025 2489 1114 2530; x_wconf 82' lang='lat' dir='ltr'>arram</span> <span class='ocrx_word' id='word_1_208' title='bbox 1136 2466 1326 2550; x_wconf 87' lang='lat' dir='ltr'>placentiam</span> <span class='ocrx_word' id='word_1_209' title='bbox 1338 2450 1379 2499; x_wconf 72' lang='lat'>⁴⁰·</span> 
     </span>
     <span class='ocr_line' id='line_1_22' title="bbox 123 2569 328 2633; baseline -0.005 0"><span class='ocrx_word' id='word_1_210' title='bbox 123 2569 328 2633; x_wconf 87' lang='lat' dir='ltr'>adversarius.</span> 
     </span>
    </p>
   </div>
   <div class='ocr_carea' id='block_1_3' title="bbox 160 2791 1295 2962">
    <p class='ocr_par' dir='ltr' id='par_1_3' title="bbox 160 2791 1295 2962">
     <span class='ocr_line' id='line_1_23' title="bbox 160 2791 1295 2878; baseline 0 -21"><span class='ocrx_word' id='word_1_211' title='bbox 160 2793 211 2857; x_wconf 83' lang='lat' dir='ltr'>Ex</span> <span class='ocrx_word' id='word_1_212' title='bbox 225 2793 360 2857; x_wconf 88' lang='lat' dir='ltr'>secundo</span> <span class='ocrx_word' id='word_1_213' title='bbox 378 2792 459 2859; x_wconf 91' lang='lat' dir='ltr'>libro</span> <span class='ocrx_word' id='word_1_214' title='bbox 474 2793 587 2877; x_wconf 87' lang='lat' dir='ltr'>Cyrilli</span> <span class='ocrx_word' id='word_1_215' title='bbox 602 2793 750 2878; x_wconf 82' lang='lat' dir='ltr'>Episcopi</span> <span class='ocrx_word' id='word_1_216' title='bbox 765 2793 975 2857; x_wconf 85' lang='lat' dir='ltr'>Alexandriae</span> <span class='ocrx_word' id='word_1_217' title='bbox 993 2792 1032 2857; x_wconf 92' lang='lat' dir='ltr'>do</span> <span class='ocrx_word' id='word_1_218' title='bbox 1051 2791 1185 2877; x_wconf 91' lang='lat' dir='ltr'>eoquod</span> <span class='ocrx_word' id='word_1_219' title='bbox 1201 2793 1295 2857; x_wconf 94' lang='lat' dir='ltr'>Unus</span> 
     </span>
     <span class='ocr_line' id='line_1_24' title="bbox 473 2895 967 2962; baseline -0.002 -2"><span class='ocrx_word' id='word_1_220' title='bbox 473 2895 619 2960; x_wconf 88' lang='lat' dir='ltr'>Christus</span> <span class='ocrx_word' id='word_1_221' title='bbox 635 2902 746 2962; x_wconf 90' lang='lat' dir='ltr'>contra</span> <span class='ocrx_word' id='word_1_222' title='bbox 760 2895 967 2961; x_wconf 80' lang='lat' dir='ltr'>Theodorum.</span> 
     </span>
    </p>
   </div>
   <div class='ocr_carea' id='block_1_4' title="bbox 68 3031 1326 3840">
    <p class='ocr_par' dir='ltr' id='par_1_4' title="bbox 169 3031 1324 3118">
     <span class='ocr_line' id='line_1_25' title="bbox 169 3031 1324 3118; baseline -0.001 -21"><span class='ocrx_word' id='word_1_223' title='bbox 169 3031 262 3098; x_wconf 79' lang='lat' dir='ltr'>Quod</span> <span class='ocrx_word' id='word_1_224' title='bbox 287 3039 393 3097; x_wconf 70' lang='lat' dir='ltr'>tamma</span> <span class='ocrx_word' id='word_1_225' title='bbox 418 3033 520 3098; x_wconf 86' lang='lat' dir='ltr'>voluit</span> <span class='ocrx_word' id='word_1_226' title='bbox 541 3033 657 3117; x_wconf 88' lang='lat' dir='ltr'>impius</span> <span class='ocrx_word' id='word_1_227' title='bbox 682 3033 851 3098; x_wconf 88' lang='lat' dir='ltr'>Nestorius</span> <span class='ocrx_word' id='word_1_228' title='bbox 874 3032 1025 3118; x_wconf 85' lang='lat' dir='ltr'>dogmata</span> <span class='ocrx_word' id='word_1_229' title='bbox 1049 3033 1204 3098; x_wconf 77' lang='lat' dir='ltr'>Theodori</span> <span class='ocrx_word' id='word_1_230' title='bbox 1227 3032 1324 3118; x_wconf 89' lang='lat' dir='ltr'>sequi,</span> 
     </span>
    </p>

    <p class='ocr_par' dir='ltr' id='par_1_5' title="bbox 68 3135 1326 3322">
     <span class='ocr_line' id='line_1_26' title="bbox 68 3135 1326 3221; baseline -0.002 -19"><span class='ocrx_word' id='word_1_231' title='bbox 68 3141 111 3202; x_wconf 81' lang='lat'>²5</span> <span class='ocrx_word' id='word_1_232' title='bbox 127 3158 189 3200; x_wconf 92' lang='lat' dir='ltr'>non</span> <span class='ocrx_word' id='word_1_233' title='bbox 211 3137 439 3201; x_wconf 89' lang='lat' dir='ltr'>absolutionem</span> <span class='ocrx_word' id='word_1_234' title='bbox 461 3137 490 3201; x_wconf 92' lang='lat' dir='ltr'>ei</span> <span class='ocrx_word' id='word_1_235' title='bbox 512 3135 746 3200; x_wconf 87' lang='lat' dir='ltr'>accusationum</span> <span class='ocrx_word' id='word_1_236' title='bbox 766 3136 861 3201; x_wconf 86' lang='lat' dir='ltr'>facit:</span> <span class='ocrx_word' id='word_1_237' title='bbox 885 3136 968 3200; x_wconf 92' lang='lat' dir='ltr'>unde</span> <span class='ocrx_word' id='word_1_238' title='bbox 989 3137 1094 3221; x_wconf 85' lang='lat' dir='ltr'>magis</span> <span class='ocrx_word' id='word_1_239' title='bbox 1108 3159 1182 3201; x_wconf 88' lang='lat' dir='ltr'>vero</span> <span class='ocrx_word' id='word_1_240' title='bbox 1197 3135 1326 3220; x_wconf 83' lang='lat' dir='ltr'>grandi-</span> 
     </span>
     <span class='ocr_line' id='line_1_27' title="bbox 125 3237 1326 3322; baseline 0.002 -20"><span class='ocrx_word' id='word_1_241' title='bbox 125 3261 209 3302; x_wconf 91' lang='lat' dir='ltr'>orem</span> <span class='ocrx_word' id='word_1_242' title='bbox 232 3239 380 3303; x_wconf 91' lang='lat' dir='ltr'>adversus</span> <span class='ocrx_word' id='word_1_243' title='bbox 402 3261 473 3302; x_wconf 90' lang='lat' dir='ltr'>eum</span> <span class='ocrx_word' id='word_1_244' title='bbox 496 3237 748 3304; x_wconf 88' lang='lat' dir='ltr'>inclamationem</span> <span class='ocrx_word' id='word_1_245' title='bbox 771 3240 960 3322; x_wconf 87' lang='lat' dir='ltr'>operabitur.</span> <span class='ocrx_word' id='word_1_246' title='bbox 1005 3238 1088 3303; x_wconf 88' lang='lat' dir='ltr'>Cum</span> <span class='ocrx_word' id='word_1_247' title='bbox 1111 3239 1196 3303; x_wconf 91' lang='lat' dir='ltr'>enim</span> <span class='ocrx_word' id='word_1_248' title='bbox 1217 3239 1326 3304; x_wconf 90' lang='lat' dir='ltr'>liceret</span> 
     </span>
    </p>

    <p class='ocr_par' dir='ltr' id='par_1_6' title="bbox 70 3340 1326 3840">
     <span class='ocr_line' id='line_1_28' title="bbox 125 3340 1324 3426; baseline 0.001 -21"><span class='ocrx_word' id='word_1_249' title='bbox 125 3341 155 3405; x_wconf 87' lang='lat' dir='ltr'>ei</span> <span class='ocrx_word' id='word_1_250' title='bbox 169 3347 347 3406; x_wconf 88' lang='lat' dir='ltr'>sanctorum</span> <span class='ocrx_word' id='word_1_251' title='bbox 362 3347 490 3426; x_wconf 92' lang='lat' dir='ltr'>patrum</span> <span class='ocrx_word' id='word_1_252' title='bbox 502 3341 594 3406; x_wconf 87' lang='lat' dir='ltr'>rectis</span> <span class='ocrx_word' id='word_1_253' title='bbox 607 3340 709 3406; x_wconf 89' lang='lat' dir='ltr'>verbis</span> <span class='ocrx_word' id='word_1_254' title='bbox 721 3348 754 3407; x_wconf 92' lang='lat' dir='ltr'>et</span> <span class='ocrx_word' id='word_1_255' title='bbox 762 3342 974 3408; x_wconf 90' lang='lat' dir='ltr'>immaculatis</span> <span class='ocrx_word' id='word_1_256' title='bbox 989 3342 1027 3408; x_wconf 95' lang='lat' dir='ltr'>de</span> <span class='ocrx_word' id='word_1_257' title='bbox 1041 3343 1159 3408; x_wconf 85' lang='lat' dir='ltr'>deitate</span> <span class='ocrx_word' id='word_1_258' title='bbox 1172 3341 1324 3407; x_wconf 89' lang='lat' dir='ltr'>sermoni-</span> 
     </span>
     <span class='ocr_line' id='line_1_29' title="bbox 124 3444 1325 3530; baseline 0.001 -21"><span class='ocrx_word' id='word_1_259' title='bbox 124 3447 183 3510; x_wconf 90' lang='lat' dir='ltr'>bus</span> <span class='ocrx_word' id='word_1_260' title='bbox 209 3446 315 3530; x_wconf 92' lang='lat' dir='ltr'>potiri,</span> <span class='ocrx_word' id='word_1_261' title='bbox 339 3446 535 3530; x_wconf 89' lang='lat' dir='ltr'>proposuisse</span> <span class='ocrx_word' id='word_1_262' title='bbox 558 3444 756 3529; x_wconf 82' lang='lat' dir='ltr'>dignoscitur</span> <span class='ocrx_word' id='word_1_263' title='bbox 777 3447 907 3512; x_wconf 87' lang='lat' dir='ltr'>veritati</span> <span class='ocrx_word' id='word_1_264' title='bbox 929 3448 1137 3512; x_wconf 86' lang='lat' dir='ltr'>mendacium.</span> <span class='ocrx_word' id='word_1_265' title='bbox 1182 3448 1325 3512; x_wconf 90' lang='lat' dir='ltr'>Praeter·</span> 
     </span>
     <span class='ocr_line' id='line_1_30' title="bbox 125 3548 1325 3636; baseline 0.002 -24"><span class='ocrx_word' id='word_1_266' title='bbox 125 3549 213 3613; x_wconf 86' lang='lat' dir='ltr'>misit</span> <span class='ocrx_word' id='word_1_267' title='bbox 235 3549 319 3612; x_wconf 90' lang='lat' dir='ltr'>enim</span> <span class='ocrx_word' id='word_1_268' title='bbox 340 3571 420 3633; x_wconf 90' lang='lat' dir='ltr'>qnae</span> <span class='ocrx_word' id='word_1_269' title='bbox 440 3548 567 3612; x_wconf 87' lang='lat' dir='ltr'>illorum</span> <span class='ocrx_word' id='word_1_270' title='bbox 587 3555 681 3627; x_wconf 90' lang='lat' dir='ltr'>sunt;</span> <span class='ocrx_word' id='word_1_271' title='bbox 713 3551 817 3634; x_wconf 86' lang='lat' dir='ltr'>magis</span> <span class='ocrx_word' id='word_1_272' title='bbox 832 3573 905 3616; x_wconf 93' lang='lat' dir='ltr'>vero</span> <span class='ocrx_word' id='word_1_273' title='bbox 927 3551 1023 3635; x_wconf 86' lang='lat' dir='ltr'>elegit</span> <span class='ocrx_word' id='word_1_274' title='bbox 1045 3551 1191 3636; x_wconf 91' lang='lat' dir='ltr'>turpibus</span> <span class='ocrx_word' id='word_1_275' title='bbox 1212 3551 1325 3614; x_wconf 89' lang='lat' dir='ltr'>adhae-</span> 
     </span>
     <span class='ocr_line' id='line_1_31' title="bbox 70 3651 1326 3737; baseline 0.001 -23"><span class='ocrx_word' id='word_1_276' title='bbox 70 3673 202 3734; x_wconf 72' lang='lat' dir='ltr'>gerere,</span> <span class='ocrx_word' id='word_1_277' title='bbox 217 3658 251 3717; x_wconf 91' lang='lat' dir='ltr'>et</span> <span class='ocrx_word' id='word_1_278' title='bbox 269 3657 337 3716; x_wconf 90' lang='lat' dir='ltr'>tarn</span> <span class='ocrx_word' id='word_1_279' title='bbox 352 3651 494 3716; x_wconf 88' lang='lat' dir='ltr'>distortis</span> <span class='ocrx_word' id='word_1_280' title='bbox 515 3651 683 3716; x_wconf 85' lang='lat' dir='ltr'>laetificare</span> <span class='ocrx_word' id='word_1_281' title='bbox 703 3655 908 3718; x_wconf 87' lang='lat' dir='ltr'>sermonibus.</span> <span class='ocrx_word' id='word_1_282' title='bbox 955 3653 1052 3717; x_wconf 87' lang='lat' dir='ltr'>Hune</span> <span class='ocrx_word' id='word_1_283' title='bbox 1066 3676 1139 3718; x_wconf 91' lang='lat' dir='ltr'>vero</span> <span class='ocrx_word' id='word_1_284' title='bbox 1154 3653 1209 3737; x_wconf 90' lang='lat' dir='ltr'>qni</span> <span class='ocrx_word' id='word_1_285' title='bbox 1229 3652 1326 3716; x_wconf 86' lang='lat' dir='ltr'>talem</span> 
     </span>
     <span class='ocr_line' id='line_1_32' title="bbox 125 3753 1326 3840; baseline -0.001 -21"><span class='ocrx_word' id='word_1_286' title='bbox 125 3754 221 3819; x_wconf 89' lang='lat' dir='ltr'>habet</span> <span class='ocrx_word' id='word_1_287' title='bbox 234 3755 432 3821; x_wconf 86' lang='lat' dir='ltr'>voluntatem</span> <span class='ocrx_word' id='word_1_288' title='bbox 452 3759 485 3818; x_wconf 92' lang='lat' dir='ltr'>et</span> <span class='ocrx_word' id='word_1_289' title='bbox 503 3753 705 3834; x_wconf 89' lang='lat' dir='ltr'>dementiam,</span> <span class='ocrx_word' id='word_1_290' title='bbox 720 3755 755 3819; x_wconf 93' lang='lat' dir='ltr'>in</span> <span class='ocrx_word' id='word_1_291' title='bbox 776 3756 836 3820; x_wconf 91' lang='lat' dir='ltr'>hoe</span> <span class='ocrx_word' id='word_1_292' title='bbox 858 3756 1019 3820; x_wconf 85' lang='lat' dir='ltr'>desiluisse</span> <span class='ocrx_word' id='word_1_293' title='bbox 1041 3755 1182 3840; x_wconf 90' lang='lat' dir='ltr'>inculpet</span> <span class='ocrx_word' id='word_1_294' title='bbox 1203 3755 1326 3839; x_wconf 87' lang='lat' dir='ltr'>aliquis,</span> 
     </span>
    </p>
   </div>
   <div class='ocr_carea' id='block_1_5' title="bbox 125 3944 1329 4652">
    <p class='ocr_par' dir='ltr' id='par_1_7' title="bbox 125 3944 1329 4652">
     <span class='ocr_line' id='line_1_33' title="bbox 164 3944 1327 4018; baseline -0.003 -16"><span class='ocrx_word' id='word_1_295' title='bbox 164 3963 188 4002; x_wconf 87' lang='lat'>1.</span> <span class='ocrx_word' id='word_1_296' title='bbox 205 3945 307 4018; x_wconf 86' lang='lat' dir='ltr'>antem]</span> <span class='ocrx_word' id='word_1_297' title='bbox 320 3946 392 4002; x_wconf 86' lang='lat' dir='ltr'>enirn</span> <span class='ocrx_word' id='word_1_298' title='bbox 404 3945 441 4000; x_wconf 92' lang='lat' dir='ltr'>D.</span> <span class='ocrx_word' id='word_1_299' title='bbox 488 3944 552 4016; x_wconf 86' lang='lat' dir='ltr'>hoc]</span> <span class='ocrx_word' id='word_1_300' title='bbox 567 3944 657 4000; x_wconf 88' lang='lat' dir='ltr'>Ohoc</span> <span class='ocrx_word' id='word_1_301' title='bbox 670 3945 732 4018; x_wconf 85' lang='lat' dir='ltr'>(sic)</span> <span class='ocrx_word' id='word_1_302' title='bbox 746 3945 783 4000; x_wconf 91' lang='lat' dir='ltr'>D.</span> <span class='ocrx_word' id='word_1_303' title='bbox 875 3963 902 4018; x_wconf 83' lang='lat'>3.</span> <span class='ocrx_word' id='word_1_304' title='bbox 920 3945 1083 4017; x_wconf 82' lang='lat' dir='ltr'>obcaecavit]</span> <span class='ocrx_word' id='word_1_305' title='bbox 1097 3946 1148 4000; x_wconf 88' lang='lat' dir='ltr'>hoc</span> <span class='ocrx_word' id='word_1_306' title='bbox 1161 3945 1276 4000; x_wconf 87' lang='lat' dir='ltr'>caecavit</span> <span class='ocrx_word' id='word_1_307' title='bbox 1289 3944 1327 3999; x_wconf 92' lang='lat' dir='ltr'>D.</span> 
     </span>
     <span class='ocr_line' id='line_1_34' title="bbox 126 4014 1326 4088; baseline -0.002 -17"><span class='ocrx_word' id='word_1_308' title='bbox 126 4017 193 4072; x_wconf 86' lang='lat' dir='ltr'>deus</span> <span class='ocrx_word' id='word_1_309' title='bbox 204 4035 253 4072; x_wconf 88' lang='lat' dir='ltr'>om.</span> <span class='ocrx_word' id='word_1_310' title='bbox 267 4017 304 4072; x_wconf 88' lang='lat' dir='ltr'>D.</span> <span class='ocrx_word' id='word_1_311' title='bbox 411 4035 436 4082; x_wconf 83' lang='lat'>4.</span> <span class='ocrx_word' id='word_1_312' title='bbox 455 4017 546 4070; x_wconf 88' lang='lat' dir='ltr'>lumen</span> <span class='ocrx_word' id='word_1_313' title='bbox 559 4015 679 4070; x_wconf 86' lang='lat' dir='ltr'>divinum</span> <span class='ocrx_word' id='word_1_314' title='bbox 692 4026 718 4070; x_wconf 83' lang='lat' dir='ltr'>et</span> <span class='ocrx_word' id='word_1_315' title='bbox 730 4017 817 4070; x_wconf 78' lang='lat' dir='ltr'>omisit</span> <span class='ocrx_word' id='word_1_316' title='bbox 829 4016 879 4071; x_wconf 86' lang='lat' dir='ltr'>Ed.</span> <span class='ocrx_word' id='word_1_317' title='bbox 995 4033 1021 4088; x_wconf 88' lang='lat'>9.</span> <span class='ocrx_word' id='word_1_318' title='bbox 1040 4016 1176 4070; x_wconf 82' lang='lat' dir='ltr'>lactiestis</span> <span class='ocrx_word' id='word_1_319' title='bbox 1190 4014 1326 4087; x_wconf 78' lang='lat' dir='ltr'>spemrlae]</span> 
     </span>
     <span class='ocr_line' id='line_1_35' title="bbox 125 4084 1327 4212; baseline -0.001 -71"><span class='ocrx_word' id='word_1_320' title='bbox 125 4088 226 4142; x_wconf 73' lang='lat' dir='ltr'>saciata</span> <span class='ocrx_word' id='word_1_321' title='bbox 238 4088 384 4168; x_wconf 85' lang='lat' dir='ltr'>inspiculae</span> <span class='ocrx_word' id='word_1_322' title='bbox 396 4086 433 4141; x_wconf 91' lang='lat' dir='ltr'>D.</span> <span class='ocrx_word' id='word_1_323' title='bbox 543 4103 584 4153; x_wconf 82' lang='lat'>14.</span> <span class='ocrx_word' id='word_1_324' title='bbox 602 4085 789 4212; x_wconf 51' lang='lat' dir='ltr'>elidenoerllet</span> <span class='ocrx_word' id='word_1_325' title='bbox 800 4085 920 4142; x_wconf 84' lang='lat' dir='ltr'>videnter</span> <span class='ocrx_word' id='word_1_326' title='bbox 933 4086 969 4141; x_wconf 91' lang='lat' dir='ltr'>D.</span> <span class='ocrx_word' id='word_1_327' title='bbox 1076 4086 1117 4140; x_wconf 89' lang='lat'>16.</span> <span class='ocrx_word' id='word_1_328' title='bbox 1135 4084 1277 4140; x_wconf 83' lang='lat' dir='ltr'>habentem</span> <span class='ocrx_word' id='word_1_329' title='bbox 1290 4087 1327 4148; x_wconf 91' lang='lat' dir='ltr'>D,</span> 
     </span>
     <span class='ocr_line' id='line_1_36' title="bbox 126 4155 1328 4226; baseline 0 -16"><span class='ocrx_word' id='word_1_330' title='bbox 126 4162 145 4188; x_wconf 75' lang='lat'>‘⁸</span> <span class='ocrx_word' id='word_1_331' title='bbox 156 4157 263 4211; x_wconf 84' lang='lat' dir='ltr'>Veteres</span> <span class='ocrx_word' id='word_1_332' title='bbox 276 4157 362 4211; x_wconf 85' lang='lat' dir='ltr'>lrbri”</span> <span class='ocrx_word' id='word_1_333' title='bbox 377 4155 480 4220; x_wconf 78' lang='lat' dir='ltr'>Belua,</span> <span class='ocrx_word' id='word_1_334' title='bbox 492 4155 606 4212; x_wconf 85' lang='lat' dir='ltr'>habente</span> <span class='ocrx_word' id='word_1_335' title='bbox 620 4155 724 4224; x_wconf 84' lang='lat' dir='ltr'>Suriae,</span> <span class='ocrx_word' id='word_1_336' title='bbox 761 4157 788 4211; x_wconf 92' lang='lat' dir='ltr'>d.</span> <span class='ocrx_word' id='word_1_337' title='bbox 917 4157 957 4210; x_wconf 88' lang='lat'>18.</span> <span class='ocrx_word' id='word_1_338' title='bbox 976 4157 1110 4211; x_wconf 86' lang='lat' dir='ltr'>accusatio</span> <span class='ocrx_word' id='word_1_339' title='bbox 1122 4155 1184 4226; x_wconf 88' lang='lat' dir='ltr'>nec]</span> <span class='ocrx_word' id='word_1_340' title='bbox 1197 4158 1328 4210; x_wconf 77' lang='lat' dir='ltr'>accurati-</span> 
     </span>
     <span class='ocr_line' id='line_1_37' title="bbox 126 4226 1328 4298; baseline 0 -18"><span class='ocrx_word' id='word_1_341' title='bbox 126 4243 205 4280; x_wconf 86' lang='lat' dir='ltr'>onem</span> <span class='ocrx_word' id='word_1_342' title='bbox 219 4226 255 4280; x_wconf 94' lang='lat' dir='ltr'>D.</span> <span class='ocrx_word' id='word_1_343' title='bbox 323 4243 364 4298; x_wconf 88' lang='lat'>19·</span> <span class='ocrx_word' id='word_1_344' title='bbox 380 4228 517 4296; x_wconf 82' lang='lat' dir='ltr'>apotolus</span> <span class='ocrx_word' id='word_1_345' title='bbox 529 4227 652 4297; x_wconf 82' lang='lat' dir='ltr'>spiritum</span> <span class='ocrx_word' id='word_1_346' title='bbox 665 4227 767 4282; x_wconf 86' lang='lat' dir='ltr'>habena</span> <span class='ocrx_word' id='word_1_347' title='bbox 780 4236 903 4283; x_wconf 85' lang='lat' dir='ltr'>sanctum</span> <span class='ocrx_word' id='word_1_348' title='bbox 915 4227 1017 4280; x_wconf 79' lang='lat' dir='ltr'>inverso</span> <span class='ocrx_word' id='word_1_349' title='bbox 1029 4226 1120 4280; x_wconf 80' lang='lat' dir='ltr'>ordine</span> <span class='ocrx_word' id='word_1_350' title='bbox 1132 4227 1168 4282; x_wconf 91' lang='lat' dir='ltr'>D.</span> <span class='ocrx_word' id='word_1_351' title='bbox 1226 4243 1268 4281; x_wconf 88' lang='lat'>20.</span> <span class='ocrx_word' id='word_1_352' title='bbox 1282 4227 1328 4280; x_wconf 88' lang='lat' dir='ltr'>de·</span> 
     </span>
     <span class='ocr_line' id='line_1_38' title="bbox 126 4293 1327 4421; baseline 0.002 -73"><span class='ocrx_word' id='word_1_353' title='bbox 126 4293 207 4367; x_wconf 81' lang='lat' dir='ltr'>rivet]</span> <span class='ocrx_word' id='word_1_354' title='bbox 222 4294 432 4366; x_wconf 73' lang='lat' dir='ltr'>deridebattsic)</span> <span class='ocrx_word' id='word_1_355' title='bbox 448 4297 484 4351; x_wconf 92' lang='lat' dir='ltr'>D.</span> <span class='ocrx_word' id='word_1_356' title='bbox 531 4314 574 4352; x_wconf 80' lang='lat' dir='ltr'>aa.</span> <span class='ocrx_word' id='word_1_357' title='bbox 589 4296 841 4421; x_wconf 44' lang='lat' dir='ltr'>Unuspl-estltd.</span> <span class='ocrx_word' id='word_1_358' title='bbox 891 4313 933 4364; x_wconf 81' lang='lat'>24.</span> <span class='ocrx_word' id='word_1_359' title='bbox 947 4295 1043 4352; x_wconf 85' lang='lat' dir='ltr'>docma</span> <span class='ocrx_word' id='word_1_360' title='bbox 1056 4297 1091 4352; x_wconf 93' lang='lat' dir='ltr'>D.</span> <span class='ocrx_word' id='word_1_361' title='bbox 1141 4298 1327 4368; x_wconf 82' lang='lat' dir='ltr'>25.accnsati·</span> 
     </span>
     <span class='ocr_line' id='line_1_39' title="bbox 126 4365 1327 4430; baseline 0.003 -11"><span class='ocrx_word' id='word_1_362' title='bbox 126 4382 206 4419; x_wconf 87' lang='lat' dir='ltr'>onem</span> <span class='ocrx_word' id='word_1_363' title='bbox 219 4365 255 4420; x_wconf 94' lang='lat' dir='ltr'>D.</span> <span class='ocrx_word' id='word_1_364' title='bbox 291 4365 461 4420; x_wconf 71' lang='lat' dir='ltr'>undenarios</span> <span class='ocrx_word' id='word_1_365' title='bbox 479 4367 624 4430; x_wconf 81' lang='lat' dir='ltr'>tamecD,</span> <span class='ocrx_word' id='word_1_366' title='bbox 638 4373 656 4397; x_wconf 92' lang='grc'><strong>“</strong></span> <span class='ocrx_word' id='word_1_367' title='bbox 691 4369 847 4423; x_wconf 88' lang='lat' dir='ltr'>eter.libr.’&#39;</span> <span class='ocrx_word' id='word_1_368' title='bbox 862 4367 954 4422; x_wconf 77' lang='lat' dir='ltr'>Belua.</span> <span class='ocrx_word' id='word_1_369' title='bbox 1009 4367 1052 4422; x_wconf 77' lang='lat'>26.</span> <span class='ocrx_word' id='word_1_370' title='bbox 1066 4368 1279 4422; x_wconf 84' lang='lat' dir='ltr'>inclamationem</span> <span class='ocrx_word' id='word_1_371' title='bbox 1293 4368 1327 4423; x_wconf 83' lang='lat' dir='ltr'>ll.</span> 
     </span>
     <span class='ocr_line' id='line_1_40' title="bbox 128 4386 1329 4520; baseline 0.002 -31"><span class='ocrx_word' id='word_1_372' title='bbox 128 4435 230 4490; x_wconf 83' lang='lat' dir='ltr'>Bellov.</span> <span class='ocrx_word' id='word_1_373' title='bbox 261 4436 350 4492; x_wconf 84' lang='lat' dir='ltr'>“Vet.</span> <span class='ocrx_word' id='word_1_374' title='bbox 368 4436 439 4502; x_wconf 89' lang='lat' dir='ltr'>libri,</span> <span class='ocrx_word' id='word_1_375' title='bbox 457 4386 588 4520; x_wconf 47' lang='lat' dir='ltr'>iasar]</span> <span class='ocrx_word' id='word_1_376' title='bbox 609 4439 637 4492; x_wconf 90' lang='lat' dir='ltr'>in</span> <span class='ocrx_word' id='word_1_377' title='bbox 659 4438 857 4493; x_wconf 86' lang='lat' dir='ltr'>damnationem</span> <span class='ocrx_word' id='word_1_378' title='bbox 877 4436 950 4506; x_wconf 71' lang='lat' dir='ltr'>Sua,</span> <span class='ocrx_word' id='word_1_379' title='bbox 972 4437 1024 4492; x_wconf 81' lang='lat' dir='ltr'>Ed.</span> <span class='ocrx_word' id='word_1_380' title='bbox 1089 4437 1160 4493; x_wconf 89' lang='lat' dir='ltr'>Cum</span> <span class='ocrx_word' id='word_1_381' title='bbox 1173 4437 1329 4506; x_wconf 72' lang='lat' dir='ltr'>userius,</span> 
     </span>
     <span class='ocr_line' id='line_1_41' title="bbox 128 4506 1329 4589; baseline 0.003 -29"><span class='ocrx_word' id='word_1_382' title='bbox 128 4507 202 4560; x_wconf 89' lang='lat' dir='ltr'>Dum</span> <span class='ocrx_word' id='word_1_383' title='bbox 216 4506 268 4589; x_wconf 37' lang='lat' dir='ltr'>E..</span> <span class='ocrx_word' id='word_1_384' title='bbox 313 4577 318 4588; x_wconf 41' lang='grc' dir='ltr'>Ι</span> <span class='ocrx_word' id='word_1_385' title='bbox 396 4507 439 4562; x_wconf 80' lang='lat'>28.</span> <span class='ocrx_word' id='word_1_386' title='bbox 459 4525 656 4578; x_wconf 79' lang='lat' dir='ltr'>propoeunser</span> <span class='ocrx_word' id='word_1_387' title='bbox 702 4511 787 4563; x_wconf 76' lang='lat' dir='ltr'>saian</span> <span class='ocrx_word' id='word_1_388' title='bbox 801 4509 835 4577; x_wconf 93' lang='lat' dir='ltr'>D,</span> <span class='ocrx_word' id='word_1_389' title='bbox 849 4507 962 4572; x_wconf 72' lang='lat' dir='ltr'>Bellon,</span> <span class='ocrx_word' id='word_1_390' title='bbox 976 4508 1065 4574; x_wconf 88' lang='lat' dir='ltr'>Surio,</span> <span class='ocrx_word' id='word_1_391' title='bbox 1078 4510 1264 4582; x_wconf 80' lang='lat' dir='ltr'>praeposuisse</span> <span class='ocrx_word' id='word_1_392' title='bbox 1277 4509 1329 4565; x_wconf 89' lang='lat' dir='ltr'>Ed.</span> 
     </span>
     <span class='ocr_line' id='line_1_42' title="bbox 126 4525 963 4652; baseline 0.006 -23"><span class='ocrx_word' id='word_1_393' title='bbox 126 4593 170 4647; x_wconf 84' lang='lat'>30.</span> <span class='ocrx_word' id='word_1_394' title='bbox 188 4576 320 4632; x_wconf 79' lang='lat' dir='ltr'>laetificari</span> <span class='ocrx_word' id='word_1_395' title='bbox 333 4577 369 4632; x_wconf 94' lang='lat' dir='ltr'>D.</span> <span class='ocrx_word' id='word_1_396' title='bbox 426 4577 636 4649; x_wconf 85' lang='lat' dir='ltr'>Hunc—talem]</span> <span class='ocrx_word' id='word_1_397' title='bbox 651 4525 719 4634; x_wconf 68' lang='lat' dir='ltr'>iiiia</span> <span class='ocrx_word' id='word_1_398' title='bbox 732 4597 794 4635; x_wconf 86' lang='lat' dir='ltr'>raro</span> <span class='ocrx_word' id='word_1_399' title='bbox 807 4580 912 4652; x_wconf 85' lang='lat' dir='ltr'>qualern</span> <span class='ocrx_word' id='word_1_400' title='bbox 926 4579 963 4634; x_wconf 82' lang='lat' dir='ltr'>D.</span> 
     </span>
    </p>
   </div>
   <div class='ocr_carea' id='block_1_6' title="bbox 0 0 1633 5146">
    <p class='ocr_par' dir='ltr' id='par_1_8' title="bbox 0 0 1633 5146">
     <span class='ocr_line' id='line_1_43' title="bbox 0 0 1633 5146; baseline 0 0"><span class='ocrx_word' id='word_1_401' title='bbox 0 0 1633 5146; x_wconf 95' lang='lat' dir='ltr'> </span> 
     </span>
    </p>
   </div>
  </div>
 </body>
</html>
