3294 5130
304 333 369 396 486
529 334 567 398 Β.
592 331 780 399 CYRILLI
810 333 1075 402 ALEXANDR.
1103 336 1274 400 FRAGM.

304 501 361 577 ἐπὶ
389 499 478 605 τῶδε
504 495 625 601 λόγος,
645 505 675 578 εί
701 498 745 580 τὸ
772 500 956 602 ἀτρέπτως
983 488 1070 580 εῖναι
1092 503 1150 580 καὶ
1175 498 1347 604 ὑπάρχειν
1369 500 1505 597 ἀμετα-

303 619 450 721 βλήτως
478 627 522 727 τῇ
549 631 614 702 τοῦ
643 623 766 725 Λόγον
794 622 904 728 φάσει
931 628 1049 724 τηρεῖν
1076 606 1266 725 ε’γνῶκατέ·
1303 621 1508 721 μεταβάλοι

304 743 375 846 γὰρ
389 741 434 823 ἀν
447 742 580 845 ἥκιστά
597 780 638 846 γε
656 746 748 848 πρὸς
766 744 853 848 ὅπερ
867 747 931 824 οῦκ
948 745 1004 846 ἦν·
1036 745 1149 845 ἤγουν
1161 743 1385 825 σεσάλευται
1399 751 1507 824 τοῦτο

304 866 430 948 παθῶν
441 872 503 966 τῆς
514 874 731 969 θεοπρεποῦς
745 865 969 970 ἑδραιότητος
986 872 1044 948 καὶ
1056 873 1119 968 τῆς
1132 869 1283 967 ἐνούσης
1296 869 1394 975 αὐτῷ
1413 867 1507 948 κατά

305 989 419 1098 φύσιν
430 993 647 1098 ἀσφαλείας,
660 991 684 1092 ἢ
699 993 757 1072 καὶ
776 990 873 1074 ὅπως
886 988 932 1070 ἀν
949 991 1143 1089 όνομάσειέ
1155 1021 1221 1075 τις·
1250 989 1347 1090 οἶμαι
1361 989 1401 1071 δὲ
1415 989 1506 1071 εἶναι
1523 1013 1544 1073 5

304 1112 425 1218 σοφὸν
447 1121 504 1195 καὶ
533 1114 575 1196 τὸ
596 1114 639 1216 δὴ
664 1120 736 1196 δεῖν
764 1114 840 1194 κατ’
861 1114 986 1194 οῦδένα
1015 1115 1192 1196 δυ’νασθοιι
1213 1113 1350 1220 τρόπον
1370 1118 1508 1197 ἐννοεῖν

304 1243 352 1323 εἰς
379 1235 444 1337 τὴν
471 1244 534 1339 τῆς
562 1234 728 1339 θεότητος
760 1237 875 1345 φύσιν
901 1239 1089 1337 ἀναμεῖναί
1117 1273 1152 1318 τι
1181 1245 1255 1320 τῶν
1283 1235 1503 1341 γεγονότων·

303 1359 488 1466 ἀμήχανον
505 1361 577 1466 γάρ
595 1363 725 1461 ὁμοίως
753 1365 811 1441 καὶ
838 1369 955 1442 τοῦτο.
995 1361 1096 1462 πλὴν
1115 1367 1145 1442 εί
1170 1363 1362 1465 εὐποροῦσι
1379 1397 1503 1466 παρα-

304 1483 503 1586 δειγμάτων
526 1489 718 1567 ἀναπεῖσαι
742 1486 945 1584 δυναμένων
964 1488 1012 1569 ῶς
1035 1488 1075 1565 έν
1099 1485 1302 1588 συγκράσει
1324 1489 1383 1567 καὶ
1406 1485 1506 1592 μίξει

303 1615 377 1688 τῶν
409 1610 674 1709 ὠνομασμένων
705 1606 748 1690 τό
776 1608 929 1716 ε’κατέρφ
958 1607 1101 1714 προσόν
1131 1609 1258 1709 ἰδίωμα
1287 1613 1351 1709 τῆς
1381 1609 1508 1712 ἐτέρου
1526 1637 1566 1678 10

303 1729 491 1832 ποιότητος
526 1732 702 1836 ἀμέτοχον
739 1732 842 1812 ἔσται
872 1737 1073 1829 παντελῶς,
1104 1729 1420 1836 παρακομιζόντων
1454 1739 1507 1816 εἰς

302 1856 428 1953 μέσον·
478 1857 647 1954 ἀδικῆσαι
673 1853 745 1958 γὰρ
776 1853 883 1934 τοῦτό
911 1860 1032 1961 φαμεν
1059 1853 1101 1935 τό
1129 1855 1280 1954 σύμπαν
1308 1853 1410 1935 οῦδὲν
1438 1861 1507 1954 τῆς

303 1979 472 2079 ἀληθείας
498 1975 565 2078 τὴν
587 1978 736 2078 δύναμιν
757 1977 800 2057 τὸ
827 1982 891 2077 τῆς
918 1976 1156 2083 συγκράσεως
1183 1977 1309 2079 ὄνομα.
1348 1985 1377 2059 εί
1397 1978 1434 2058 δὲ
1454 1983 1507 2064 ῶς

302 2103 340 2181 ἐν
358 2100 458 2208 τάξει
482 2107 555 2181 τῶν
578 2104 698 2205 ἀγρῶν
715 2103 954 2206 ἀναμεμίχθαι
979 2105 1096 2208 φασὶν
1114 2101 1293 2203 ἀλλήλοις
1315 2102 1439 2206 σάρκα
1463 2138 1506 2184 τε
1560 2189 1562 2192 ,

302 2227 360 2305 καὶ
389 2222 522 2327 Λόγον,
549 2232 626 2309 πῶς
652 2223 839 2328 ἠγνόησαν
869 2223 923 2305 ὅτι
955 2222 1001 2304 τά
1032 2223 1211 2324 ἀλλήλοις
1240 2225 1505 2329 ἀνακιρνάμευα
1522 2259 1561 2318 15

301 2355 374 2427 τῶν
406 2350 535 2452 ὑγρῶν,
567 2345 660 2432 οἶνος
691 2349 778 2457 φέρε
808 2354 917 2430 εἰπεῖν
945 2351 1004 2429 καὶ
1030 2345 1125 2448 μέλι,
1155 2347 1175 2428 δ
1206 2347 1273 2448 μὲν
1301 2349 1399 2450 ἦσαν
1430 2355 1505 2431 εἶσὶ

302 2477 467 2574 καθαρῶς
502 2470 626 2569 οὐκέτι,
673 2470 890 2578 προσλήψει
928 2469 965 2550 δὲ
1007 2477 1152 2570 μᾶλλον
1189 2476 1254 2571 τῆς
1290 2473 1504 2576 ἑτεροειδοῦς

301 2591 488 2696 ποιότητος
508 2601 555 2679 εἰς
574 2594 695 2697 ἕτερόν
713 2628 747 2674 τι
773 2596 998 2694 μεθίσταται.
1035 2595 1162 2674 οὐκοῦν
1181 2600 1210 2674 εί
1228 2594 1505 2698 σνγκεκράσθαι

303 2721 398 2823 φασὶ
425 2721 477 2826 τῷ
493 2717 605 2828 Λόγῳ
631 2716 698 2819 τὴν
722 2717 842 2821 σάρκα
869 2715 974 2797 πᾶσά
1000 2752 1078 2802 πως
1105 2717 1243 2821 ἀνάγκη
1272 2719 1389 2822 λέγειν
1413 2718 1500 2800 ἑκά-

302 2875 404 2945 τερον
431 2847 503 2922 τῶν
531 2840 796 2942 ὠνομασμένων
824 2845 1027 2940 ἀποστῆναι
1054 2839 1121 2940 μέν
1147 2850 1211 2923 τοῦ
1239 2839 1327 2922 εἶναι
1350 2841 1444 2943 δῆν,
1462 2844 1503 2924 ἓν
1518 2873 1558 2915 ²0

302 2965 345 3042 δέ
358 2999 393 3045 τι
412 2961 454 3045 τὸ
471 2966 516 3074 ἐξ
532 2968 668 3072 ἀμφοῖν
685 2965 903 3046 ἀποτελέσαι
928 2965 1042 3065 μέσον
1060 2966 1247 3073 ἑτεροφυές
1267 3000 1338 3048 που
1356 2967 1504 3051 πάντως

301 3084 324 3186 ἢ
345 3087 432 3192 άπερ
452 3086 495 3188 ἧν
513 3088 678 3191 ἑκάτερον
696 3088 765 3169 ἀνά
789 3090 895 3191 μέρος
921 3093 979 3169 καὶ
1005 3088 1207 3192 ἀσυμμιγὲς
1224 3085 1266 3170 ῶν
1284 3088 1335 3169 ἔτι
1361 3091 1503 3199 θατέρῳ

301 3211 460 3314 θάτερον·
499 3209 572 3293 εἶτα
596 3220 698 3294 ποῖον
717 3210 762 3293 ἀν
782 3213 857 3318 ἔχοι
881 3211 924 3292 τὸ
948 3218 1071 3317 χρῆμα
1096 3211 1232 3314 λόγον;
1261 3215 1442 3314 πυθοίμην
1463 3217 1500 3294 δ’

302 3332 346 3411 ἀν
376 3334 505 3432 ἥδιστα
532 3340 604 3413 τῶν
627 3337 670 3414 δι’
691 3337 849 3421 ἐναντίας
872 3336 1040 3416 όποιποτὲ
1067 3335 1138 3438 ἀρα
1161 3343 1351 3438 προελθεῖν
1378 3335 1502 3436 ἐπειδή

302 3462 398 3563 φασι
427 3455 493 3556 τὴν
519 3466 582 3536 τοῦ
609 3463 704 3539 Θεοῦ
732 3458 847 3566 φάσιν
875 3462 924 3545 ῶς
951 3458 1023 3540 ἀπό
1049 3494 1091 3561 γε
1118 3468 1183 3539 τοῦ
1210 3468 1274 3540 νῦν
1301 3460 1501 3562 κεκράσθαι
1516 3490 1556 3550 ²5
1628 3449 1633 3458 ”

301 3580 422 3682 σαρκί·
462 3582 498 3660 έν
526 3578 713 3681 ταυτότητι
736 3581 807 3685 γάρ
830 3584 872 3663 οῦ
895 3583 1098 3682 μεμένηκεν,
1127 3583 1224 3685 εἴπερ
1243 3585 1343 3662 ε’στῖν
1366 3583 1502 3682 ἀληθές

299 3700 424 3806 ῶσπερ
458 3704 591 3807 ε’ίρηται
621 3714 728 3786 τοῦτο
760 3709 878 3786 αὐτῶν
910 3708 932 3808 ἡ
962 3707 1070 3813 μίξις·
1117 3704 1140 3808 ἢ
1176 3709 1298 3787 τοίνυν
1328 3707 1420 3809 πρὸς
1452 3707 1500 3787 τά

297 3826 433 3924 βελτίω
459 3827 525 3927 τὴν
543 3831 703 3910 ἐπίδοσιν
722 3831 815 3935 ἔχειν
832 3834 975 3933 ε’ροῦσιν
1000 3830 1119 3929 αὐτὸν,
1145 3830 1257 3933 ἤγουν
1281 3827 1348 3930 τὴν
1375 3837 1424 3915 εἷς
1451 3831 1500 3911 τά

299 3953 431 4058 αἰσχίω
450 3949 598 4033 κάθεσιν
617 3953 707 4034 κατά
731 3989 773 4056 γε
795 3954 858 4035 τὸν
876 3953 1015 4035 εὀικότα
1033 3963 1107 4041 τοῖς
1124 3952 1318 4057 πράγμασι
1336 3963 1431 4036 νοῦν.
1468 3961 1500 4036 εὶ

334 4206 360 4245 2.
378 4191 553 4260 μεταβάλειο.
775 4207 816 4272 ιο.
834 4190 1175 4264 τδοωειιδιινὶ.τῷ(ἲ)ῖ).ο.
1228 4189 1498 4274 προσδν].πρδςὲνς..

301 4277 395 4343 ι3-οτ.
413 4261 437 4314 εἰ
457 4260 614 4343 δι’-ἵμερος
637 4261 700 4316 citat
723 4261 893 4316 Justmianus
913 4263 954 4317 lm
989 4271 1061 4317 rator
1079 4271 1171 4316 contra
1190 4260 1395 4333 Monophysxtas
1413 4261 1498 4342 (Mau

299 4331 357 4386 Son
376 4341 396 4385 t.
409 4331 469 4386 Vet.
488 4333 532 4386 vi1.
554 4333 628 4403 295)·
761 4349 801 4398 14.
819 4337 936 4387 τῶνοω.
969 4342 1022 4387 unt.
1155 4345 1196 4402 15.
1215 4331 1497 4413 ἀνακιρνάμει(ιιο)δ.

300 4401 342 4456 16.
358 4350 375 4454 δ
386 4401 432 4470 μέν
443 4399 512 4470 ἧσεν
522 4403 575 4457 εἰσὶ
587 4403 659 4458 Just.
670 4406 685 4456 δ
697 4402 744 4470 μέν
755 4399 792 4458 εἷς
803 4403 886 4458 ἄνεισι
898 4403 951 4458 b.c.
1039 4419 1081 4474 19.
1098 4404 1187 4458 πᾶσαν
1200 4401 1262 4470 (εις)
1276 4419 1299 4456 c.
1390 4417 1433 4456 νο.
1450 4403 1499 4468 μὲν

297 4486 352 4524 om.
366 4487 389 4524 c.
437 4541 444 4559 Ι
533 4489 576 4528 21.
594 4475 757 4528 πουπάντινς
768 4473 842 4530 Just.
854 4477 901 4527 τοῦ
912 4475 1007 4530 παντὸς
1019 4473 1070 4529 b.c.
1196 4488 1257 4562 ,η
1275 4468 1318 4542 ἦν]
1332 4469 1497 4595 οῦν(ιίςζο.

300 4555 342 4610 23.
360 4539 528 4609 πειθοιμηνς.
635 4555 678 4614 27.
696 4543 774 4598 αὐτόν
786 4543 813 4598 b.
860 4541 981 4612 ἀλεῖς.
1089 4559 1132 4615 29.
1150 4540 1433 4615 πραγμασινοδν(οις)
1469 4581 1476 4596 .
