3294 5130
139 305 199 371 xii.
215 325 244 373 ν.
385 307 439 372 IN
467 307 726 374 EPISTOLAM
756 310 819 375 AD
839 311 1101 378 HEBRAEOS.
1275 314 1339 378 413

1381 427 1408 464 ιι
1438 413 1477 464 Μ.

144 470 289 553 κάκεῖσε
317 473 629 576 διαῤῥιπτοῦμενον
646 479 835 580 μονονουχὶ
859 475 977 576 μεθύει
1002 480 1059 558 καὶ
1081 480 1228 577 σείεται,
1248 416 1368 559 οὕτω[
1411 427 1426 477 ³
1486 415 1497 477 ]

146 593 293 696 γε’γονεν
310 594 332 693 ἡ
351 603 415 674 τοῦ
443 597 578 675 δικαίου
604 595 721 703 ψυχή·
760 605 836 683 πῶς
864 601 927 678 οῦν
945 599 1015 702 ἀρα
1040 599 1104 681 τὸν
1125 610 1190 682 τοῦ
1213 635 1340 704 πειρα-

148 725 246 814 σμοῦ
265 725 420 821 χειμῶνα
439 721 640 820 νενίκηκεν;
671 724 691 800 ἀ
711 721 1024 820 νομομαθείττατος
1044 728 1194 818 Παῦλος
1211 725 1345 832 διδάξει

150 839 269 942 λέγων
298 842 416 923 Πίστει
447 845 651 952 προσήνεγκε
681 845 733 927 τὶν
761 844 889 926 Ἰσαῖιιι
917 849 1163 956 πειραζίμενις,
1192 850 1342 950 λαγισά-
1358 885 1458 936 mm.

115 983 247 1068 5μενος
274 963 321 1044 ίτι
352 972 411 1046 καὶ
440 969 480 1048 εἰι
509 967 619 1077 νεκρνῖν
648 973 770 1075 ἐγεῖραι
796 966 933 1051 θείνειτειι
958 980 972 1052 o‘
996 973 1095 1058 Θείε.
1136 969 1165 1049 ὦ
1192 971 1348 1054 πίστεως

152 1086 347 1189 ἑδραιότης·
383 1088 630 1192 ἀλογισμιῦν
653 1094 880 1195 ἀγιοπρεπιῦν
901 1092 1100 1199 ἀσφάλεια·
1141 1094 1271 1175 δέδωκε
1298 1096 1350 1200 τῷ

153 1213 238 1318 Θεῷ
256 1209 298 1291 τὸ
316 1207 435 1292 πάντα
453 1212 629 1295 δυ’νασθαι
648 1223 855 1322 κατορθοῦν·
886 1221 944 1297 καὶ
968 1217 1005 1297 τί
1024 1218 1066 1297 τὸ
1084 1220 1243 1298 ἐντεῦθεν
1258 1251 1269 1315 ;
1301 1221 1350 1300 είς

153 1340 257 1414 ποῖον
274 1336 370 1441 αὐτῷ
388 1334 491 1419 τέλος
511 1339 765 1443 ἐκδεδροίμηκεν
784 1339 806 1440 ἡ
824 1341 972 1438 πίστις,
991 1339 1034 1421 τὸ
1047 1340 1197 1445 γροίμμα
1216 1337 1350 1445 διδάξει

155 1454 197 1535 τὸ
221 1457 323 1559 ἱερόν·
361 1471 383 1508 “
401 1461 618 1541 Ἐπίστευσε
643 1462 724 1566 γάρ,
751 1467 876 1570 φησὶν,
900 1465 1071 1568 Ἀβραὰμ
1097 1471 1148 1572 τῷ
1173 1469 1266 1572 Θεῷ,
1291 1465 1350 1544 καὶ
1365 1482 1504 1546 λου-ἱνα·

101 1605 144 1646 ¹0
157 1589 180 1627 “
197 1583 375 1684 ἐλογίσθη
393 1585 489 1694 αὐτῷ
506 1591 556 1669 είς
574 1585 834 1688 δικαιοσύνην.”

213 1825 274 1890 “Oc
301 1825 372 1892 ἀντὶ
398 1833 456 1894 τῆς
482 1827 698 1918 προκειμένη(
725 1829 814 1914 αὐτῷ
837 1833 938 1919 χαρᾶε
965 1829 1117 1908 ὑπέμεινε
1145 1830 1294 1918 σταυρὸν,
1368 1801 1513 1887 Κεθθθγ·

537 1951 689 2042 αἰαχύνιιε
717 1957 978 2044 καταφρονήσας.
1370 1913 1385 1954 ²

218 2128 378 2203 Μᾶλλον
405 2123 442 2203 δὲ
467 2122 533 2204 ὦδε
562 2133 654 2207 νοεῖν
682 2125 902 2228 οἰκειότερον,
928 2125 983 2206 ὅτι
1010 2125 1123 2204 καίτοι
1151 2123 1230 2204 ε’νδν
1260 2124 1357 2232 αι’πῷ

160 2250 233 2328 ταῖς
255 2250 319 2346 τῆς
346 2250 435 2332 ἰδίεις
463 2248 608 2354 φύσεως
635 2249 838 2356 ἀξιώμασιν
862 2251 1052 2354 ἐντρυφᾶν,
1077 2251 1135 2328 καὶ
1162 2255 1238 2331 ταῖς
1267 2245 1359 2327 κατὰ

107 2389 147 2450 ¹5
162 2367 308 2450 πάντων
344 2371 568 2475 ἀσυγκρίτως
611 2374 799 2478 ὑπεροχαῖς
836 2377 1039 2474 θεοπρεπῶς
1081 2369 1354 2473 ἐναβρύνεσθαι·

160 2499 267 2572 τοῦτο
285 2491 356 2596 γάρ
375 2491 465 2574 εἷναί
482 2501 601 2602 φαμεν
618 2495 684 2594 τὴν
703 2493 921 2603 πρεκειμένην
939 2495 1034 2599 αὐτῷ
1052 2492 1178 2601 χειροῖν·
1211 2493 1356 2573 κεκένω-
1368 2520 1494 2579 12411.

163 2650 223 2696 κεν
249 2617 375 2697 ἑαυτὸν
401 2622 516 2702 καθεὶς
543 2621 581 2699 ε’ν
609 2623 683 2704 τοῖς
710 2621 791 2698 καθ’
814 2619 917 2718 ἡμεῖς,
944 2616 986 2695 ἵν’
1019 2615 1106 2718 ῦπέρ
1133 2615 1268 2700 παντὸς
1293 2615 1359 2696 τὸν

164 2737 255 2819 κατά
283 2739 402 2843 σοίρκα
430 2740 583 2823 θοίνατον
607 2740 776 2839 ἀνατλὰς,
795 2739 870 2821 εἶτα
893 2739 1061 2840 πατήσας
1087 2737 1195 2819 αὐτὸν
1214 2737 1272 2819 διά
1294 2743 1359 2837 τῆς

164 2867 203 2943 ἐκ
223 2869 354 2966 νεκρῶν
369 2865 613 2965 ἀναστάσεως,
632 2864 793 2963 βάσιμον
808 2866 866 2944 καὶ
884 2863 968 2962 ἡμῖν
981 2862 1151 2970 ἀποφήνῃ
1170 2861 1212 2941 τὸ
1229 2872 1359 2942 παλιν-

108 2991 307 3089 20δραμεῖν
336 2985 513 3067 δυ’νασθαι
545 2986 634 3093 πρὸς
664 2989 769 3093 ζωήν·
801 2991 860 3074 καὶ
893 2986 1019 3091 γέγονε
1047 2987 1111 3083 μὲν
1143 2987 1239 3093 αὐτῷ
1270 2984 1361 3089 πρὸς

164 3113 335 3214 ἐντροπῆς
353 3145 391 3192 τε
410 3113 467 3190 καὶ
484 3111 628 3218 ἀδοξίας
646 3110 688 3193 τὸ
705 3119 844 3194 παθεῖν·
875 3110 993 3210 ἐπειδὴ
1022 3107 1062 3190 δὲ
1090 3108 1270 3208 ἀνέστησε
1297 3107 1362 3188 τὸν

166 3236 291 3314 ἑαυτοῦ
319 3234 415 3330 ναῦν,
443 3234 705 3337 καινοτομήσας
733 3234 795 3316 τὸν
824 3233 979 3314 θάνατον
1005 3236 1064 3314 καὶ
1094 3231 1361 3332 πλεονεκτήσας

166 3354 234 3457 τήν
255 3357 407 3465 φθορὰν,
426 3361 474 3441 ὡς
493 3357 585 3442 Θεὸς
609 3360 647 3439 ἐκ
665 3365 760 3439 Θεοῦ
786 3361 844 3439 καὶ
871 3365 900 3438 εί
928 3357 1067 3463 πέφηνε
1095 3354 1185 3456 μετά
1214 3354 1362 3461 σαρκὸς,

167 3480 210 3560 τὸ
228 3483 264 3561 ἐν
283 3481 422 3566 ἐκείνοις
440 3477 568 3586 αἶσχος
587 3478 705 3562 καὶτὸ
723 3485 895 3585 ἐκτροπῆς
913 3480 1070 3565 ἀκαλλὲς
1095 3478 1362 3585 κατηφάνισται

113 3651 130 3692 2
137 3643 154 3706 5
168 3611 241 3687 τοῖς
269 3604 451 3707 δευτέροις,
482 3609 540 3685 καὶ
567 3604 782 3714 δεδόξασται
810 3604 868 3685 διά
895 3604 961 3704 τὴν
988 3600 1193 3683 ἀνάστασιν
1221 3599 1362 3699 ὁΥίδς,

168 3729 282 3808 καίτοι
304 3729 376 3831 πρὸ
399 3731 507 3828 αὐτῆς
529 3726 592 3809 τὸν
610 3729 823 3829 ἀτιμότατόν
841 3762 879 3808 τε
897 3731 955 3806 καὶ
973 3730 1086 3806 ἀκλεᾶ
1113 3722 1163 3827 μὴ
1181 3723 1358 3829 παρωσά-

168 3885 274 3950 μενος
291 3851 446 3933 θάνατον
463 3851 522 3933 διά
539 3852 605 3953 τὴν
622 3851 786 3933 ἑκούσιον
804 3849 966 3932 κε’νιοσεν.

207 4101 232 4158 7.
251 4089 280 4143 τὸ
291 4090 366 4159 pn'un
378 4089 469 4143 omisit
482 4087 581 4144 Maius.
752 4103 793 4143 ιο.
812 4086 978 4159 Sequebatur
991 4086 1018 4140 in
1030 4103 1056 4139 ν.
1070 4085 1105 4155 38
1118 4083 1273 4154 (Καμίλλου,
1286 4083 1365 4147 βασε-

169 4159 251 4220 λείου,
264 4161 454 4229 Χρυσοστθμου
471 4159 580 4214 nomina
597 4159 626 4214 in
644 4157 763 4230 margine
780 4157 920 4212 exhibente
934 4155 1015 4225 Cod.)
1027 4155 1059 4209 El
1074 4154 1159 4208 τοίνυν
1171 4153 1262 4207 ε’κεῐνοι
1273 4153 1309 4207 διν
1321 4154 1367 4207 οῦκ

170 4225 202 4296 ἦν
219 4229 290 4297 ἀξιος
309 4232 324 4283 ὁ
342 4233 440 4298 κόσμος
458 4229 619 4300 (παραχωρεῖ
635 4230 686 4320 ρδρ
703 4231 733 4284 τδ
750 4233 875 4300 προῦχειν
892 4230 923 4296 τῇ
942 4232 993 4281 τῶν
1010 4224 1213 4306 κατορθωμάτων
1233 4223 1366 4292 ὑπερβολῇ

171 4303 314 4368 νικώμενος,
327 4303 426 4368 κόσμον
438 4299 466 4354 δῖ
482 4299 590 4355 ἐνταῦθα
605 4321 666 4356 τους
677 4299 704 4355 ἐν
715 4303 751 4373 τῷ
764 4303 853 4371 κόσμῳ
865 4297 980 4353 νοείσθω
991 4296 1084 4365 πρέπει
1096 4294 1160 4349 haec
1172 4301 1242 4348 mter
1253 4310 1339 4348 uncos
1352 4311 1367 4346 ο

172 4369 202 4424 S.
213 4367 304 4440 cyrini
318 4370 364 4425 lib.
376 4368 412 4424 vi.
425 4378 518 4424 contra
529 4370 668 4424 sulianum
683 4371 838 4439 Apostatam
854 4369 903 4439 189
916 4368 955 4435 b).
974 4367 997 4421 εί
1014 4365 1060 4420 οὖν
1079 4365 1169 4420 ε’κεῐνοι
1188 4365 1230 4419 διὸ
1246 4365 1368 4435 μεγαλον

170 4439 291 4510 θλίψεων
301 4439 461 4512 πυρωθίνεες
477 4441 507 4494 τδ
525 4437 640 4504 δοκίμων
651 4439 822 4510 ἀπεδείξαντο,
834 4441 905 4493 οὔπω
920 4438 948 4492 δὲ
965 4434 1105 4503 ἀπίλαβον,
1117 4435 1152 4504 μή
1170 4433 1242 4504 ἡμεῖς
1259 4433 1368 4490 ε’νταῦθιι

171 4511 284 4578 ζητῶμεν
295 4510 341 4580 τήν
352 4509 532 4577 ἀπαπόδοσιν,
544 4510 608 4580 μηδὲ
621 4508 701 4568 οὕτως
713 4509 780 4579 δμεν
790 4510 895 4577 πένητες
907 4509 941 4566 ίις
952 4512 1003 4564 τῦν
1013 4511 1110 4578 μικρῶν
1121 4505 1253 4578 ἀφίεσθαι.
