3284 5130
309 359 353 422 96
612 357 652 424 Β.
676 356 887 423 OYRILLI
917 355 1210 422 ALEXANDR.
1381 357 1446 422 xix.
1460 377 1515 444 30.

310 519 527 616 πνεύμασιν.
572 523 775 624 ἐπεδήμησε
811 523 893 627 γὰρ,
927 523 986 603 ἵνα
1022 525 1081 602 καὶ
1118 526 1251 624 νεκρῶν
1283 523 1341 601 καὶ
1373 520 1516 624 ζώντων

312 644 492 752 κυριεύσῃ,
511 647 569 726 καὶ
597 648 706 728 αὐτὸν
728 645 816 751 ὑπὲρ
841 649 942 748 ἡμῶν
966 645 1091 747 εἰσέβη
1118 643 1183 726 τὸν
1201 642 1366 743 θάνατον,
1385 647 1442 724 καὶ
1470 641 1515 724 τὸ

313 770 431 852 κοινὸν
449 768 494 872 δὴ
512 780 620 852 τοῦτο
637 775 700 871 τῆς
720 771 890 877 ἡμέτερος
910 772 1056 880 φύσεως
1075 765 1240 868 ὑπομένει
1257 766 1383 866 πάθος,
1400 773 1515 867 δῆλον

314 894 352 975 δὲ
370 894 426 975 ὅτι
444 895 535 975 κατὰ
553 891 621 996 τὴν
639 891 771 998 σάρκα,
790 895 902 976 καίτοι
927 893 998 998 ζωὴ
1024 891 1117 975 κατὰ
1141 894 1256 1000 φύσιν
1275 890 1446 997 ὑπάρχων
1464 895 1515 976 ὡς

313 1016 417 1116 Θεὸς,
447 1019 506 1099 ἵνα
532 1017 742 1104 σκυλεύσας
771 1016 835 1098 τὸν
865 1017 954 1126 ᾅδην
985 1017 1200 1123 κατορθῶση
1232 1022 1278 1122 τῇ
1310 1017 1550 1124 ἀνθρωπείᾳ5

138 1137 238 1252 {222
314 1140 424 1246 φύσει
452 1141 518 1243 τὴν
545 1147 594 1227 είς
618 1141 710 1247 ζωὴν
739 1143 954 1246 ἀναδρομὴν,
986 1154 1007 1190 “
1021 1140 1168 1246 ἀπαρχὴ
1198 1147 1271 1220 τῶν
1298 1139 1511 1240 κεκοιμημέ-

144 1291 267 1344 001.i.18.
313 1277 336 1314 “
355 1268 456 1366 νων,”
482 1270 541 1347 καί
558 1263 786 1370 πρωτότοκος
805 1268 844 1348 έκ
863 1273 995 1370 νεκρῶν
1014 1263 1315 1366 ἀναδεδειγμένος,
1336 1260 1426 1345 κατά
1446 1263 1514 1347 τὰς

141 1391 469 1500 1069Δ.ιγραφάς.
507 1392 624 1472 ἔκλινε
651 1392 770 1473 τοίνυν
794 1391 848 1486 τὴν
880 1395 1046 1499 κεφαλήν·
1081 1395 1130 1475 ὡς
1157 1388 1230 1492 γάρ
1254 1388 1299 1496 ἐξ
1322 1385 1424 1470 ’έθους
1452 1389 1514 1466 καὶ

312 1517 441 1597 τούτου
458 1522 532 1599 τοῖς
550 1520 722 1596 τεθνεῶσι
740 1517 1014 1615 συμβαίνοντος,
1034 1512 1151 1596 διὰτὸ
1169 1519 1363 1616 παρεῖσθαι
1382 1509 1514 1591 λοιπὸν

311 1638 394 1724 τοὺς
418 1644 482 1740 τῆς
505 1639 642 1743 σαρκὸς
664 1639 799 1738 τόνους,
818 1636 1132 1746 ἀποφοιτήσαντος
1158 1637 1225 1738 ἤδη
1248 1645 1312 1716 τοῦ
1335 1634 1509 1739 συνέχον·
1531 1667 1574 1710 10

310 1797 373 1847 τος
409 1760 519 1862 αὐτὴν
553 1766 611 1845 καὶ
649 1763 895 1848 συντείνοντος
926 1763 1137 1862 πνεύματος,
1170 1759 1249 1861 ἤτοι
1281 1763 1344 1860 τῆς
1377 1761 1512 1865 ψυχῆς,

311 1883 561 1990 κατεχρήσατο
590 1894 667 1971 ταῖς
702 1887 849 1995 λέξεσιν
882 1889 902 1966 ὁ
937 1884 1224 1991 Εὐαγγελιστής.
1258 1886 1317 1964 καὶ
1348 1879 1420 1981 μὴν
1451 1885 1512 1962 καὶ

311 2008 353 2089 τὸ
381 2009 493 2116 φάναι
521 2007 564 2111 δὴ
591 2008 705 2092 πάλιν
724 2011 778 2092 ὅτι
796 2007 972 2121 παρέδωκε
999 2011 1036 2092 τὶ
1062 2013 1195 2116 πνεῦμα
1221 2011 1285 2109 τῆς
1314 2006 1396 2087 καθ’
1417 2005 1511 2105 ἡμᾶς

310 2132 500 2231 συνηθείας
519 2135 583 2214 οὐκ
600 2136 838 2215 ἀποκείσεται·
869 2138 961 2216 οὕτω
981 2132 1053 2237 γάρ
1071 2138 1105 2214 οἱ
1122 2134 1257 2214 πολλοὶ
1275 2128 1318 2210 τό
1338 2129 1511 2230 Ἀπέσβη

276 2259 369 2336 bna}
397 2254 540 2357 τέθνηκε
573 2255 756 2359 λέγουσιν.
796 2256 886 2344 εἰκὸς
916 2254 952 2339 δέ
990 2257 1034 2357 δὴ
1069 2255 1182 2338 πάλιν
1214 2260 1440 2353 οἷκονομικῶς
1470 2287 1511 2334 τε
1527 2283 1571 2344 15

310 2381 369 2460 καὶ
398 2382 610 2482 ἀναγκαίως,
639 2381 706 2486 οὐχ
734 2382 859 2467 ἁπλῶς
887 2382 942 2463 ὅτι
971 2382 1138 2481 τέθνηκεν
1169 2384 1278 2460 εἰπεῖν
1308 2377 1373 2458 τὸν
1407 2373 1510 2477 ἅγιον

311 2504 599 2608 Εὐαγγελιοτὴν,
615 2507 699 2584 ἀλλ’
716 2504 771 2586 ὅτι
784 2503 958 2615 παρέδωκε
971 2507 1008 2587 τὶ
1023 2508 1170 2610 πνεῦμα,
1180 2511 1228 2589 εὶς
1243 2511 1363 2611 χεῖρας
1377 2505 1510 2602 δηλον-

308 2625 364 2708 ότι
382 2637 447 2708 τοῦ
465 2634 562 2709 Θεοῦ
582 2632 641 2709 καὶ
661 2628 817 2732 Πατρὸς,
838 2627 929 2710 κατὰ
953 2628 995 2710 τὸ
1021 2629 1203 2733 εἰρημένον
1221 2632 1270 2713 ὡς
1293 2628 1379 2730 παρ’
1399 2628 1510 2709 αὐτοῦ

140 2773 255 2890 ξὲὶῐίιρο.6
309 2761 331 2798 “
351 2751 486 2855 Πάτερ,
516 2759 564 2837 είς
592 2751 711 2857 χεῖράς
740 2787 811 2832 σου
835 2755 1056 2856 παρατίθημι
1082 2751 1125 2834 τὸ
1151 2749 1292 2851 πνεῦμά
1315 2751 1417 2851 μου,”
1449 2756 1510 2833 καὶ

203 2856 263 2904 '⁴'
308 2877 392 2975 ἡμῖν
419 2875 457 2956 δὲ
484 2877 604 2961 αὐτοῖς
630 2879 767 2979 ἀγαθῆς
795 2877 940 2962 ἐλπίδος
968 2875 1084 2982 ἀρχὴν
1112 2881 1170 2957 καὶ
1199 2872 1365 2975 θεμέλιον
1392 2876 1415 2976 ἦ
1443 2885 1509 2957 τοῦ
1524 2903 1570 2945 ²0

308 2999 422 3100 λόγου
449 2997 669 3094 κατεβάλετο
694 2998 852 3098 δύναμις.
890 3005 962 3080 δεῖν
989 2999 1061 3105 γάρ
1088 2997 1185 3099 οἶμαι
1211 3004 1421 3098 διακεῖσθαι,
1448 3004 1509 3082 καὶ

306 3117 408 3219 μάλα
437 3120 591 3214 εἰκότως,
624 3121 680 3202 ὅτι
710 3129 784 3202 τῶν
813 3120 885 3204 ἀπὸ
915 3127 983 3224 γῆς
1013 3123 1195 3222 σωμάτων
1225 3128 1262 3204 αἱ
1291 3131 1364 3204 τῶν
1393 3125 1508 3227 ἁγίων

306 3245 557 3345 ἀποδημοῦσαι
590 3251 718 3351 ψυχαὶ,
747 3246 908 3352 καθάπερ
936 3253 985 3333 είς
1014 3255 1134 3355 χεῖρας
1167 3249 1508 3355 φιλοστοργοτοίτου

277 3366 527 3475 οΠατρδς,τῇ
555 3378 619 3452 τοῦ
639 3375 735 3450 Θεοῦ
762 3371 982 3475 χρηστότητι
1007 3375 1065 3452 καὶ
1091 3372 1347 3479 φιλανθρωπίᾳ
1371 3406 1504 3471 μονον-

306 3492 386 3596 ουχὶ
403 3493 656 3596 παρατίθενται
675 3499 733 3575 καὶ
752 3496 805 3594 οὐ,
825 3495 986 3600 καθάπερ
1005 3495 1095 3580 τινὲς
1121 3503 1194 3576 τῶν
1212 3497 1378 3577 ἀπίστων
1403 3499 1500 3577 ὑπει-
1521 3531 1566 3592 25

306 3612 466 3722 λήφασι,
486 3615 551 3703 τὰς
567 3619 796 3718 ἕπιτυμβίους
822 3620 1072 3722 περιμένουσα
1099 3619 1187 3726 χοὰς
1211 3622 1506 3726 ἐμφιλοχωροῦσι

306 3749 380 3826 τοῖς
407 3741 602 3843 μνήμασιν,
621 3741 706 3823 ἀλλ’
726 3740 806 3822 οὐδὲ
829 3742 989 3846 καθάπερ
1017 3749 1054 3823 αί
1075 3751 1149 3825 τῶν
1173 3742 1507 3850 φιλαμαρτημόνων

305 3871 355 3950 είς
382 3864 446 3944 τὸν
473 3870 536 3965 τῆς
565 3863 717 3968 ἀμέτρου
735 3864 922 3951 κολάσεως
945 3867 1237 3972 κατακομίζονται
1255 3867 1377 3963 τόπον,
1395 3902 1502 3948 τουτ-

304 3989 418 4087 έστιν,
439 3994 487 4074 είς
511 3987 612 4096 ᾅδου·
647 3988 817 4094 τρέχουσι
844 3988 883 4070 δὲ
900 3997 1047 4090 μᾶλλον
1064 3997 1113 4074 είς
1132 3997 1253 4096 χεῖρας
1276 3999 1340 4071 τοῦ
1357 3991 1505 4072 πάντων

307 4113 462 4219 Πατρὸς,
482 4118 540 4195 καὶ
564 4112 697 4214 ταύτην
714 4114 798 4214 ἡμῖν
815 4114 1083 4216 ε’γκαινίσαντος
1106 4115 1171 4214 τὴν
1190 4112 1273 4193 ὁδὸν
1291 4123 1355 4194 τοῦ
1375 4119 1501 4214 Σωτῆ-
1519 4144 1567 4204 3ο

305 4271 368 4340 ρος
386 4237 487 4337 ἡμῶν
500 4243 676 4342 Χριστοῦ·
709 4233 883 4346 παρέδωκε
896 4236 968 4340 γὰρ
982 4243 1031 4320 είς
1044 4245 1163 4343 χεῖρας
1183 4246 1246 4319 τοῦ
1265 4239 1353 4318 ίδίου
1371 4234 1501 4340 γεννή-

451 4523 462 4539 D

341 4538 367 4592 9.
385 4522 525 4648 παέιιοθαι
537 4523 602 4579 RF.
613 4524 754 4592 πειρᾶσθαι
766 4523 818 4580 Ed.
830 4523 869 4582 ἷσ.
881 4526 1028 4596 πηροῦσθαι
1042 4525 1094 4580 Ed.
1106 4545 1162 4595 mg.
1366 4541 1409 4580 Μ.
1428 4547 1505 4582 κατε-

304 4594 403 4658 βάλετο
441 4591 545 4648 .Cord.
557 4597 732 4660 κατεβάλλετο
746 4593 797 4650 Ed.
905 4597 948 4652 26.
966 4596 1179 4667 ι’πίτῦμβουςΕ.
1288 4613 1331 4670 29.
1348 4597 1433 4652 πάντα
1446 4597 1480 4654 E.
