3268 5130
311 330 377 394 ιιι
448 329 489 393 Β.
514 327 702 394 cmm
730 326 995 394 ALEXANDR.
1023 325 1306 392 FRAGMENTA
1350 325 1392 389 ix.
1409 345 1422 388 1
1440 346 1508 408 sqq.

155 427 166 493 [
179 439 210 492 ιο
222 428 260 480 M·
273 431 284 493 ]

368 492 419 573 Τί
446 493 508 573 οὖν
536 494 608 596 ἀρα
635 497 739 600 φησὶ,
768 497 831 591 τῆς
850 493 1031 572 Ἰουδαίων
1057 493 1239 591 σωτηρίας
1267 488 1511 591 ἀντάλλαγμα

311 617 377 716 τὴν
413 618 538 698 ἑαυτοῦ
574 619 776 720 προτιθείς;
819 618 946 696 οὐκοῦν
979 613 1217 719 ὑπερβολικῦς
1246 615 1267 694 ὁ
1299 611 1419 716 λόγος,
1451 613 1510 692 καὶ

311 735 454 843 ἀγάπης
482 740 664 848 ἀπόδειξιν
682 741 752 844 ἔχει
777 746 840 839 τῆς
859 737 1090 839 τελεωτάτης·
1124 741 1268 842 ηὐχόμην
1296 738 1365 845 γάρ
1392 742 1510 840 φησιν

194 881 238 935 ³4
252 863 467 970 Μιάνιίθεμα
496 863 578 946 εἶναι
608 867 708 951 αὑτός
733 862 801 967 ε’γῦ
827 863 898 945 ἀσῦ
926 867 981 944 τοῦ
1001 864 1140 972 Χριστοῦ
1166 859 1245 972 ὑπὲρ
1266 859 1328 940 τῦν
1350 854 1510 966 ἀδελφοῖν

311 1016 389 1094 μου·
421 988 543 1087 ὅμοιον
570 988 642 1090 γάρ
670 993 717 1072 ὡς
746 988 842 1091 είπερ
869 989 968 1089 λε’γοι
998 994 1042 1068 Εί
1070 981 1399 1089 προσκεκρουκότος
1423 985 1545 1079 ε’μοῦ5

313 1114 364 1220 τῷ
382 1118 535 1220 Χριστῷ
557 1116 576 1192 ῦ
595 1111 747 1215 Ἰσραὴλ
767 1111 996 1214 ἀνασώζεται,
1016 1110 1164 1210 εἱλόμην
1183 1107 1226 1188 ἀν
1245 1107 1352 1193 αῦτῦς
1374 1108 1456 1210 ε’γιό·
1489 1109 1510 1186 ὁ

149 1261 227 1312 1cor.
240 1261 265 1310 ii.
276 1274 299 1312 a.
314 1240 371 1315 καὶ
395 1243 469 1322 τοῖς
495 1240 531 1316 ἐν
549 1239 670 1316 πίστει
694 1235 971 1334 δεδικαιωμένοις
993 1234 1101 1316 είποίν
1120 1245 1142 1281 “
1159 1235 1217 1314 Οῦ
1236 1231 1308 1335 γὰρ
1327 1229 1448 1334 ἕκρινά
1475 1267 1509 1311 τι

314 1371 335 1407 “
354 1362 479 1440 είδέναι
505 1364 542 1441 ἐν
561 1362 654 1460 ὑμῖν,
672 1365 701 1440 εί
719 1359 769 1459 μὴ
788 1362 933 1460 Ἰησοῦν
952 1355 1127 1461 Χριστόν,
1148 1360 1205 1438 καὶ
1229 1365 1356 1436 τοῦτον
1374 1359 1504 1436 ε’σταυ·

145 1497 226 1625 ξὲνη
237 1497 289 1548 viii.
314 1495 336 1532 “
353 1484 542 1586 ρωμε’νον,”
575 1487 595 1565 ὁ
622 1491 716 1565 πᾶσι
746 1481 986 1586 διακηρύττων
1012 1495 1033 1530 “
1048 1483 1113 1565 Τίς
1143 1483 1234 1580 ἡμᾶς
1262 1481 1408 1584 χωρίσει
1436 1479 1509 1560 ἀπὸ

180 1597 187 1612 ⁰
314 1619 335 1655 “
353 1612 415 1708 τῆς
435 1608 577 1711 ἀγάπης
594 1617 658 1688 τοῦ
672 1614 859 1710 Χριστοῦ;
889 1609 1016 1713 θλίψις
1035 1605 1057 1706 ἢ
1077 1601 1333 1710 στενοχωρίαῆ
1354 1602 1508 1705 διωγμὸς
1528 1636 1568 1675 10

313 1731 376 1832 “ἢ
405 1733 510 1829 λιμὸς
538 1731 560 1832 ἢ
589 1733 767 1834 γυμνότης
800 1730 823 1832 ἢ
855 1733 1012 1814 κίνδυνος
1045 1729 1066 1831 ἢ
1099 1728 1312 1833 μάχαιρα;”·
1343 1727 1385 1807 τὸ
1416 1731 1508 1806 οὕτω

314 1855 427 1935 δεινὸν
444 1858 642 1953 ὑποστῆναι
661 1854 779 1953 κακὸν,
799 1860 857 1935 καὶ
879 1854 927 1938 εἷς
954 1853 1040 1956 ῦπὲρ
1065 1853 1210 1932 πάντων
1229 1855 1393 1956 χωρῆσαι
1418 1847 1509 1953 πρός

314 1977 478 2081 ὄλεθρον.
522 1987 627 2058 τοῦτο
655 1977 694 2058 δέ
720 1977 764 2078 ἦν
782 1979 1044 2081 σαγηνεύοντος
1069 1975 1134 2073 μὲν
1152 1973 1233 2058 τοῦς
1251 1976 1440 2057 Ἰουδαίους
1460 1979 1508 2058 είς

312 2104 516 2199 εὐπείθειαν,
540 2101 824 2206 ἀποκρονομίνου
852 2103 889 2182 δὲ
917 2102 981 2186 τὰς
1009 2108 1079 2180 τῶν
1108 2097 1290 2179 ἀσυνίτων
1317 2106 1505 2199 συκοφαν-

313 2227 401 2311 τίας·
441 2222 553 2332 ᾤοντο
573 2225 643 2329 γάρ
662 2232 733 2305 τῶν
751 2225 931 2306 Ἰουδαίων
950 2224 1040 2308 τινὲς
1059 2223 1133 2304 οἷον
1152 2220 1386 2320 ἀπόπληκτον
1404 2255 1508 2323 γεγο-
1528 2257 1566 2318 15

313 2347 399 2429 νότα
426 2349 490 2429 τόν
517 2349 712 2430 θεσπέσιον
733 2356 899 2446 Παῦλον,
928 2358 1000 2434 τοῖς
1026 2348 1084 2428 διὰ
1105 2345 1292 2429 Μωυσέως
1320 2343 1505 2451 ἀντιφίρε·

312 2479 400 2554 σθαι
425 2472 561 2572 νόμοις·
600 2475 766 2580 ταύτητοι
793 2482 867 2558 τοῖς
894 2473 1138 2553 πιστεύσασιν
1156 2469 1364 2550 ἐπιστέλλει
1389 2469 1508 2568 λέγων

144 2614 300 2678 ²0⁰¹·v·¹³·
313 2609 335 2644 “
356 2597 438 2677 Ε’ίτε
467 2595 538 2700 γάρ
558 2596 761 2704 ἐξέστημεν,
783 2602 879 2704 Θεῷ,
896 2597 963 2676 εἴτε
983 2601 1253 2703 σωφρονοῦμεν,
1274 2592 1390 2691 ῦμῖν.”
1420 2595 1505 2671 οῦκ-

311 2729 374 2801 οῦν
395 2721 541 2818 ἑλοίμην
564 2720 609 2800 ἀν
628 2722 740 2822 ἔγωγε
765 2725 822 2800 καὶ
850 2721 952 2817 μάλα
976 2720 1180 2822 προθύμως,
1200 2720 1326 2822 φησὶν,
1345 2716 1403 2795 ἵνα
1424 2714 1508 2798 τοῦς

310 2844 354 2950 ἐξ
379 2845 526 2942 αἵματος
555 2845 796 2942 ἀνασώσαιμι,
818 2842 970 2949 ἀνάθεμα
999 2842 1079 2925 εἶναι
1098 2842 1170 2926 ἀπῦ
1191 2843 1342 2946 Χριστοῦ·
1373 2873 1509 2942 προσε-
1526 2878 1567 2918 20

309 2967 417 3070 πάγει
436 2967 483 3063 δὲ,
503 2965 626 3070 ὥσπερ
646 2974 708 3066 τῆς
733 2970 786 3048 ἐπ’
807 2969 925 3052 αὐτοῖς
944 2968 1061 3066 λύπης
1080 2964 1146 3065 τὴν
1164 2965 1280 3045 αἰτίαν
1299 2965 1362 3043 οῦκ
1382 2963 1506 3042 ἀνικά-

310 3127 379 3175 νως
405 3092 560 3195 ἔχουσαν
579 3093 790 3195 ἀποφαίνων
817 3091 864 3174 είς
893 3127 933 3194 γε
959 3089 1000 3170 τῦ
1024 3091 1201 3178 δύνασθαι
1226 3088 1393 3188 τοιαύτην
1411 3089 1509 3192 αὐτῷ

310 3215 378 3323 τὴν
394 3215 555 3295 διάθεσιν
574 3215 832 3318 ἐνεργάζεσθαι,
851 3216 908 3294 ἵνα
932 3215 982 3316 μή
1005 3248 1040 3294 τι
1064 3215 1184 3311 δοκοίη
1209 3212 1373 3314 σκληρόν
1392 3247 1430 3291 τε
1449 3212 1509 3290 καὶ

310 3337 444 3442 ἀπηχὲς
481 3345 599 3437 εἰπεῖν,
631 3343 694 3438 τῆς
726 3341 853 3442 ε’τίρων
889 3337 976 3440 ζωῆς
1007 3336 1252 3437 ἀντάλλαγμα
1283 3334 1349 3435 τὴν
1381 3337 1509 3414 ἑαυτοῦ

310 3462 541 3565 δωρούμενος·
572 3469 715 3565 πρῶτον
734 3461 799 3561 μίν
817 3462 898 3565 γὰρ,
912 3466 1039 3567 φησίν,
1059 3469 1138 3542 εἰσὶν
1156 3464 1377 3568 Ἰσραηλῖται,
1391 3462 1509 3537 αὐτῶν
1525 3501 1565 3561 ²5

310 3592 327 3680 ἡ
351 3585 494 3667 υἱοθεσία
519 3593 578 3666 καὶ
606 3625 623 3680 η
647 3585 729 3694 δόξα
756 3595 816 3667 καὶ
843 3597 880 3666 αἱ
904 3585 1061 3678 διαθῦκιιι
1092 3593 1150 3666 καὶ
1174 3623 1191 3678 η
1211 3581 1382 3688 νομοθεσία
1410 3587 1508 3676 καὶὴ

309 3714 453 3821 λατρεία
481 3717 540 3791 καί
567 3719 606 3790 αἱ
631 3711 858 3812 ἐπαγγελίαι·
892 3710 936 3817 ἐξ
951 3712 1068 3789 αὐτῶν
1086 3708 1123 3789 δὲ
1141 3708 1177 3788 τῦ
1199 3706 1295 3787 κατῦι
1314 3707 1431 3814 σάρκα
1449 3709 1509 3785 καὶ

310 3832 416 3920 αῦτῦς
433 3844 448 3916 ὁ
468 3851 494 3914 Χ
501 3832 616 3943 ριστότ·
655 3834 739 3910 ἀλλ’
759 3838 789 3912 εί
816 3833 881 3930 μίν
900 3867 990 3916 τινες
1009 3831 1105 3932 ἦσαν
1121 3837 1194 3910 τῶν
1212 3831 1254 3910 οῦ
1271 3828 1388 3911 ποίλαι
1407 3833 1504 3929 διεγ-

309 3958 475 4039 νωκότων
493 3955 556 4037 τὸν
575 3955 685 4062 φύσει
714 3990 752 4035 τε
780 3960 839 4036 καὶ
866 3960 1011 4057 ἀληθῶς
1034 3955 1121 4035 ὄντα
1141 3953 1246 4052 θεὸν,
1265 3959 1295 4034 εί
1321 3952 1371 4053 μὴ
1399 3953 1510 4053 νόμος

309 4085 427 4166 αῦτοΐς
457 4083 477 4162 ῦ
510 4081 568 4161 διὰ
600 4081 788 4164 Μωνσίως
819 4080 944 4183 γε’γονε
980 4077 1182 4182 βραβευτης
1215 4082 1279 4176 τῆς
1316 4083 1363 4162 είς
1398 4078 1509 4158 αὐτὸν
1526 4116 1567 4172 30

344 4331 371 4386 3.
390 4315 505 4384 ηῦχόμην
516 4313 550 4368 A.
564 4313 675 4384 εῦχόμην
689 4313 721 4368 Β.
734 4310 786 4366 Ed.
940 4331 966 4379 4.
985 4311 1036 4382 ε’γδι
1048 4319 1075 4365 et
1086 4313 1132 4364 τοῦ
1144 4328 1199 4365 om.
1211 4311 1246 4365 A.
1396 4322 1423 4380 5.
1441 4307 1506 4380 μου]

312 4391 340 4448 4
357 4389 408 4439 τῶν
419 4391 553 4455 συγγενῶν
564 4406 613 4453 μου
627 4383 659 4438 Β.
785 4384 847 4453 6-9
868 4383 911 4437 Ab
925 4385 939 4436 δ
952 4383 985 4437 ad
998 4385 1013 4436 ὁ
1024 4383 1139 4436 transilit
1151 4383 1184 4435 A.
1281 4384 1284 4390 '
1317 4396 1358 4434 ιο.
1378 4381 1509 4451 θλίψις-

309 4456 422 4525 μάχοιρα
434 4471 488 4508 om.
501 4455 534 4507 A.
680 4468 721 4524 17.
739 4475 779 4508 τοι
791 4471 845 4507 orn.
860 4455 894 4506 A.
1029 4468 1071 4507 20.
1089 4451 1153 4522 ἀπὸ]
1169 4459 1197 4516 †
1211 4455 1257 4505 τοῦ
1271 4450 1322 4505 Ed.
1337 4451 1426 4506 invitis
1437 4451 1507 4506 AB.

309 4527 425 4593 Χριστοῦ
439 4523 493 4578 des.
507 4525 541 4578 A.
684 4537 727 4593 25.
747 4525 814 4578 είσίν
825 4541 879 4578 om.
895 4523 926 4577 B.
