3268 5130
321 327 388 393 214
431 327 470 394 B.
492 325 680 392 CYRILLI
705 325 969 392 AIAEXANDR.
993 327 1276 394 FRAGMENTA
1319 331 1385 396 viii.
1392 331 1461 416 8,9,
1471 349 1526 395 ιι.

168 429 225 494 [η
237 426 299 494 Μ
323 493 387 572 οὐκ
405 491 618 642 ἀνεχόμενον
639 498 713 574 τοῖς
735 492 883 574 θείοις
865 492 1016 571 υπείκειν
1034 489 1166 590 νόμοις,
1188 489 1322 574 οῦδὲ
1274 529 1345 602 γαρ
1363 490 1523 574 θύνοτιιιτ

323 622 401 699 πῶς
422 613 493 716 γὰρ
511 613 620 717 ipim
639 621 718 718 Θεῷ
743 611 892 716 μυσαρὰ
909 647 968 693 και
955 615 1146 713 βέβηλος
1168 615 1303 716 ἡδοναίς
1333 613 1479 697 πόντως
1500 616 1524 693 6

325 736 477 841 καθαρός
500 737 615 842 ῥύπου
639 740 698 815 καὶ
721 742 848 816 παθῶν
866 745 948 821 νοῦς
966 735 1117 818 κατὰτὸ
1142 737 1293 818 δυνατὸν
1310 745 1357 844 τῇ
1374 737 1521 841 ἀνθρώ-

323 894 396 941 που
414 860 522 969 φύσει
539 858 630 963 πρὸς
648 855 744 940 θεὸν
761 860 936 962 εἷρηνειίει.

252 1105 281 1176 8,
295 1121 314 1180 9
328 1106 367 1175 Oi
389 1107 426 1176 δὲ
442 1109 478 1176 ὲν
496 1109 592 1200 σαρκὶ
607 1109 701 1178 ὄντες
720 1108 799 1196 Θεῷ
816 1109 934 1199 ἀρέσαι
952 1109 990 1176 οῦ
1012 1107 1174 1174 δύνανται·
1203 1105 1294 1186 ὑμεῖς
1312 1107 1348 1174 δὲ
1367 1108 1426 1174 οῦκ
1442 1108 1523 1174 ἐστὲ
1539 1122 1557 1182 5

374 1234 409 1300 ἓν
427 1233 521 1324 σαρκί
540 1233 609 1300 ἀλλ’
633 1234 667 1299 ὲν
686 1235 854 1314 πνεύματι,
871 1229 965 1323 εἴπερ
983 1235 1116 1310 Πνεῦμα
1135 1232 1219 1298 Θεοῦ
1238 1231 1321 1299 οἰκεῖ
1337 1234 1373 1298 ἐν
1391 1228 1474 1308 ὑμῖν.

381 1404 668 1508 Ἐπικρατούσης
689 1403 754 1504 μὲν
771 1409 835 1504 τῆς
858 1412 922 1484 τοῦ
940 1406 1132 1506 ἀνθρώπου
1151 1405 1305 1487 διανοίας
1332 1407 1396 1500 τῆς
1423 1402 1522 1504 γεώ-

326 1533 408 1612 δους
427 1528 565 1627 ἡδονῆς,
580 1529 619 1606 ἐν
637 1530 750 1632 σαρκί
765 1562 818 1612 τις
841 1531 941 1607 ἐστὶν
959 1530 1008 1610 ὡς
1029 1525 1076 1606 τὰ
1099 1531 1163 1627 τῆς
1191 1524 1327 1628 σαρκός
1354 1531 1517 1631 φρονῶν·

327 1654 386 1730 καὶ
414 1651 434 1728 6
460 1659 618 1732 τοιοῦτος
649 1651 713 1730 οὐκ
744 1647 789 1730 ἂν
815 1651 929 1756 ἀρέσῃ
957 1659 1044 1760 Θεῷ·
1084 1648 1448 1748 καταπλοιιιήσαντυς
1480 1645 1524 1727 δὲ

327 1780 391 1853 τοῦ
421 1781 484 1852 νοῦ
513 1769 580 1870 τὴν
611 1771 669 1852 διὰ
700 1779 864 1875 Χριστοῦ
895 1773 1011 1877 χάριν,
1043 1777 1102 1852 καὶ
1132 1777 1197 1872 τῆς
1228 1771 1365 1851 ἄνωθεν
1393 1769 1522 1874 ἰσχύος
1540 1809 1579 1849 ιο

328 1894 612 1997 μεμεστωμένου,
649 1899 707 1975 καὶ
740 1895 875 1999 ζέοντος
908 1901 961 2004 τῷ
991 1895 1175 1994 πνεύματι,
1213 1897 1272 1973 καὶ
1303 1895 1361 1973 ἐπὶ
1390 1892 1523 1996 ἀρετὴν

329 2015 559 2100 σπεύδοντος·
594 2021 636 2097 οῦ
653 2025 782 2098 νοεῖται
801 2020 821 2097 6
839 2026 999 2102 τοιοῦτος
1016 2021 1045 2099 ἐι
1064 2021 1167 2129 σαρκὶ
1187 2022 1272 2097 ἀλλ’
1292 2019 1323 2097 ἐν
1341 2015 1522 2122 πνεύματι,

329 2143 387 2218 καὶ
406 2137 560 2222 εὐκόλως
577 2148 673 2220 ποιεῖ
686 2139 732 2221 τὰ
749 2139 886 2246 ἀρεστὰ
903 2147 955 2248 τῷ
974 2147 1068 2247 Θεῷ.

357 2375 393 2444 Εἰ
422 2378 458 2444 δέ
487 2402 535 2445 nc
561 2380 692 2458 Πνεῦμα
719 2383 855 2472 Χριστοῦ
882 2383 942 2447 οὐκ
967 2382 1043 2468 ἔχει,
1070 2377 1165 2447 οὗτοι
1192 2382 1251 2446 οὐκ
1277 2380 1363 2447 ἐστιν
1391 2379 1502 2450 αὐτοῦ.

388 2549 438 2630 Εί
461 2583 515 2635 τις
541 2551 603 2630 οῦν
621 2554 720 2632 ἐστιν
737 2554 775 2631 ἐν
792 2551 974 2651 πνεύματι,
991 2552 1094 2636 οὗτος
1117 2551 1220 2630 ἔσται
1246 2552 1305 2629 καὶ
1328 2551 1367 2628 ἐν
1385 2551 1518 2628 δικαιο·
1541 2589 1578 2647 15

332 2673 426 2779 σύνῃ
457 2676 516 2752 καὶ
541 2676 580 2753 ἐν
611 2673 696 2780 ζωῇ,
726 2677 915 2778 μονονουχὶ
942 2681 1131 2758 τεθνεῶτος
1159 2682 1223 2753 τοῦ
1254 2677 1319 2773 τῆς
1347 2673 1523 2774 ἁμαρτίας

331 2795 499 2893 σώματος
526 2800 584 2876 καὶ
611 2798 734 2897 πάσης
760 2795 896 2878 ἀτόπου
922 2798 1145 2896 σβεσθείσης
1168 2797 1306 2896 ἡδονῆς·
1346 2795 1523 2875 ἀδύνατον

331 2914 402 3020 γὰρ
435 2921 473 2998 ἓν
504 2920 623 3027 τούτῷ
649 2923 708 2999 καὶ
735 2924 816 3000 καθ’
851 2921 912 3000 ἕνα
940 2921 1062 3023 καιρὸν
1092 2920 1318 3019 δικαιοσύνην
1348 2915 1434 2998 εἶναι
1463 2921 1524 2996 καὶ

332 3043 479 3140 ἀδικίαν,
498 3042 679 3145 ἁγιασμόν
698 3077 735 3123 τε
762 3047 820 3124 καὶ
843 3044 1077 3145 ἀκαθαρσίαν.
1115 3051 1257 3142 πνεῦμα
1281 3044 1324 3122 δι’
1341 3049 1460 3148 φαμεν
1479 3040 1523 3121 τὸ

221 3205 272 3242 τοι».
283 3203 321 3240 ιο.
333 3163 567 3264 ἀνθρώπινον·
601 3169 639 3245 ἐν
661 3163 769 3274 &sp
786 3169 831 3247 Τὶ
850 3169 984 3272 πνεῦμα
1009 3164 1146 3275 (66qu
1173 3174 1237 3245 τοῦ
1264 3166 1380 3267 Ἁγίου
1400 3161 1518 3244 Πνειί-
1538 3195 1578 3233 20

332 3318 444 3382 ματος
479 3285 756 3388 ζωοποιούμενον
789 3287 918 3393 χάριτι,
950 3292 1008 3368 καὶ
1040 3295 1085 3394 τῇ
1116 3287 1208 3390 πρὸς
1236 3286 1321 3368 αύτῦ
1359 3285 1524 3390 κοινωνίᾳ

332 3416 514 3488 πλουτοῦν
535 3413 773 3510 δικαιοσύνην·
804 3413 897 3491 οὕτω
925 3409 996 3513 γὰρ
1021 3409 1131 3510 ε’σμὲν
1155 3412 1250 3495 θείας
1276 3408 1423 3516 φύσεως
1443 3441 1519 3486 κοι-

333 3530 448 3608 νωνοί·
487 3531 684 3636 ἐνοικίζεται
712 3532 783 3635 γὰρ
810 3537 848 3613 ἐν
874 3535 958 3634 ἡμῖν
986 3533 1045 3614 διὰ
1071 3543 1135 3615 τοῦ
1162 3535 1289 3638 Ἀγίου
1313 3529 1525 3630 Πνεῦματος

333 3652 353 3730 6
381 3651 552 3754 Χριστός.

285 3905 318 3946 ¹1
341 3889 376 3958 Εἰ
395 3892 431 3960 δὲ
449 3893 486 3959 τὸ
503 3896 634 3972 Πνεῦμα
654 3904 710 3964 τοῦ
730 3896 914 3987 ἐγείρονται
930 3899 1056 3964 Ἰιιοοῦν
1075 3898 1113 3963 ὲκ
1132 3897 1257 3988 νεκρῶν
1275 3894 1357 3964 οἰκεῖ
1375 3898 1410 3963 ἓν
1430 3893 1513 3974 ὑμῖν.
1542 3914 1580 3973 ²5

387 4062 602 4168 Ἐρήγερται
626 4067 646 4146 6
673 4068 804 4172 Κύριος
828 4068 928 4169 ἡμῶν
945 4069 1089 4170 Ἰησοῦς
1112 4070 1132 4148 6
1158 4067 1319 4172 Χριστὸς
1341 4069 1441 4172 παρὰ
1461 4075 1528 4149 τοῦ

369 4319 413 4426 ιχ.
431 4304 572 4363 Ροιιίιιις
588 4307 689 4366 ιοδοῦι
703 4309 766 4375 duo,
781 4329 877 4382 nempe
892 4311 1057 4376 δυασιβοῦσι
1073 4317 1282 4396 τοιγαροῦν-τῳ
1269 4314 1468 4384 Πατρίεῦῦ.
1479 4316 1527 4372 vii.

332 4371 366 4428 nd
415 4391 480 4430 erm.
499 4375 552 4431 666
570 4377 671 4450 0-667
685 4379 720 4444 b,
744 4381 822 4452 δέχου
841 4329 887 4436 οῦν
904 4401 919 4436 α
935 4383 1017 4438 Thon.
1030 4382 1143 4454 33460
1160 4383 1267 4438 exhibet
1285 4384 1346 4453 Ap
1329 4385 1449 4508 p.,p126
1440 4401 1526 4468 ,μορ

333 4441 376 4496 26.
395 4441 560 4519 Ἐγίργιρται]
584 4393 764 4521 ÷717p616ffl
804 4451 903 4508 Partim
921 4453 1048 4509 exhibent
1066 4463 1130 4509 ιιι.
1149 4453 1306 4526 aliaeque
1284 4471 1340 4524 qun

332 4519 449 4570 mm
1361 4470 1402 4508 em
1419 4471 1526 4524 genens
