<?xml version="1.0" encoding="UTF-8"?>
<!DOCTYPE html PUBLIC "-//W3C//DTD XHTML 1.0 Transitional//EN"
    "http://www.w3.org/TR/xhtml1/DTD/xhtml1-transitional.dtd">
<html xmlns="http://www.w3.org/1999/xhtml" xml:lang="en" lang="en">
 <head>
  <title>
</title>
<meta http-equiv="Content-Type" content="text/html;charset=utf-8" />
  <meta name='ocr-system' content='tesseract 3.04.00' />
  <meta name='ocr-capabilities' content='ocr_page ocr_carea ocr_par ocr_line ocrx_word'/>
</head>
<body>
  <div class='ocr_page' id='page_1' title='image "./sanctipatrisnos01pusegoog_0310.png"; bbox 0 0 3294 5150; ppageno 0'>
   <div class='ocr_carea' id='block_1_1' title="bbox 148 378 1504 554">
    <p class='ocr_par' dir='ltr' id='par_1_1' title="bbox 148 378 1504 554">
     <span class='ocr_line' id='line_1_1' title="bbox 148 378 1350 466; baseline 0.006 -22"><span class='ocrx_word' id='word_1_1' title='bbox 148 399 363 466; x_wconf 80' lang='lat' dir='ltr'>xv.1‚3sqq.</span> <span class='ocrx_word' id='word_1_2' title='bbox 410 378 463 443; x_wconf 91' lang='lat' dir='ltr'>IN</span> <span class='ocrx_word' id='word_1_3' title='bbox 485 379 550 444; x_wconf 80' lang='grc' dir='ltr'>ΕΡ.</span> <span class='ocrx_word' id='word_1_4' title='bbox 575 378 603 444; x_wconf 93' lang='grc' dir='ltr'>Ι.</span> <span class='ocrx_word' id='word_1_5' title='bbox 631 379 694 445; x_wconf 86' lang='grc' dir='ltr'>ΑΙ)</span> <span class='ocrx_word' id='word_1_6' title='bbox 721 379 1015 447; x_wconf 69' lang='lat' dir='ltr'><strong>CORINTHIOS.</strong></span> <span class='ocrx_word' id='word_1_7' title='bbox 1054 381 1140 450; x_wconf 59' lang='lat' dir='ltr'>121ss.</span> <span class='ocrx_word' id='word_1_8' title='bbox 1157 383 1200 448; x_wconf 87' lang='lat' dir='ltr'>V.</span> <span class='ocrx_word' id='word_1_9' title='bbox 1286 387 1350 451; x_wconf 75' lang='lat'>297</span> 
     </span>
     <span class='ocr_line' id='line_1_2' title="bbox 1374 483 1504 554; baseline 0.015 -2"><span class='ocrx_word' id='word_1_10' title='bbox 1374 483 1504 554; x_wconf 65' lang='grc' dir='ltr'>[ιοΜι]</span> 
     </span>
    </p>
   </div>
   <div class='ocr_carea' id='block_1_2' title="bbox 451 815 1046 894">
    <p class='ocr_par' dir='ltr' id='par_1_2' title="bbox 451 815 1046 894">
     <span class='ocr_line' id='line_1_3' title="bbox 451 815 1046 894; baseline 0.003 -3"><span class='ocrx_word' id='word_1_11' title='bbox 451 815 657 892; x_wconf 84' lang='grc' dir='ltr'><strong>ΤΟΜΟΣ</strong></span> <span class='ocrx_word' id='word_1_12' title='bbox 696 816 727 892; x_wconf 87' lang='grc' dir='ltr'>Ε</span> <span class='ocrx_word' id='word_1_13' title='bbox 766 816 961 894; x_wconf 84' lang='grc' dir='ltr'><strong>ΛΟΓΟΣ</strong></span> <span class='ocrx_word' id='word_1_14' title='bbox 999 819 1046 893; x_wconf 88' lang='grc' dir='ltr'>Δ.</span> 
     </span>
    </p>
   </div>
   <div class='ocr_carea' id='block_1_3' title="bbox 153 1087 1503 1182">
    <p class='ocr_par' dir='ltr' id='par_1_3' title="bbox 153 1087 1503 1182">
     <span class='ocr_line' id='line_1_4' title="bbox 153 1087 1503 1182; baseline 0.006 -26"><span class='ocrx_word' id='word_1_15' title='bbox 153 1087 178 1155; x_wconf 89' lang='grc' dir='ltr'>Γ</span> <span class='ocrx_word' id='word_1_16' title='bbox 180 1089 303 1182; x_wconf 71' lang='grc' dir='ltr'>νωρίςω</span> <span class='ocrx_word' id='word_1_17' title='bbox 330 1093 366 1160; x_wconf 84' lang='grc' dir='ltr'>δὲ</span> <span class='ocrx_word' id='word_1_18' title='bbox 393 1089 466 1172; x_wconf 82' lang='grc' dir='ltr'>ὑμῖν</span> <span class='ocrx_word' id='word_1_19' title='bbox 493 1094 634 1182; x_wconf 78' lang='grc' dir='ltr'>ἀδελφοί</span> <span class='ocrx_word' id='word_1_20' title='bbox 659 1096 698 1162; x_wconf 86' lang='grc' dir='ltr'>τδ</span> <span class='ocrx_word' id='word_1_21' title='bbox 725 1096 911 1171; x_wconf 68' lang='grc' dir='ltr'>εὐαγγέλιον</span> <span class='ocrx_word' id='word_1_22' title='bbox 938 1096 956 1164; x_wconf 83' lang='grc' dir='ltr'><em>ὃ</em></span> <span class='ocrx_word' id='word_1_23' title='bbox 985 1097 1240 1175; x_wconf 61' lang='grc' dir='ltr'>εὐηγγελισάμην</span> <span class='ocrx_word' id='word_1_24' title='bbox 1268 1095 1350 1174; x_wconf 80' lang='grc' dir='ltr'>ὑμῖν.</span> <span class='ocrx_word' id='word_1_25' title='bbox 1366 1102 1441 1182; x_wconf 84' lang='grc' dir='ltr'>Κεφ.</span> <span class='ocrx_word' id='word_1_26' title='bbox 1457 1095 1503 1164; x_wconf 81' lang='grc' dir='ltr'>ιε’.</span> 
     </span>
    </p>
   </div>
   <div class='ocr_carea' id='block_1_4' title="bbox 95 1287 1355 2382">
    <p class='ocr_par' dir='ltr' id='par_1_4' title="bbox 95 1287 1355 2382">
     <span class='ocr_line' id='line_1_5' title="bbox 209 1287 1351 1398; baseline 0.004 -30"><span class='ocrx_word' id='word_1_27' title='bbox 209 1287 296 1371; x_wconf 80' lang='grc' dir='ltr'>Ἐπὶ</span> <span class='ocrx_word' id='word_1_28' title='bbox 324 1298 447 1393; x_wconf 84' lang='grc' dir='ltr'>καιροῦ</span> <span class='ocrx_word' id='word_1_29' title='bbox 475 1290 519 1389; x_wconf 79' lang='grc' dir='ltr'>δὴ</span> <span class='ocrx_word' id='word_1_30' title='bbox 547 1294 631 1371; x_wconf 83' lang='grc' dir='ltr'>λίαν</span> <span class='ocrx_word' id='word_1_31' title='bbox 653 1294 710 1371; x_wconf 81' lang='grc' dir='ltr'>καὶ</span> <span class='ocrx_word' id='word_1_32' title='bbox 738 1298 867 1398; x_wconf 81' lang='grc' dir='ltr'>σοφῶς</span> <span class='ocrx_word' id='word_1_33' title='bbox 890 1296 1089 1395; x_wconf 81' lang='grc' dir='ltr'>εὐαγγέλιον</span> <span class='ocrx_word' id='word_1_34' title='bbox 1113 1295 1291 1375; x_wconf 80' lang='grc' dir='ltr'>ἀποκαλεῖ</span> <span class='ocrx_word' id='word_1_35' title='bbox 1308 1292 1351 1374; x_wconf 81' lang='grc' dir='ltr'>τὸ</span> 
     </span>
     <span class='ocr_line' id='line_1_6' title="bbox 150 1413 1351 1518; baseline 0.003 -25"><span class='ocrx_word' id='word_1_36' title='bbox 150 1415 236 1515; x_wconf 83' lang='grc' dir='ltr'>περὶ</span> <span class='ocrx_word' id='word_1_37' title='bbox 266 1416 329 1513; x_wconf 81' lang='grc' dir='ltr'>τῆς</span> <span class='ocrx_word' id='word_1_38' title='bbox 360 1420 433 1494; x_wconf 87' lang='grc' dir='ltr'>τῶν</span> <span class='ocrx_word' id='word_1_39' title='bbox 461 1421 594 1518; x_wconf 84' lang='grc' dir='ltr'>νεκρῶν</span> <span class='ocrx_word' id='word_1_40' title='bbox 621 1413 856 1499; x_wconf 72' lang='grc' dir='ltr'>ἀναστάσεως</span> <span class='ocrx_word' id='word_1_41' title='bbox 884 1413 1060 1516; x_wconf 84' lang='grc' dir='ltr'>κήρυγμα,</span> <span class='ocrx_word' id='word_1_42' title='bbox 1086 1419 1145 1495; x_wconf 79' lang='grc' dir='ltr'>καὶ</span> <span class='ocrx_word' id='word_1_43' title='bbox 1175 1416 1283 1497; x_wconf 81' lang='grc' dir='ltr'>αὐτοῦ</span> <span class='ocrx_word' id='word_1_44' title='bbox 1314 1418 1351 1497; x_wconf 82' lang='grc' dir='ltr'>δὲ</span> 
     </span>
     <span class='ocr_line' id='line_1_7' title="bbox 115 1534 1351 1641; baseline 0.006 -25"><span class='ocrx_word' id='word_1_45' title='bbox 115 1534 298 1625; x_wconf 71' lang='grc' dir='ltr'>επάντως</span> <span class='ocrx_word' id='word_1_46' title='bbox 315 1571 386 1618; x_wconf 89' lang='grc' dir='ltr'>που</span> <span class='ocrx_word' id='word_1_47' title='bbox 403 1544 580 1640; x_wconf 83' lang='grc' dir='ltr'>Χριστοῦ·</span> <span class='ocrx_word' id='word_1_48' title='bbox 611 1541 669 1618; x_wconf 81' lang='grc' dir='ltr'>καὶ</span> <span class='ocrx_word' id='word_1_49' title='bbox 687 1539 759 1641; x_wconf 83' lang='grc' dir='ltr'>γάρ</span> <span class='ocrx_word' id='word_1_50' title='bbox 778 1540 878 1618; x_wconf 87' lang='grc' dir='ltr'>ἐστιν</span> <span class='ocrx_word' id='word_1_51' title='bbox 896 1540 1042 1638; x_wconf 89' lang='grc' dir='ltr'>ἀληθῶς</span> <span class='ocrx_word' id='word_1_52' title='bbox 1060 1541 1199 1641; x_wconf 84' lang='grc' dir='ltr'>ἀγαθοῦ</span> <span class='ocrx_word' id='word_1_53' title='bbox 1216 1540 1351 1625; x_wconf 83' lang='grc' dir='ltr'>παντὸς</span> 
     </span>
     <span class='ocr_line' id='line_1_8' title="bbox 153 1659 1355 1771; baseline 0.005 -33"><span class='ocrx_word' id='word_1_54' title='bbox 153 1661 362 1762; x_wconf 65' lang='grc' dir='ltr'>ἀπαγγελία</span> <span class='ocrx_word' id='word_1_55' title='bbox 396 1668 470 1745; x_wconf 86' lang='grc' dir='ltr'>τοῖς</span> <span class='ocrx_word' id='word_1_56' title='bbox 509 1659 575 1759; x_wconf 80' lang='grc' dir='ltr'>τὴν</span> <span class='ocrx_word' id='word_1_57' title='bbox 609 1661 736 1741; x_wconf 86' lang='grc' dir='ltr'>πίστιν</span> <span class='ocrx_word' id='word_1_58' title='bbox 772 1663 1062 1764; x_wconf 85' lang='grc' dir='ltr'>είσδεδεγμένοις·</span> <span class='ocrx_word' id='word_1_59' title='bbox 1109 1664 1148 1742; x_wconf 89' lang='grc' dir='ltr'>έν</span> <span class='ocrx_word' id='word_1_60' title='bbox 1179 1664 1276 1771; x_wconf 77' lang='grc' dir='ltr'>αῦτῶ</span> <span class='ocrx_word' id='word_1_61' title='bbox 1312 1663 1355 1744; x_wconf 92' lang='grc' dir='ltr'>δέ</span> 
     </span>
     <span class='ocr_line' id='line_1_9' title="bbox 153 1781 1350 1888; baseline 0.004 -27"><span class='ocrx_word' id='word_1_62' title='bbox 153 1787 271 1888; x_wconf 83' lang='grc' dir='ltr'>φησιν</span> <span class='ocrx_word' id='word_1_63' title='bbox 299 1783 426 1868; x_wconf 80' lang='grc' dir='ltr'>αὐτοῦς</span> <span class='ocrx_word' id='word_1_64' title='bbox 453 1781 600 1864; x_wconf 82' lang='grc' dir='ltr'>ἑστάναι</span> <span class='ocrx_word' id='word_1_65' title='bbox 628 1818 667 1864; x_wconf 89' lang='grc' dir='ltr'>τε</span> <span class='ocrx_word' id='word_1_66' title='bbox 696 1787 755 1864; x_wconf 81' lang='grc' dir='ltr'>καὶ</span> <span class='ocrx_word' id='word_1_67' title='bbox 784 1785 974 1888; x_wconf 82' lang='grc' dir='ltr'>σώζεσθαι.</span> <span class='ocrx_word' id='word_1_68' title='bbox 1013 1793 1079 1865; x_wconf 91' lang='grc' dir='ltr'>τοῦ</span> <span class='ocrx_word' id='word_1_69' title='bbox 1107 1785 1172 1886; x_wconf 73' lang='grc' dir='ltr'>μὲν</span> <span class='ocrx_word' id='word_1_70' title='bbox 1201 1783 1350 1866; x_wconf 80' lang='grc' dir='ltr'>ἑστάναι</span> 
     </span>
     <span class='ocr_line' id='line_1_10' title="bbox 153 1905 1350 2011; baseline 0.003 -26"><span class='ocrx_word' id='word_1_71' title='bbox 153 1907 485 2006; x_wconf 81' lang='grc' dir='ltr'>κατασημαίνοντος</span> <span class='ocrx_word' id='word_1_72' title='bbox 516 1907 560 1987; x_wconf 85' lang='grc' dir='ltr'>τδ</span> <span class='ocrx_word' id='word_1_73' title='bbox 588 1909 626 1987; x_wconf 81' lang='grc' dir='ltr'>ἐν</span> <span class='ocrx_word' id='word_1_74' title='bbox 654 1905 852 2011; x_wconf 85' lang='grc' dir='ltr'>ἑδραιότητι</span> <span class='ocrx_word' id='word_1_75' title='bbox 882 1910 946 2007; x_wconf 81' lang='grc' dir='ltr'>τῆς</span> <span class='ocrx_word' id='word_1_76' title='bbox 977 1909 1123 1993; x_wconf 81' lang='grc' dir='ltr'>ἐλπίδος</span> <span class='ocrx_word' id='word_1_77' title='bbox 1151 1911 1211 1988; x_wconf 82' lang='grc' dir='ltr'>καὶ</span> <span class='ocrx_word' id='word_1_78' title='bbox 1241 1906 1283 1989; x_wconf 83' lang='grc' dir='ltr'>τῦ</span> <span class='ocrx_word' id='word_1_79' title='bbox 1313 1913 1350 1989; x_wconf 86' lang='grc' dir='ltr'>ἐν</span> 
     </span>
     <span class='ocr_line' id='line_1_11' title="bbox 153 2028 1350 2139; baseline 0.002 -31"><span class='ocrx_word' id='word_1_80' title='bbox 153 2033 258 2135; x_wconf 80' lang='grc' dir='ltr'>καλῶ</span> <span class='ocrx_word' id='word_1_81' title='bbox 285 2034 349 2128; x_wconf 79' lang='grc' dir='ltr'>τῆς</span> <span class='ocrx_word' id='word_1_82' title='bbox 376 2029 485 2139; x_wconf 78' lang='grc' dir='ltr'>δόξης</span> <span class='ocrx_word' id='word_1_83' title='bbox 511 2029 680 2133; x_wconf 86' lang='grc' dir='ltr'>γενέσθαι</span> <span class='ocrx_word' id='word_1_84' title='bbox 707 2029 789 2116; x_wconf 85' lang='grc' dir='ltr'>τοῦς</span> <span class='ocrx_word' id='word_1_85' title='bbox 818 2028 1113 2117; x_wconf 82' lang='grc' dir='ltr'>πεπιστευκότας·</span> <span class='ocrx_word' id='word_1_86' title='bbox 1153 2032 1286 2112; x_wconf 81' lang='grc' dir='ltr'>τοῦδέ</span> <span class='ocrx_word' id='word_1_87' title='bbox 1307 2066 1350 2135; x_wconf 87' lang='grc' dir='ltr'>γε</span> 
     </span>
     <span class='ocr_line' id='line_1_12' title="bbox 95 2151 1351 2260; baseline 0.008 -31"><span class='ocrx_word' id='word_1_88' title='bbox 95 2185 140 2229; x_wconf 88' lang='grc' dir='ltr'>ιο</span> <span class='ocrx_word' id='word_1_89' title='bbox 153 2151 348 2255; x_wconf 78' lang='grc' dir='ltr'>σώζεσθαι,</span> <span class='ocrx_word' id='word_1_90' title='bbox 366 2151 409 2233; x_wconf 82' lang='grc' dir='ltr'>τὸ</span> <span class='ocrx_word' id='word_1_91' title='bbox 430 2158 488 2235; x_wconf 83' lang='grc' dir='ltr'>καὶ</span> <span class='ocrx_word' id='word_1_92' title='bbox 510 2155 618 2254; x_wconf 80' lang='grc' dir='ltr'>αῦτῆς</span> <span class='ocrx_word' id='word_1_93' title='bbox 637 2151 887 2260; x_wconf 81' lang='grc' dir='ltr'>ἀναπεφάνθαι</span> <span class='ocrx_word' id='word_1_94' title='bbox 904 2157 968 2252; x_wconf 76' lang='grc' dir='ltr'>τῆς</span> <span class='ocrx_word' id='word_1_95' title='bbox 986 2154 1160 2258; x_wconf 80' lang='grc' dir='ltr'>ἁμαρτίας</span> <span class='ocrx_word' id='word_1_96' title='bbox 1179 2154 1351 2255; x_wconf 84' lang='grc' dir='ltr'>ἀμείνους,</span> 
     </span>
     <span class='ocr_line' id='line_1_13' title="bbox 153 2275 1069 2382; baseline 0.004 -28"><span class='ocrx_word' id='word_1_97' title='bbox 153 2278 212 2355; x_wconf 75' lang='grc' dir='ltr'>καὶ</span> <span class='ocrx_word' id='word_1_98' title='bbox 231 2282 304 2356; x_wconf 86' lang='grc' dir='ltr'>τῶν</span> <span class='ocrx_word' id='word_1_99' title='bbox 321 2285 386 2358; x_wconf 90' lang='grc' dir='ltr'>τοῦ</span> <span class='ocrx_word' id='word_1_100' title='bbox 404 2277 559 2358; x_wconf 85' lang='grc' dir='ltr'>θανείτον</span> <span class='ocrx_word' id='word_1_101' title='bbox 572 2275 719 2382; x_wconf 82' lang='grc' dir='ltr'>βρόχων</span> <span class='ocrx_word' id='word_1_102' title='bbox 736 2277 894 2358; x_wconf 76' lang='grc' dir='ltr'>ἐπέκεινα</span> <span class='ocrx_word' id='word_1_103' title='bbox 912 2280 1069 2381; x_wconf 81' lang='grc' dir='ltr'>δραμεῖν.</span> 
     </span>
    </p>
   </div>
   <div class='ocr_carea' id='block_1_5' title="bbox 272 2531 1459 2626">
    <p class='ocr_par' dir='ltr' id='par_1_5' title="bbox 272 2531 1459 2626">
     <span class='ocr_line' id='line_1_14' title="bbox 272 2531 1459 2626; baseline 0.006 -30"><span class='ocrx_word' id='word_1_104' title='bbox 272 2534 457 2623; x_wconf 81' lang='grc' dir='ltr'>Παρὲδωκα</span> <span class='ocrx_word' id='word_1_105' title='bbox 485 2537 546 2625; x_wconf 77' lang='grc' dir='ltr'>τὰρ</span> <span class='ocrx_word' id='word_1_106' title='bbox 572 2531 644 2613; x_wconf 85' lang='grc' dir='ltr'>ὑμῖν</span> <span class='ocrx_word' id='word_1_107' title='bbox 670 2537 705 2602; x_wconf 79' lang='grc' dir='ltr'>ἐν</span> <span class='ocrx_word' id='word_1_108' title='bbox 733 2532 876 2623; x_wconf 80' lang='grc' dir='ltr'>πρώτοις</span> <span class='ocrx_word' id='word_1_109' title='bbox 902 2534 921 2604; x_wconf 83' lang='grc' dir='ltr'><em>ὅ</em></span> <span class='ocrx_word' id='word_1_110' title='bbox 950 2535 1003 2600; x_wconf 79' lang='grc' dir='ltr'>καὶ</span> <span class='ocrx_word' id='word_1_111' title='bbox 1029 2536 1225 2626; x_wconf 75' lang='grc' dir='ltr'>παρέλαβον.</span> <span class='ocrx_word' id='word_1_112' title='bbox 1363 2563 1459 2622; x_wconf 81' lang='lat' dir='ltr'>3sqq.</span> 
     </span>
    </p>
   </div>
   <div class='ocr_carea' id='block_1_6' title="bbox 97 2703 1497 3803">
    <p class='ocr_par' dir='ltr' id='par_1_6' title="bbox 214 2703 1349 2814">
     <span class='ocr_line' id='line_1_15' title="bbox 214 2703 1349 2814; baseline 0.004 -29"><span class='ocrx_word' id='word_1_113' title='bbox 214 2706 505 2810; x_wconf 88' lang='grc' dir='ltr'>Παραδεδωκέναι</span> <span class='ocrx_word' id='word_1_114' title='bbox 533 2710 649 2814; x_wconf 77' lang='grc' dir='ltr'>φησὶν</span> <span class='ocrx_word' id='word_1_115' title='bbox 667 2707 786 2791; x_wconf 81' lang='grc' dir='ltr'>αὐτοῖς</span> <span class='ocrx_word' id='word_1_116' title='bbox 813 2707 856 2787; x_wconf 84' lang='grc' dir='ltr'>οῦ</span> <span class='ocrx_word' id='word_1_117' title='bbox 876 2703 918 2786; x_wconf 83' lang='grc' dir='ltr'>τῦ</span> <span class='ocrx_word' id='word_1_118' title='bbox 941 2711 989 2790; x_wconf 86' lang='grc' dir='ltr'>είς</span> <span class='ocrx_word' id='word_1_119' title='bbox 1017 2714 1100 2787; x_wconf 93' lang='grc' dir='ltr'>νοῦν</span> <span class='ocrx_word' id='word_1_120' title='bbox 1116 2707 1204 2806; x_wconf 83' lang='grc' dir='ltr'>ἧκον</span> <span class='ocrx_word' id='word_1_121' title='bbox 1222 2707 1349 2790; x_wconf 81' lang='grc' dir='ltr'>ἅπλῶς</span> 
     </span>
    </p>

    <p class='ocr_par' dir='ltr' id='par_1_7' title="bbox 154 2830 1346 2940">
     <span class='ocr_line' id='line_1_16' title="bbox 154 2830 1346 2940; baseline 0 -32"><span class='ocrx_word' id='word_1_122' title='bbox 154 2831 214 2909; x_wconf 78' lang='grc' dir='ltr'>καὶ</span> <span class='ocrx_word' id='word_1_123' title='bbox 251 2831 508 2922; x_wconf 80' lang='grc' dir='ltr'>ἀβασανίστως</span> <span class='ocrx_word' id='word_1_124' title='bbox 544 2830 819 2932; x_wconf 81' lang='grc' dir='ltr'>είσδεδεγμένον,</span> <span class='ocrx_word' id='word_1_125' title='bbox 843 2831 928 2908; x_wconf 88' lang='grc' dir='ltr'>ἀλλ’</span> <span class='ocrx_word' id='word_1_126' title='bbox 964 2830 1164 2933; x_wconf 79' lang='grc' dir='ltr'>εὐαγγέλιον</span> <span class='ocrx_word' id='word_1_127' title='bbox 1193 2831 1210 2910; x_wconf 79' lang='grc' dir='ltr'>ῦ</span> <span class='ocrx_word' id='word_1_128' title='bbox 1241 2830 1346 2940; x_wconf 83' lang='grc' dir='ltr'>παρέ-</span> 
     </span>
    </p>

    <p class='ocr_par' dir='ltr' id='par_1_8' title="bbox 97 2951 1497 3181">
     <span class='ocr_line' id='line_1_17' title="bbox 97 2951 1350 3062; baseline 0.005 -36"><span class='ocrx_word' id='word_1_129' title='bbox 97 2982 139 3044; x_wconf 85' lang='lat'>15</span> <span class='ocrx_word' id='word_1_130' title='bbox 155 2955 284 3050; x_wconf 80' lang='grc' dir='ltr'>λαβεν,</span> <span class='ocrx_word' id='word_1_131' title='bbox 301 2951 448 3036; x_wconf 89' lang='grc' dir='ltr'>ε’νιέντος</span> <span class='ocrx_word' id='word_1_132' title='bbox 475 2952 660 3062; x_wconf 72' lang='grc' dir='ltr'>αὐτῷτὴν</span> <span class='ocrx_word' id='word_1_133' title='bbox 684 2959 823 3056; x_wconf 88' lang='grc' dir='ltr'>γνῶσιν</span> <span class='ocrx_word' id='word_1_134' title='bbox 847 2961 912 3033; x_wconf 88' lang='grc' dir='ltr'>τοῦ</span> <span class='ocrx_word' id='word_1_135' title='bbox 940 2954 982 3032; x_wconf 85' lang='grc' dir='ltr'>δι’</span> <span class='ocrx_word' id='word_1_136' title='bbox 1002 2954 1094 3052; x_wconf 79' lang='grc' dir='ltr'>ἡμᾶς</span> <span class='ocrx_word' id='word_1_137' title='bbox 1122 2955 1350 3056; x_wconf 80' lang='grc' dir='ltr'>ε’νηνθρωπη-</span> 
     </span>
     <span class='ocr_line' id='line_1_18' title="bbox 155 3073 1497 3181; baseline 0.003 -28"><span class='ocrx_word' id='word_1_138' title='bbox 155 3073 271 3159; x_wconf 85' lang='grc' dir='ltr'>κότος·</span> <span class='ocrx_word' id='word_1_139' title='bbox 307 3075 378 3181; x_wconf 76' lang='grc' dir='ltr'>ἔφη</span> <span class='ocrx_word' id='word_1_140' title='bbox 405 3073 476 3180; x_wconf 80' lang='grc' dir='ltr'>γὰρ</span> <span class='ocrx_word' id='word_1_141' title='bbox 499 3077 651 3157; x_wconf 84' lang='grc' dir='ltr'>πάλινὸ</span> <span class='ocrx_word' id='word_1_142' title='bbox 675 3077 781 3161; x_wconf 77' lang='grc' dir='ltr'>αὐτὸς</span> <span class='ocrx_word' id='word_1_143' title='bbox 808 3075 868 3156; x_wconf 86' lang='grc' dir='ltr'>διά</span> <span class='ocrx_word' id='word_1_144' title='bbox 892 3084 955 3156; x_wconf 92' lang='grc' dir='ltr'>τοῦ</span> <span class='ocrx_word' id='word_1_145' title='bbox 983 3079 1193 3180; x_wconf 83' lang='grc' dir='ltr'>εὐαγγελίου</span> <span class='ocrx_word' id='word_1_146' title='bbox 1218 3087 1240 3125; x_wconf 89' lang='lat'>“</span> <span class='ocrx_word' id='word_1_147' title='bbox 1254 3074 1350 3158; x_wconf 79' lang='grc' dir='ltr'>Οῦδέ</span> <span class='ocrx_word' id='word_1_148' title='bbox 1362 3100 1497 3152; x_wconf 63' lang='grc' dir='ltr'>θαλίαι.</span> 
     </span>
    </p>

    <p class='ocr_par' dir='ltr' id='par_1_9' title="bbox 154 3196 1350 3307">
     <span class='ocr_line' id='line_1_19' title="bbox 154 3196 1350 3307; baseline 0.003 -30"><span class='ocrx_word' id='word_1_149' title='bbox 154 3208 179 3246; x_wconf 88' lang='grc'><strong>“</strong></span> <span class='ocrx_word' id='word_1_150' title='bbox 198 3196 269 3300; x_wconf 87' lang='grc' dir='ltr'>γάρ</span> <span class='ocrx_word' id='word_1_151' title='bbox 286 3196 357 3301; x_wconf 81' lang='grc' dir='ltr'>ε’γῶ</span> <span class='ocrx_word' id='word_1_152' title='bbox 378 3197 477 3302; x_wconf 80' lang='grc' dir='ltr'>παρὰ</span> <span class='ocrx_word' id='word_1_153' title='bbox 494 3199 685 3303; x_wconf 76' lang='grc' dir='ltr'>ἀνθρώπου</span> <span class='ocrx_word' id='word_1_154' title='bbox 706 3199 917 3303; x_wconf 78' lang='grc' dir='ltr'>παρέλαβον</span> <span class='ocrx_word' id='word_1_155' title='bbox 936 3199 1035 3291; x_wconf 86' lang='grc' dir='ltr'>αῦτδ,</span> <span class='ocrx_word' id='word_1_156' title='bbox 1055 3201 1134 3280; x_wconf 82' lang='grc' dir='ltr'>οῦδέ</span> <span class='ocrx_word' id='word_1_157' title='bbox 1151 3199 1350 3307; x_wconf 71' lang='grc' dir='ltr'>ἐδιδάχθην,</span> 
     </span>
    </p>

    <p class='ocr_par' dir='ltr' id='par_1_10' title="bbox 157 3321 1349 3429">
     <span class='ocr_line' id='line_1_20' title="bbox 157 3321 1349 3429; baseline 0.001 -28"><span class='ocrx_word' id='word_1_158' title='bbox 157 3330 179 3369; x_wconf 81' lang='grc'><strong>“</strong></span> <span class='ocrx_word' id='word_1_159' title='bbox 197 3321 297 3401; x_wconf 83' lang='grc' dir='ltr'>ἀλλά</span> <span class='ocrx_word' id='word_1_160' title='bbox 324 3324 367 3402; x_wconf 87' lang='grc' dir='ltr'>δι’</span> <span class='ocrx_word' id='word_1_161' title='bbox 387 3322 652 3429; x_wconf 79' lang='grc' dir='ltr'>ἀποκαλύψεως</span> <span class='ocrx_word' id='word_1_162' title='bbox 675 3323 799 3423; x_wconf 81' lang='grc' dir='ltr'>Ἰησοῦ</span> <span class='ocrx_word' id='word_1_163' title='bbox 824 3324 1023 3425; x_wconf 85' lang='grc' dir='ltr'>Χριστοῦ.”</span> <span class='ocrx_word' id='word_1_164' title='bbox 1056 3322 1153 3426; x_wconf 86' lang='grc' dir='ltr'>είπερ</span> <span class='ocrx_word' id='word_1_165' title='bbox 1181 3325 1243 3402; x_wconf 88' lang='grc' dir='ltr'>οῦν</span> <span class='ocrx_word' id='word_1_166' title='bbox 1271 3327 1349 3403; x_wconf 82' lang='grc' dir='ltr'>ἐστι</span> 
     </span>
    </p>

    <p class='ocr_par' dir='ltr' id='par_1_11' title="bbox 157 3444 1350 3549">
     <span class='ocr_line' id='line_1_21' title="bbox 157 3444 1350 3549; baseline -0.001 -23"><span class='ocrx_word' id='word_1_167' title='bbox 157 3446 380 3530; x_wconf 89' lang='grc' dir='ltr'>θεοδίδακτος</span> <span class='ocrx_word' id='word_1_168' title='bbox 412 3448 433 3525; x_wconf 85' lang='grc' dir='ltr'><strong>ὁ</strong></span> <span class='ocrx_word' id='word_1_169' title='bbox 466 3445 692 3549; x_wconf 79' lang='grc' dir='ltr'>παραδιδοὺς,</span> <span class='ocrx_word' id='word_1_170' title='bbox 722 3452 800 3530; x_wconf 83' lang='grc' dir='ltr'>πῶς</span> <span class='ocrx_word' id='word_1_171' title='bbox 837 3446 901 3526; x_wconf 91' lang='grc' dir='ltr'>οῦκ</span> <span class='ocrx_word' id='word_1_172' title='bbox 933 3444 1064 3546; x_wconf 72' lang='grc' dir='ltr'>ἀληθὲς</span> <span class='ocrx_word' id='word_1_173' title='bbox 1094 3445 1137 3525; x_wconf 87' lang='grc' dir='ltr'>τὸ</span> <span class='ocrx_word' id='word_1_174' title='bbox 1169 3448 1211 3527; x_wconf 86' lang='grc' dir='ltr'>δι’</span> <span class='ocrx_word' id='word_1_175' title='bbox 1242 3447 1350 3525; x_wconf 82' lang='grc' dir='ltr'>αι’ποῦ</span> 
     </span>
    </p>

    <p class='ocr_par' dir='ltr' id='par_1_12' title="bbox 97 3567 1350 3676">
     <span class='ocr_line' id='line_1_22' title="bbox 97 3567 1350 3676; baseline -0.005 -24"><span class='ocrx_word' id='word_1_176' title='bbox 97 3610 142 3652; x_wconf 85' lang='lat'>20</span> <span class='ocrx_word' id='word_1_177' title='bbox 158 3567 443 3671; x_wconf 83' lang='grc' dir='ltr'>κηρυσσόμενον,</span> <span class='ocrx_word' id='word_1_178' title='bbox 463 3569 510 3649; x_wconf 86' lang='grc' dir='ltr'>’ίτι</span> <span class='ocrx_word' id='word_1_179' title='bbox 531 3567 669 3676; x_wconf 79' lang='grc' dir='ltr'>Χριστῦε</span> <span class='ocrx_word' id='word_1_180' title='bbox 692 3567 851 3650; x_wconf 79' lang='grc' dir='ltr'>ἀπεθανεν</span> <span class='ocrx_word' id='word_1_181' title='bbox 876 3568 956 3674; x_wconf 75' lang='grc' dir='ltr'>ὑπὲρ</span> <span class='ocrx_word' id='word_1_182' title='bbox 981 3567 1043 3649; x_wconf 84' lang='grc' dir='ltr'>τῶν</span> <span class='ocrx_word' id='word_1_183' title='bbox 1068 3568 1238 3674; x_wconf 73' lang='grc' dir='ltr'>ἁμαρτιῶν</span> <span class='ocrx_word' id='word_1_184' title='bbox 1262 3568 1350 3674; x_wconf 71' lang='grc' dir='ltr'>ἡμῶν</span> 
     </span>
    </p>

    <p class='ocr_par' dir='ltr' id='par_1_13' title="bbox 158 3691 1346 3803">
     <span class='ocr_line' id='line_1_23' title="bbox 158 3691 1346 3803; baseline -0.006 -29"><span class='ocrx_word' id='word_1_185' title='bbox 158 3695 254 3774; x_wconf 69' lang='grc' dir='ltr'>κατὰ</span> <span class='ocrx_word' id='word_1_186' title='bbox 271 3691 337 3778; x_wconf 71' lang='grc' dir='ltr'>τῶς</span> <span class='ocrx_word' id='word_1_187' title='bbox 357 3691 519 3803; x_wconf 67' lang='grc' dir='ltr'>γραφὶς,</span> <span class='ocrx_word' id='word_1_188' title='bbox 541 3691 707 3793; x_wconf 86' lang='grc' dir='ltr'>δηλονότι</span> <span class='ocrx_word' id='word_1_189' title='bbox 731 3697 795 3791; x_wconf 75' lang='grc' dir='ltr'>τῆς</span> <span class='ocrx_word' id='word_1_190' title='bbox 812 3727 851 3773; x_wconf 86' lang='grc' dir='ltr'>τε</span> <span class='ocrx_word' id='word_1_191' title='bbox 868 3698 1025 3776; x_wconf 83' lang='grc' dir='ltr'>παλαιῶς</span> <span class='ocrx_word' id='word_1_192' title='bbox 1044 3695 1102 3771; x_wconf 81' lang='grc' dir='ltr'>καὶ</span> <span class='ocrx_word' id='word_1_193' title='bbox 1121 3691 1224 3784; x_wconf 87' lang='grc' dir='ltr'>νέας;</span> <span class='ocrx_word' id='word_1_194' title='bbox 1252 3700 1346 3770; x_wconf 89' lang='grc' dir='ltr'>πολ-</span> 
     </span>
    </p>
   </div>
   <div class='ocr_carea' id='block_1_7' title="bbox 154 3953 1352 4659">
    <p class='ocr_par' dir='ltr' id='par_1_14' title="bbox 154 3953 1352 4659">
     <span class='ocr_line' id='line_1_24' title="bbox 174 3953 1349 4050; baseline -0.003 -38"><span class='ocrx_word' id='word_1_195' title='bbox 174 4028 183 4049; x_wconf 31' lang='grc' dir='ltr'>η</span> <span class='ocrx_word' id='word_1_196' title='bbox 195 3974 219 4012; x_wconf 88' lang='lat'>1.</span> <span class='ocrx_word' id='word_1_197' title='bbox 241 3956 282 4046; x_wconf 46' lang='grc' dir='ltr'>δία</span> <span class='ocrx_word' id='word_1_198' title='bbox 293 3955 365 4011; x_wconf 72' lang='lat' dir='ltr'>edidi</span> <span class='ocrx_word' id='word_1_199' title='bbox 376 3975 409 4044; x_wconf 55' lang='lat'>2¹</span> <span class='ocrx_word' id='word_1_200' title='bbox 423 3956 450 4012; x_wconf 84' lang='lat' dir='ltr'>H</span> <span class='ocrx_word' id='word_1_201' title='bbox 464 3958 512 4050; x_wconf 56' lang='lat' dir='ltr'>qu}</span> <span class='ocrx_word' id='word_1_202' title='bbox 522 3979 600 4026; x_wconf 78' lang='grc' dir='ltr'>τοροτ</span> <span class='ocrx_word' id='word_1_203' title='bbox 610 3961 691 4029; x_wconf 84' lang='grc' dir='ltr'>λογος</span> <span class='ocrx_word' id='word_1_204' title='bbox 702 3957 719 4011; x_wconf 96' lang='grc' dir='ltr'>δ</span> <span class='ocrx_word' id='word_1_205' title='bbox 730 3956 854 4048; x_wconf 48' lang='grc' dir='ltr'>οιίιίδείη</span> <span class='ocrx_word' id='word_1_206' title='bbox 960 3971 1002 4044; x_wconf 41' lang='grc'>’3.</span> <span class='ocrx_word' id='word_1_207' title='bbox 1019 3953 1165 4044; x_wconf 56' lang='grc' dir='ltr'>Αδδτονὶαξ</span> <span class='ocrx_word' id='word_1_208' title='bbox 1179 3954 1215 4008; x_wconf 92' lang='grc' dir='ltr'><strong><em>Η</em></strong></span> <span class='ocrx_word' id='word_1_209' title='bbox 1228 3953 1349 4039; x_wconf 65' lang='grc' dir='ltr'>εῦκειίρως</span> 
     </span>
     <span class='ocr_line' id='line_1_25' title="bbox 156 4025 1349 4182; baseline -0.006 -29"><span class='ocrx_word' id='word_1_210' title='bbox 156 4029 307 4168; x_wconf 54' lang='lat' dir='ltr'>„W</span> <span class='ocrx_word' id='word_1_211' title='bbox 318 4029 745 4169; x_wconf 54' lang='grc' dir='ltr'>ίὲλεῖἰῗιεῖἶρῖιγῖίῶωῖιῦέίῖιῖ</span> <span class='ocrx_word' id='word_1_212' title='bbox 758 4025 1349 4182; x_wconf 52' lang='grc' dir='ltr'>ῗσῖἶίῗῖἱέίθίῦιῦῖίιῖῗῖἶιᾞθέίῖ</span> 
     </span>
     <span class='ocr_line' id='line_1_26' title="bbox 155 4163 1349 4238; baseline -0.006 -15"><span class='ocrx_word' id='word_1_213' title='bbox 155 4170 187 4223; x_wconf 84' lang='grc' dir='ltr'>τδ</span> <span class='ocrx_word' id='word_1_214' title='bbox 200 4168 228 4223; x_wconf 81' lang='grc' dir='ltr'>έν</span> <span class='ocrx_word' id='word_1_215' title='bbox 239 4168 383 4237; x_wconf 76' lang='grc' dir='ltr'>ἑδραιότητα</span> <span class='ocrx_word' id='word_1_216' title='bbox 394 4170 440 4237; x_wconf 81' lang='grc' dir='ltr'>τῆς</span> <span class='ocrx_word' id='word_1_217' title='bbox 451 4169 557 4224; x_wconf 82' lang='grc' dir='ltr'>ε’λπίδος</span> <span class='ocrx_word' id='word_1_218' title='bbox 569 4171 708 4238; x_wconf 85' lang='grc' dir='ltr'>σημαίνων·</span> <span class='ocrx_word' id='word_1_219' title='bbox 730 4167 858 4233; x_wconf 75' lang='grc' dir='ltr'>σώζεσθαι</span> <span class='ocrx_word' id='word_1_220' title='bbox 871 4167 898 4220; x_wconf 76' lang='grc' dir='ltr'>δέ</span> <span class='ocrx_word' id='word_1_221' title='bbox 910 4169 941 4222; x_wconf 83' lang='grc' dir='ltr'>τδ</span> <span class='ocrx_word' id='word_1_222' title='bbox 952 4168 1069 4233; x_wconf 80' lang='grc' dir='ltr'>ἀμείνους</span> <span class='ocrx_word' id='word_1_223' title='bbox 1080 4163 1200 4235; x_wconf 82' lang='grc' dir='ltr'>γενέσθαι</span> <span class='ocrx_word' id='word_1_224' title='bbox 1213 4165 1254 4218; x_wconf 82' lang='grc' dir='ltr'>καὶ</span> <span class='ocrx_word' id='word_1_225' title='bbox 1266 4168 1349 4216; x_wconf 77' lang='grc' dir='ltr'>αιτῶν</span> 
     </span>
     <span class='ocr_line' id='line_1_27' title="bbox 155 4233 1349 4308; baseline -0.005 -14"><span class='ocrx_word' id='word_1_226' title='bbox 155 4241 266 4294; x_wconf 78' lang='grc' dir='ltr'>τῶντοῦ</span> <span class='ocrx_word' id='word_1_227' title='bbox 283 4237 393 4292; x_wconf 80' lang='grc' dir='ltr'>θανάτου</span> <span class='ocrx_word' id='word_1_228' title='bbox 409 4241 524 4308; x_wconf 77' lang='grc' dir='ltr'>βρόχων</span> <span class='ocrx_word' id='word_1_229' title='bbox 549 4259 568 4293; x_wconf 86' lang='grc' dir='ltr'>τε</span> <span class='ocrx_word' id='word_1_230' title='bbox 619 4236 754 4293; x_wconf 70' lang='grc' dir='ltr'>δεδωκέναι</span> <span class='ocrx_word' id='word_1_231' title='bbox 766 4237 850 4292; x_wconf 85' lang='grc' dir='ltr'>τοίνυν</span> <span class='ocrx_word' id='word_1_232' title='bbox 861 4239 945 4308; x_wconf 76' lang='grc' dir='ltr'>φησὶν</span> <span class='ocrx_word' id='word_1_233' title='bbox 956 4237 987 4290; x_wconf 87' lang='grc' dir='ltr'>οῦ</span> <span class='ocrx_word' id='word_1_234' title='bbox 1004 4238 1034 4291; x_wconf 87' lang='grc' dir='ltr'>τδ</span> <span class='ocrx_word' id='word_1_235' title='bbox 1052 4235 1088 4291; x_wconf 82' lang='grc' dir='ltr'>είς</span> <span class='ocrx_word' id='word_1_236' title='bbox 1106 4239 1164 4289; x_wconf 90' lang='grc' dir='ltr'>νοῦν</span> <span class='ocrx_word' id='word_1_237' title='bbox 1182 4233 1243 4302; x_wconf 69' lang='grc' dir='ltr'>ἧκον</span> <span class='ocrx_word' id='word_1_238' title='bbox 1260 4233 1349 4288; x_wconf 85' lang='grc' dir='ltr'>ἀπλῶς</span> 
     </span>
     <span class='ocr_line' id='line_1_28' title="bbox 155 4303 1349 4378; baseline -0.006 -16"><span class='ocrx_word' id='word_1_239' title='bbox 155 4307 199 4362; x_wconf 76' lang='grc' dir='ltr'>καλ</span> <span class='ocrx_word' id='word_1_240' title='bbox 215 4306 399 4370; x_wconf 81' lang='grc' dir='ltr'>ἀβασανίστως</span> <span class='ocrx_word' id='word_1_241' title='bbox 416 4308 556 4376; x_wconf 75' lang='grc' dir='ltr'>ένθνρηθάν</span> <span class='ocrx_word' id='word_1_242' title='bbox 573 4308 632 4362; x_wconf 84' lang='grc' dir='ltr'>αλλ1</span> <span class='ocrx_word' id='word_1_243' title='bbox 652 4305 802 4378; x_wconf 76' lang='grc' dir='ltr'>εὐαγγέλιον</span> <span class='ocrx_word' id='word_1_244' title='bbox 820 4306 834 4359; x_wconf 87' lang='grc' dir='ltr'>δ</span> <span class='ocrx_word' id='word_1_245' title='bbox 851 4305 911 4376; x_wconf 83' lang='grc' dir='ltr'>παρ’</span> <span class='ocrx_word' id='word_1_246' title='bbox 926 4307 1004 4360; x_wconf 68' lang='grc' dir='ltr'>αὐτοῦ</span> <span class='ocrx_word' id='word_1_247' title='bbox 1020 4303 1153 4374; x_wconf 82' lang='grc' dir='ltr'>παρέλαβε</span> <span class='ocrx_word' id='word_1_248' title='bbox 1172 4309 1216 4358; x_wconf 87' lang='grc' dir='ltr'>τοῦ</span> <span class='ocrx_word' id='word_1_249' title='bbox 1234 4307 1349 4372; x_wconf 82' lang='grc' dir='ltr'>Χριστοῦ</span> 
     </span>
     <span class='ocr_line' id='line_1_29' title="bbox 155 4374 1348 4449; baseline -0.005 -17"><span class='ocrx_word' id='word_1_250' title='bbox 155 4381 202 4433; x_wconf 82' lang='grc' dir='ltr'>τοῦ</span> <span class='ocrx_word' id='word_1_251' title='bbox 214 4377 246 4431; x_wconf 82' lang='grc' dir='ltr'>δι’</span> <span class='ocrx_word' id='word_1_252' title='bbox 258 4377 324 4447; x_wconf 75' lang='grc' dir='ltr'>ἡμᾶς</span> <span class='ocrx_word' id='word_1_253' title='bbox 342 4379 571 4449; x_wconf 78' lang='grc' dir='ltr'>ι’νηνθρωπηκότος.</span> <span class='ocrx_word' id='word_1_254' title='bbox 608 4378 712 4432; x_wconf 80' lang='lat' dir='ltr'>Deinde</span> <span class='ocrx_word' id='word_1_255' title='bbox 731 4385 864 4447; x_wconf 65' lang='lat' dir='ltr'>postrema</span> <span class='ocrx_word' id='word_1_256' title='bbox 876 4378 952 4448; x_wconf 79' lang='lat' dir='ltr'>quani</span> <span class='ocrx_word' id='word_1_257' title='bbox 970 4389 1090 4446; x_wconf 70' lang='lat' dir='ltr'>repetens</span> <span class='ocrx_word' id='word_1_258' title='bbox 1109 4374 1229 4427; x_wconf 81' lang='lat' dir='ltr'>scholion</span> <span class='ocrx_word' id='word_1_259' title='bbox 1248 4390 1348 4426; x_wconf 81' lang='lat' dir='ltr'><strong>novum</strong></span> 
     </span>
     <span class='ocr_line' id='line_1_30' title="bbox 155 4439 1348 4520; baseline -0.006 -18"><span class='ocrx_word' id='word_1_260' title='bbox 155 4447 263 4502; x_wconf 79' lang='lat' dir='ltr'>exhibet</span> <span class='ocrx_word' id='word_1_261' title='bbox 280 4449 485 4514; x_wconf 81' lang='grc' dir='ltr'>παραδεδωκέναι</span> <span class='ocrx_word' id='word_1_262' title='bbox 503 4451 587 4520; x_wconf 76' lang='grc' dir='ltr'>φησὶν</span> <span class='ocrx_word' id='word_1_263' title='bbox 604 4450 635 4502; x_wconf 86' lang='grc' dir='ltr'>οῦ</span> <span class='ocrx_word' id='word_1_264' title='bbox 652 4451 682 4502; x_wconf 83' lang='grc' dir='ltr'>τὸ</span> <span class='ocrx_word' id='word_1_265' title='bbox 700 4447 736 4502; x_wconf 77' lang='grc' dir='ltr'>εἷς</span> <span class='ocrx_word' id='word_1_266' title='bbox 754 4449 813 4501; x_wconf 85' lang='grc' dir='ltr'>νοῦν</span> <span class='ocrx_word' id='word_1_267' title='bbox 829 4445 889 4516; x_wconf 72' lang='grc' dir='ltr'>ἧκον</span> <span class='ocrx_word' id='word_1_268' title='bbox 904 4446 992 4502; x_wconf 80' lang='grc' dir='ltr'>ἁπλῶς</span> <span class='ocrx_word' id='word_1_269' title='bbox 1009 4445 1068 4499; x_wconf 81' lang='grc' dir='ltr'>ιὶλλΙ</span> <span class='ocrx_word' id='word_1_270' title='bbox 1082 4443 1232 4515; x_wconf 79' lang='grc' dir='ltr'>εῦαγγέλιον</span> <span class='ocrx_word' id='word_1_271' title='bbox 1244 4441 1258 4494; x_wconf 87' lang='grc' dir='ltr'>δ</span> <span class='ocrx_word' id='word_1_272' title='bbox 1269 4439 1348 4512; x_wconf 86' lang='grc' dir='ltr'>παρέ-</span> 
     </span>
     <span class='ocr_line' id='line_1_31' title="bbox 154 4514 1352 4590; baseline -0.003 -18"><span class='ocrx_word' id='word_1_273' title='bbox 154 4521 237 4584; x_wconf 83' lang='grc' dir='ltr'>λαβεν</span> <span class='ocrx_word' id='word_1_274' title='bbox 248 4517 357 4574; x_wconf 81' lang='grc' dir='ltr'>ε’νιέντος</span> <span class='ocrx_word' id='word_1_275' title='bbox 369 4520 437 4590; x_wconf 76' lang='grc' dir='ltr'>αὐτῷ</span> <span class='ocrx_word' id='word_1_276' title='bbox 451 4519 497 4587; x_wconf 77' lang='grc' dir='ltr'>τὴν</span> <span class='ocrx_word' id='word_1_277' title='bbox 510 4525 608 4590; x_wconf 86' lang='grc' dir='ltr'>γνῶσιν</span> <span class='ocrx_word' id='word_1_278' title='bbox 619 4521 665 4572; x_wconf 80' lang='grc' dir='ltr'>τοῦ</span> <span class='ocrx_word' id='word_1_279' title='bbox 677 4517 710 4572; x_wconf 86' lang='grc' dir='ltr'>δι’</span> <span class='ocrx_word' id='word_1_280' title='bbox 723 4518 788 4586; x_wconf 79' lang='grc' dir='ltr'>ἡμᾶς</span> <span class='ocrx_word' id='word_1_281' title='bbox 799 4517 1030 4588; x_wconf 83' lang='grc' dir='ltr'>ε’νηνθρωπηκότος.</span> <span class='ocrx_word' id='word_1_282' title='bbox 1050 4515 1087 4568; x_wconf 87' lang='grc' dir='ltr'>Η.</span> <span class='ocrx_word' id='word_1_283' title='bbox 1232 4529 1271 4586; x_wconf 75' lang='grc'>13.</span> <span class='ocrx_word' id='word_1_284' title='bbox 1293 4514 1352 4582; x_wconf 75' lang='grc' dir='ltr'>ὑμῖν</span> 
     </span>
     <span class='ocr_line' id='line_1_32' title="bbox 154 4589 347 4659; baseline 0 -17"><span class='ocrx_word' id='word_1_285' title='bbox 154 4605 204 4659; x_wconf 83' lang='lat' dir='ltr'>pro</span> <span class='ocrx_word' id='word_1_286' title='bbox 215 4589 301 4643; x_wconf 72' lang='grc' dir='ltr'>αὐτοῖς</span> <span class='ocrx_word' id='word_1_287' title='bbox 314 4593 347 4644; x_wconf 80' lang='grc' dir='ltr'>Α.</span> 
     </span>
    </p>
   </div>
   <div class='ocr_carea' id='block_1_8' title="bbox 197 4687 786 4753">
    <p class='ocr_par' dir='ltr' id='par_1_15' title="bbox 197 4687 786 4753">
     <span class='ocr_line' id='line_1_33' title="bbox 197 4687 786 4753; baseline -0.002 -19"><span class='ocrx_word' id='word_1_288' title='bbox 197 4688 268 4734; x_wconf 74' lang='grc' dir='ltr'>τοι.</span> <span class='ocrx_word' id='word_1_289' title='bbox 285 4689 335 4734; x_wconf 90' lang='lat'>111.</span> <span class='ocrx_word' id='word_1_290' title='bbox 728 4687 751 4748; x_wconf 72' lang='lat' dir='ltr'><strong>q</strong></span> <span class='ocrx_word' id='word_1_291' title='bbox 765 4692 786 4753; x_wconf 94' lang='lat' dir='ltr'>q</span> 
     </span>
    </p>
   </div>
   <div class='ocr_carea' id='block_1_9' title="bbox 0 0 1652 5150">
    <p class='ocr_par' dir='ltr' id='par_1_16' title="bbox 0 0 1652 5150">
     <span class='ocr_line' id='line_1_34' title="bbox 0 0 1652 5150; baseline 0 1"><span class='ocrx_word' id='word_1_292' title='bbox 0 0 1652 5150; x_wconf 95' lang='lat' dir='ltr'> </span> 
     </span>
    </p>
   </div>
  </div>
 </body>
</html>
