3294 5150
280 353 346 417 826
432 352 472 417 B.
494 349 682 416 CYRILLI
704 350 970 416 ALEXANDR.
996 349 1278 416 FRAGMENTA
1320 349 1341 414 i.
1356 367 1392 416 21
1408 371 1477 435 sqq.

125 449 182 516 [8⁶
194 449 256 516 Μ’]
282 526 304 563 “
322 512 396 617 βὸρ
419 513 535 614 Ἰωνᾶ,
552 515 608 596 ότι
626 513 729 622 σάρξ
744 517 802 596 καὶ
821 514 909 614 αἷμα
925 515 989 596 οῦκ
1007 513 1243 620 ἀπεκάλυψέν
1259 548 1332 612 σοι,
1349 514 1436 594 ἀλλ’
1456 516 1477 594 ό

282 649 303 685 “
324 637 454 741 Πατήρ
479 640 590 736 μουό
615 640 653 719 έν
673 647 748 723 τοῖς
777 639 971 741 οὐρανοῖς.”
1005 637 1124 738 ἐπειδὴ
1153 636 1225 740 γάρ
1252 639 1478 739 παμμέγεθες

281 758 323 841 τὸ
348 761 556 864 μυστήριον,
587 763 688 842 δέοιτ’
718 760 762 842 ἂν
793 760 933 846 εἰκότως
965 761 1221 864 μυσταγωγίας
1251 765 1315 860 τῆς
1341 760 1479 842 ἀνωθεν

281 887 340 964 καὶ
358 883 457 988 παρὰ
476 882 630 987 Πατρός·
659 887 808 979 βεβαιοῖ
827 894 1018 988 τοιγαροῦν
1037 887 1130 992 ἡμῖὶς
1148 883 1255 968 αὐτὸς
1273 893 1319 970 εἰς
1340 881 1477 992 Χριστὸν

167 1016 297 1087 ver-²²·o‘
318 1016 378 1088 καὶ
398 1007 679 1161 σφραγισάμενος
697 1011 789 1114 ἦμῖις
808 1016 868 1089 καὶ
887 1007 1013 1116 χρίσας
1027 1011 1113 1094 Θεὸς
1133 1015 1193 1088 καὶ
1214 1001 1288 1094 θοὸς
1305 1008 1357 1087 τὸν
1375 1011 1509 1114 ibba-5

281 1127 456 1281 βάγα
401 1168 456 1211 του
475 1130 682 1236 Πιείματος.
723 1129 886 1232 εἴηδ’
864 1165 909 1211 αν
936 1133 999 1211 οῦκ
1024 1129 1235 1236 ἀσυμφανές
1262 1132 1320 1209 καῖ
1348 1128 1410 1210 δαί
1433 1162 1476 1230 γε

112 1277 193 1340 Supra
204 1291 255 1327 ver
281 1253 417 1334 τούτων
435 1254 528 1353 ἡμῖν,
547 1253 602 1335 ὅτι
623 1250 674 1355 μὴ
692 1255 839 1360 γέγονεν
858 1289 879 1334 ο
865 1251 1032 1339 ’Υίὸς“
1045 1258 1102 1335 ναὶ
1126 1288 1184 1334 και
1212 1255 1266 1333 οὔ·
1269 1250 1412 1337 ”Θεὸς
1437 1251 1476 1334 δέ

114 1354 153 1408 ⁹
280 1385 425 1527 μᾶλλον
450 1374 629 1477 ἀληθινὸς,
669 1381 727 1458 καὶ
730 1376 866 1524 ἐφ’
841 1411 958 1482 απασι
989 1385 1063 1464 τοῖς
1094 1380 1298 1532 ἀγαθοῖς“
1312 1378 1349 1456 έν
1379 1377 1476 1482 αι’ττῷ

280 1511 302 1548 “
319 1499 362 1581 τὸ
382 1497 469 1580 ναί·”
509 1499 674 1580 θεοῦ
629 1533 700 1603 γαρ
719 1499 811 1599 ἡμᾶς
837 1473 1046 1607 σφραγίσαι
1072 1533 1112 1580 τε
1136 1534 1195 1580 και
1219 1499 1343 1604 χρίσω
1369 1509 1476 1600 λεγο-

278 1624 395 1721 μένου,
424 1621 547 1706 δόντος
573 1654 611 1702 τε
628 1620 688 1703 ’τὸν
715 1623 894 1732 ιἰῥραβάνα
919 1625 976 1704 τοῦ
1006 1621 1213 1728 Πιιίματος,
1240 1620 1402 1726 Χριστὸς
1429 1617 1475 1700 ἀν
1491 1656 1532 1696 το

278 1747 331 1845 εἴη
358 1743 472 1827 πόλιν
499 1748 519 1825 b
546 1754 659 1826 ταῦτα
686 1753 837 1848 πληρῶν
859 1749 897 1826 έν
920 1747 1018 1846 ἡμῖν,
1049 1749 1116 1852 οὐχ
1144 1749 1374 1849 ῦπουργικοῦς,
1394 1745 1474 1824 οὔτε

278 1868 351 1968 μὴν
368 1870 550 1976 ἀλλοτρίῳ
571 1870 772 1972 καταχρίων
790 1903 828 1948 τε
846 1871 938 1970 ἡμᾶς
962 1873 1021 1950 καὶ
1047 1871 1261 1976 σφραγίζων
1280 1868 1474 1964 Πνεόματι,

233 1995 238 2003 ’
279 1991 365 2070 ἀλλ’
384 1993 479 2097 αὐτῷ
506 1996 557 2097 τῷ
585 1993 661 2100 ἱδίιρ
680 1995 806 2098 καὶτῷ
828 2001 892 2073 τοῦ
913 1991 1069 2095 Πατρός·
1103 1994 1142 2072 έν
1168 1990 1240 2094 γάρ
1268 1993 1403 2095 ἀμφοῖν
1430 1987 1473 2069 τὸ

279 2121 428 2264 Πνεῦμα
453 2114 494 2194 τὸ
507 2113 638 2216 Ἀγιον
656 2113 714 2194 διὸ
737 2112 804 2214 τὴν
825 2116 1024 2214 ταυτότητα
1051 2119 1115 2210 τῆς
1140 2115 1266 2198 οὐσίας
1291 2115 1333 2193 οῦ
1360 2146 1468 2211 μεμε-

277 2237 463 2339 ρισμένως,
483 2239 608 2318 ἀλλΗ
586 2271 634 2322 ως
651 2239 689 2318 ἔκ
710 2237 854 2389 Πατρός
873 2237 916 2317 δι
930 2243 1022 2318 Υῖοῦ
1038 2240 1197 2337 διηκον’
1179 2271 1235 2317 επι
1256 2235 1322 2336 τὴν
1340 2237 1470 2315 κτίσιν·
1489 2265 1529 2325 15

111 2373 221 2424 Mm-
276 2359 481 2464 ἐνεφύσησε
517 2358 589 2462 γὰρ
625 2368 699 2444 τοῖς
735 2362 849 2461 ἁγίοις
886 2359 1106 2445 ἀποστόλοις
1138 2359 1257 2509 λέγων
1295 2369 1316 2406 “
1330 2358 1473 2452 Λαβετε

110 2454 153 2489 u
166 2452 206 2490 Μ
281 2494 302 2532 “
322 2490 471 2584 Πνεῦμα
492 2483 644 2587 Ἅγιον·”
681 2485 723 2564 δι’
754 2485 862 2563 αὐτοῦ
890 2518 928 2563 τε
957 2487 1014 2563 καὶ
1043 2487 1080 2563 έν
1110 2485 1206 2589 αὐτῷ
1234 2480 1326 2585 πρὸς
1356 2479 1474 2562 εἰκόνα

280 2608 624 2712 κατεσφραγθτμεθα
650 2604 715 2706 τὴν
739 2608 836 2687 θείαν
858 2609 917 2686 καὶ
945 2604 1084 2705 νοητήν·
1125 2605 1196 2711 ἔφη
1219 2603 1291 2708 γὸρ
1319 2602 1425 2689 αὐτὸς
1452 2605 1473 2684 b

113 2753 169 2803 αα
178 2753 213 2804 ς..
225 2769 261 2819 19.
280 2733 371 2812 θεῖος
397 2729 604 2812 ἀπόστολος
633 2730 814 2814 Γαλάταις
845 2728 1074 2810 ἐπιστέλλων
1107 2739 1129 2778 “
1147 2730 1280 2808 Τεκνία
1304 2762 1384 2827 μου,
1412 2726 1474 2812 οῦς

280 2861 303 2899 “
320 2849 431 2932 πάλιν
449 2853 573 2950 ὠδίνω,
592 2853 695 2958 ἄχρις
716 2854 757 2932 οῦ
780 2854 959 2958 μορφωθῇ
977 2849 1140 2955 Χριστὸς
1166 2854 1203 2930 έν
1222 2851 1341 2949 ῦμῖν·”
1382 2857 1411 2930 εί
1434 2849 1473 2929 δὲ
1489 2891 1532 2931 ιο

279 2978 327 3058 είς
345 2972 509 3076 Χριστὸν
536 2976 788 3081 μορφοόμενοι,
810 2975 874 3056 τὸν
901 2982 995 3056 θεῖον
1022 2977 1060 3055 ἐν
1087 2974 1222 3058 ἑαυτοῖς
1249 2982 1475 3071 πλουτοῦμεν

279 3095 493 3195 είκονισμὸν,
504 3094 610 3180 αὐτὸς
628 3098 699 3198 ἀρα
716 3099 815 3176 έοτῖν
834 3099 856 3195 ἡ
873 3097 976 3179 εῖκὸν
994 3106 1057 3178 τοῦ
1069 3104 1166 3178 Θεοῦ
1179 3099 1238 3178 καῖ
1251 3094 1396 3200 Πατρός
1415 3100 1474 3177 καὶ

279 3218 302 3316 ἡ
332 3219 479 3320 ἀκριβὴς
508 3218 684 3325 έμφέρεια,
718 3223 777 3300 καὶ
814 3219 855 3298 οῦ
887 3220 1045 3324 καθάπερ
1079 3221 1178 3319 ἡμεῖς
1208 3217 1299 3300 κατὰ
1331 3219 1476 3326 μέθεξιν

279 3340 462 3442 ἀγιασμοῦ
485 3341 576 3443 πρὸς
602 3342 793 3441 ὁμοιότητα
818 3345 1041 3441 κεκλημένοι,
1064 3341 1174 3449 φύσει
1192 3342 1230 3423 δέ
1253 3349 1398 3441 μᾶλλον
1415 3345 1474 3422 καὶ

280 3463 471 3547 οὖσιωδιῦς·
507 3464 600 3549 Θεὸς
618 3464 689 3567 γὰρ
707 3467 727 3543 ό
745 3464 855 3571 φύσει
872 3462 966 3568 πρὸς
984 3463 1047 3544 τὸν
1065 3467 1175 3571 φύσει
1195 3500 1233 3545 τε
1253 3469 1310 3545 καῖ
1329 3467 1473 3565 ἀληθοῦς
1489 3504 1530 3564 ²5

167 3613 268 3672 871.
281 3584 376 3665 Θεὸν
393 3589 452 3666 καὶ
470 3589 508 3666 έκ
530 3591 594 3688 τῆς
619 3588 726 3667 αὐτοῦ
752 3587 986 3743 γεγενημένον
1004 3588 1139 3684 οὐσίας,
1158 3588 1258 3668 οὐδέν
1277 3586 1321 3668 ἀν
1338 3589 1413 3694 έχοι
1430 3584 1473 3668 τὸ

280 3707 451 3794 ἀπεοικός·
486 3711 733 3817 ἐσφραγίσθαι
764 3708 801 3789 δέ
833 3745 892 3791 και
925 3708 1034 3790 αῦτὸν
1064 3709 1166 3813 παρὸ
1198 3719 1263 3791 τοῦ
1291 3717 1387 3791 Θεοῦ
1414 3713 1474 3792 καὶ

112 3852 248 3903 δῦσα·
232 3853 266 3903 ui
281 3830 437 3934 Πατρὸς,
463 3832 632 3932 Ἰωάννης
661 3835 825 3941 φησιν
808 3869 829 3915 ο
858 3833 1085 3939 σοφώτατος·
1121 3843 1144 3881 “
1162 3834 1211 3913 Ὀ
1244 3833 1372 3930 λαβὼν
1402 3834 1474 3939 γάρ

114 3930 154 3981 ³³
281 3966 302 4004 ‘⁴
320 3955 429 4036 αὑτοῦ
465 3952 532 4055 τὴν
568 3958 766 4060 μαρτυρίαν
802 3953 1086 4064 ε’σφράγισεν”
1067 3991 1121 4037 οτι
1152 3959 1173 4036 ὸ
1206 3956 1300 4042 Θεὸς
1337 3956 1475 4058 ἀληθης

315 4220 342 4275 9.
352 4204 588 4294 χδρ-δόντος]
546 4204 588 4278 τε]
608 4206 670 4262 m
811 4205 990 4288 οφίσοι
977 4207 1043 4277 ημᾶς
1060 4206 1102 4261 καὶ
1119 4207 1212 4278 χρίααι
1227 4205 1269 4260 καὶ
1284 4205 1419 4260 δεδωκέναι
1436 4204 1474 4262 Η.

282 4288 323 4327 12.
341 4296 391 4342 μην
402 4293 456 4330 om
471 4276 507 4330 Η.
545 4275 642 4330 Statim
706 4227 821 4346 οτρίοις(
811 4207 876 4346 sle)
1153 4274 1472 4366 ῃκαταχρίων-κατό]

279 4345 360 4410 χρίων
370 4343 493 4412 πνεύματι
505 4345 621 4399 ἀλλά
587 4369 623 4417 τερ
639 4347 694 4418 ῖδίφ
707 4346 860 4416 οφραγίζοιν
872 4344 904 4400 δι
917 4367 948 4400 ου
935 4344 1024 4414 πρὸς
1042 4345 1170 4401 εῖκόνα
1143 4369 1189 4414 την
1169 4293 1277 4400 3θείαν
1295 4348 1474 4415 κατασφραγι-

280 4412 822 4568 ίῖίῖίῖῖὸάζθῗῖίγῖῖιῖῖὸῖαιιιι
841 4417 1111 4556 ...ίῒιῖῖῖῖίῖίῖῖῖ
1125 4417 1420 4558 ίῖὸὲῖθῗίῗῖῖάὸῖ
1432 4416 1475 4541 ἰῖ

282 4547 325 4602 26.
339 4550 518 4622 γεγενημένον]
534 4551 722 4623 [agendumne
733 4543 932 4624 γεγενοημένοςῖ
