3278 5130
313 325 378 388 410
486 324 526 388 B.
548 321 738 388 OYRILLI
764 318 1029 385 ALEXANDR.
1060 318 1344 385 FRAGMENTA
1414 343 1445 386 x.
1460 339 1514 405 29.

154 427 167 492 [
181 439 225 476 ¹¹²
238 424 302 490 Μ·]

148 528 228 606 Κεφ.
246 522 275 588 ι’.

264 629 302 686 29
550 553 608 620 Καὶ
635 553 672 622 τὸ
699 558 821 630 πνεῦμα
849 557 909 620 τιίο
936 556 1067 642 χάριτος
1093 551 1275 643 ἐνυβρίσαι.

363 723 511 826 Ὥσπερ
528 723 602 830 γὰρ
619 725 845 827 στρατιώτην
862 725 926 806 τὸν
941 723 1151 832 ριψιῖοπιδα
1176 726 1235 804 καὶ
1253 723 1516 829 φυγοπιίλεμον

314 849 356 928 οὑ
390 849 562 952 δευτέροις
597 855 772 947 τιμᾶσθαι
809 847 1041 952 σημάντροις,
1075 851 1161 928 ἀλλ’
1194 848 1263 949 ήδη
1296 847 1517 950 κολάζεσθαι

314 969 399 1076 χρή,
420 977 476 1051 καὶ
504 975 568 1070 τῆς
595 973 784 1074 ἀνανδρίας
809 969 1037 1053 ἀποτιννὺναι
1060 974 1184 1074 λόγον,
1203 970 1268 1051 τὸν
1289 970 1398 1051 αὑτὸν
1416 967 1518 1069 οἶμαι

315 1094 450 1197 τρόπον
467 1093 533 1194 τήν
552 1097 644 1175 οὑτω
668 1094 808 1195 σεπτήν
825 1130 863 1175 τε
890 1098 947 1174 καὶ
976 1094 1201 1202 ἀξιάγαστον
1225 1093 1553 1198 περιυβρίζουτας5

315 1217 421 1323 χάριν
448 1219 489 1298 οὑ
515 1218 677 1321 δευτέρου
704 1225 879 1316 τιμᾶσθαι
908 1218 1117 1317 Πνεὺματος
1145 1217 1255 1315 δόσει,
1278 1222 1341 1316 τῆς
1370 1215 1518 1318 πριὺιης

315 1340 563 1443 ἀθετουμένης,
594 1341 679 1421 ἀλλ’
699 1343 767 1442 ήδη
794 1347 933 1426 ποιναῖς
961 1345 1171 1422 ὑποκεῖσθαι
1198 1339 1335 1444 πρέπει·
1373 1341 1415 1419 οὑ
1442 1338 1518 1442 γάρ

149 1493 303 1558 τομίας.
316 1467 379 1566 “ή
404 1467 521 1545 αὑτῶν
539 1465 691 1546 ἀπιστία
717 1463 784 1565 τήν
806 1467 933 1546 πίστιν
950 1473 1014 1545 τοῦ
1033 1469 1129 1544 Θεοῦ
1157 1462 1406 1566 καταργήσει,”
1434 1465 1516 1542 οὐδ’

315 1590 457 1692 ἐπείπερ
494 1587 840 1695 καταπεφρονήκασί
872 1623 963 1673 τινες
1001 1586 1129 1668 ἁνόπιυ
1160 1587 1286 1684 ίόντες,
1322 1591 1387 1687 τῆς
1419 1587 1519 1671 θείας

315 1712 460 1818 χάριτος
485 1711 528 1791 τδ
555 1712 728 1808 ἀβέβαιον
755 1711 1049 1819 καταγρᾶήομεν·
1089 1717 1228 1795 ποιναῖς
1256 1709 1294 1790 δὲ
1320 1716 1466 1808 μᾶλλον
1496 1711 1576 1790 ὁιο

315 1843 388 1917 τῶν
406 1835 503 1916 ὅλων
522 1833 697 1936 ὑποθήσει
718 1835 853 1938 Κριτής
876 1834 960 1921 τοὺς
976 1841 1025 1920 είς
1042 1843 1149 1915 τοῦτο
1168 1836 1384 1930 δυσσεβείας
1402 1866 1514 1914 κατο·

316 1966 458 2042 λισθεῖυ
480 1961 521 2039 οὑ
544 1958 856 2060 παραιτουμένους,
876 1962 922 2042 ὡς
948 1958 999 2040 τλι
1025 1957 1097 2041 Τίῖι
1119 1961 1175 2038 τοὺ
1194 1959 1279 2038 Θεοὺ
1307 1955 1517 2050 καταπατή-

316 2117 391 2180 σαι,
412 2085 469 2162 καί
488 2080 524 2161 τδ
545 2083 684 2186 Πνεῦμα
702 2080 760 2173 τῆς
781 2081 920 2187 χοίριτος
944 2083 1102 2184 ὑβρίσαι,
1122 2082 1151 2161 ἐι
1171 2079 1197 2188 ᾧ
1219 2079 1434 2182 ήγιιίσθησαν
1456 2086 1516 2160 καὶ

316 2211 379 2308 τῆς
398 2207 492 2290 θείας
512 2205 657 2311 φύσεως
677 2203 852 2306 γεγόνασι
870 2206 1043 2285 κοινωνοί.

316 2423 481 2492 θυμιάματος·
506 2421 597 2475 εὐωδία
610 2421 661 2492 γίιρ
677 2420 755 2474 αὑτοῦ
767 2423 782 2475 ὁ
794 2420 903 2478 θάνατος
913 2423 959 2491 τῆς
976 2425 1021 2476 τοῦ
1036 2423 1136 2490 κόσμου
1153 2420 1289 2490 σωτηρίας·
1316 2420 1358 2474 καί
1374 2421 1405 2475 τὸ
1420 2421 1516 2477 λοιπὸν

316 2494 344 2547 δὲ
366 2491 428 2561 αίμα
448 2493 533 2562 ίχεῖτο
553 2491 602 2582 [ita
621 2489 689 2544 Cod.
701 2489 789 2560 ε’χίετο
809 2490 874 2563 Εδ.]
895 2492 938 2546 ἐπὶ
956 2493 986 2546 τδ
1007 2490 1194 2562 θυσιαστήριον
1212 2496 1264 2545 τῶν
1285 2493 1512 2562 ὁλοκαυτωμάτων

316 2564 394 2618 ἔπαθε
413 2564 464 2634 γδρ
484 2562 533 2632 οὑχ
549 2563 614 2630 υπὲρ
632 2566 683 2616 τῶν
700 2562 780 2616 ε’θνιῖιν
797 2565 884 2629 μόνον,
903 2562 973 2616 θλλδ
993 2563 1034 2616 καί
1055 2563 1120 2632 ὑπὲρ
1141 2567 1192 2617 τῶν
1211 2560 1348 2616 Ἰουδαίων·
1373 2561 1414 2615 ἶνα
1436 2565 1513 2630 σώσῃ

314 2633 454 2690 Ἰουδαίους
469 2655 497 2686 τε
514 2633 556 2686 καί
571 2630 690 2700 Ιε’λληνας·
715 2632 855 2700 αίρομίνων
869 2633 897 2686 δὲ
914 2633 992 2686 αὑτοῦ
1008 2639 1059 2687 τῶν
1071 2633 1211 2688 ε’ντοσθίων
1221 2631 1411 2703 προσεφέρετο·
1435 2635 1513 2702 ὁγὰρ

315 2706 430 2772 Χριστὸς
447 2706 494 2771 τήν
510 2703 558 2769 μίν
576 2704 660 2770 σάρκα
675 2703 726 2769 ἔξω
738 2704 783 2771 τῆς
794 2702 878 2771 πὺλης
890 2703 977 2769 ἔπαθε,
989 2703 1035 2771 τήν
1047 2703 1075 2756 δὲ
1087 2703 1179 2774 ψυχήν
1195 2707 1229 2757 τ’
1248 2703 1327 2773 πατρὶ
1344 2703 1511 2792 παρατίθησι·

315 2776 416 2843 χρίεται
435 2774 463 2828 ae·
482 2774 524 2826 καί
542 2774 572 2826 τδ
589 2773 640 2842 ἔξω
658 2772 852 2842 θυσιαστήριον
881 2774 954 2844 ἅγιος
972 2773 1022 2844 γδρ
1044 2777 1058 2827 ὁ
1078 2775 1165 2842 νόμος,
1186 2725 1271 2827 καλῶν
1287 2775 1353 2844 πρὸς
1372 2774 1515 2844 επίγνωσιν

316 2847 432 2912 Χριστοῦ
452 2843 513 2900 τοὺς
531 2842 677 2898 ἇκοίιοντας·
703 2843 773 2911 πλήν
791 2846 806 2896 ὁ
824 2843 872 2912 μὲν
891 2844 955 2898 κατδ
971 2845 1055 2912 Ινόμον
1075 2844 1209 2914 ἀρχιερεὺς
1227 2844 1297 2911 απαξ
1321 2841 1402 2912 είσήει
1422 2843 1459 2899 είς
1481 2845 1514 2898 τίς

316 2916 405 2982 ι’ίδυτα,
425 2914 489 2982 μετὰ
512 2913 617 2980 αἵματος
640 2911 739 2981 ταὺρων
762 2913 803 2966 καί
826 2913 935 2984 τράγων·
966 2916 982 2966 δ
1002 2914 1031 2968 δὲ
1053 2915 1168 2984 Χριστὸς
1187 2914 1230 2968 διὰ
1247 2918 1294 2968 τοῦ
1318 2914 1384 2968 ίδίου
1407 2911 1515 2983 αἵματος

317 2985 438 3053 εἰσῆλθεν
456 2983 499 3055 ἐφ’
518 2984 587 3051 ἅπαξ
605 2983 642 3039 είς
660 2983 692 3036 τί
710 2984 779 3054 θγια,
800 2983 935 3038 τουτέστιν
955 2983 992 3040 είς
1010 2987 1055 3040 τὸν
1075 2984 1190 3053 οὐρανόν·
1219 2985 1280 3055 ι’ίγια
1298 2985 1350 3056 γδρ
1371 2987 1416 3039 νῦν
1435 2984 1516 3040 αὑτὸν

318 3055 438 3109 ε’κάλεσε.
1204 3069 1209 3078 ·

355 3123 541 3196 Sequebantur
561 3127 613 3177 Τοῦ
632 3123 948 3193 θεοῦ-παρειλημμένους
965 3143 980 3178 e
998 3131 1086 3179 tractu
1104 3123 1137 3178 de
1157 3123 1190 3178 R.
1209 3122 1261 3179 fide
1278 3123 1311 3178 ad
1332 3123 1448 3249 λςήίιιαιι
1463 3124 1514 3196 167

318 3193 407 3248 bede
427 3193 615 3264 desumptum
641 3194 1059 3266 Κοθοριοῦμευ-ἀτιηλλιίγμεθα
1077 3213 1091 3250 e
1109 3194 1179 3249 libro
1198 3212 1271 3248 nono
1291 3193 1352 3249 adv.
1393 3195 1515 3250 alianum

318 3269 475 3333 Apoatatam
488 3280 541 3336 304
554 3262 580 3327 d,
600 3273 661 3334 pout
679 3263 744 3318 haec
761 3267 931 3334 βεβαιότερον
947 3265 992 3320 οὖν
1008 3269 1076 3320 ποιεί
1093 3266 1139 3321 τὸν
1156 3267 1238 3336 λόγον
1254 3265 1305 3320 ἀπὸ
1322 3267 1368 3333 τῆς
1384 3266 1516 3323 εὐτελείας

316 3341 370 3388 τῶν
385 3333 589 3403 προσαγομένων
605 3335 706 3387 καὶτοῦ
724 3335 849 3405 μεγέθους
865 3339 912 3390 τοῦ
931 3335 1085 3404 νοσήματος·
1110 3337 1140 3390 τδ
1158 3336 1206 3405 μὶν
1218 3337 1269 3407 γὰρ
1288 3337 1389 3404 νόσημα
1405 3335 1515 3406 ίσχυρο-

317 3405 394 3472 τίρου
411 3403 494 3456 ι’δεῖτο
512 3407 558 3456 τοῦ
575 3401 739 3472 βοηθήματος
754 3406 784 3459 τδ
800 3405 828 3458 δὲ
840 3402 902 3474 αίμα
914 3407 998 3476 ψιλὸν
1009 3406 1083 3460 οὐδὲν
1094 3405 1170 3476 μίγα,
1183 3423 1250 3478 quae
1264 3405 1292 3460 S.
1307 3405 1437 3476 cyrillum
1449 3423 1515 3460 auc·

318 3484 403 3560 ςοτεαι
421 3490 475 3526 non
494 3471 602 3560 λοῦσαι,
612 3474 752 3562 τίνα-οὐκ
770 3475 918 3544 εὐδοκήσας
929 3495 944 3530 e
955 3475 1117 3558 Thqodorita
1129 3475 1163 3530 ad
1176 3476 1226 3530 loc.
1242 3474 1314 3548 [cap.
1326 3495 1352 3529 x.
1365 3475 1414 3548 4];
1434 3483 1516 3558 Navo-

318 3543 1517 3688 &5332ss{3⁰:153ssss5335?f¹32⁰3251¹311³0¹2¹33¹32¹3¹¹102¹3333¹3a332affl

318 3681 495 3754 εἶληφίναιίλ
529 3685 625 3752 επαρίι
641 3688 687 3738 τοῦ
702 3688 807 3754 πατρός·
832 3691 908 3755 σῶμα
924 3688 984 3758 γὰρ,
997 3688 1075 3758 φησί,
1088 3688 1232 3756 κατηρτίσω
1248 3709 1292 3756 μοι
1307 3687 1353 3756 (cs.
1365 3687 1517 3756 fragmenta

319 3756 348 3808 in
369 3705 597 3824 psalmasffiova
617 3753 687 3808 Bibl.
707 3755 817 3809 Patrum
837 3757 875 3811 iii.
894 3772 955 3827 295.
969 3759 1041 3827 29.);
1071 3761 1124 3827 Μιᾷ
1148 3758 1381 3850 προσφορᾷ-καί
1401 3759 1481 3828 πατρί
1502 3776 1517 3812 e

320 3835 435 3881 tractatu
454 3823 488 3878 de
510 3823 543 3877 R.
557 3823 609 3878 fido
627 3824 660 3878 ad
674 3824 789 3895 Regina·
805 3825 855 3892 1⁶4
873 3826 930 3880 init.
969 3827 1111 3899 Reliquum
1129 3827 1177 3898 ὅρα
1189 3827 1225 3882 δέ·
1244 3850 1314 3883 ειπεν
1325 3827 1365 3882 ὅτι
1378 3828 1470 3883 ἐκείνοι
1490 3830 1517 3882 οί

320 3895 665 3964 θνσίαιοὺπροσφίρονται·
689 3896 879 3984 συνελογίσατο
893 3901 970 3950 τοῦτο
986 3897 1036 3951 ἀπὸ
1049 3903 1100 3952 τῶν
1111 3898 1246 3967 ἀγράφων
1269 3898 1419 3990 παρίστησι
1433 3899 1517 3954 δὲκαὶ

320 3965 399 4036 ρητδν
409 3967 571 4056 προφητικὸν
581 3963 668 4033 λε’γον,
680 3963 720 4019 ὅτι
732 3965 826 4020 θυσιαν
837 3967 878 4020 καὶ
893 3969 1051 4036 προσφορὰν
1063 3969 1108 4022 οὐκ
1124 3965 1262 4036 ήθίλησας·
1287 3989 1365 4032 ειπιν,
1378 3969 1418 4023 ὅτι
1430 3969 1518 4040 ἀφῆκε

320 4037 366 4093 τὰς
377 4037 509 4105 ἁμαρτιας,
522 4035 563 4088 καί
577 4037 657 4089 πάλιν
668 4037 709 4089 καί
721 4040 798 4091 τοῦτο
812 4037 863 4090 ἀπὸ
876 4037 1011 4108 ἐγγράφου
1027 4039 1168 4107 μαρτυρίας
1184 4041 1323 4093 πιστοῦται
1339 4039 1424 4093 elmar
1450 4061 1518 4107 μαρ-

189 4107 308 4166 12211.
321 4111 393 4174 τνρεῖ
407 4107 435 4161 δὲ
451 4105 510 4175 ήμῖν
521 4106 562 4159 καὶ
574 4106 604 4158 τὸ
614 4109 713 4174 πνεῦμα
725 4107 755 4160 τδ
767 4107 849 4175 θγιον·
874 4107 900 4161 τί
910 4111 1046 4178 μαρτυρεῖς
1065 4108 1105 4161 ὅτι
1117 4107 1255 4178 ἀφέθησαν
1266 4110 1292 4162 αί
1303 4108 1422 4178 ἁμαρτίαι
1435 4108 1518 4178 ήμῶν,

321 4177 361 4230 ὅτι
379 4178 483 4233 τελείως
501 4175 564 4242 ἡμᾶς
582 4175 731 4245 ἀπήλλαξεν
743 4179 758 4228 ὁ
769 4179 884 4245 Χριστὸς
895 4178 936 4231 διὰ
949 4179 993 4247 τῆς
1008 4182 1068 4246 μιᾶς
1080 4179 1245 4249 προσφορᾶς,
1258 4181 1326 4233 ὥστε
1343 4179 1378 4247 μή
1397 4180 1519 4249 δεηθῆναι

322 4246 442 4319 δευτέρας
455 4247 484 4300 S.
498 4245 630 4317 cyrillum
641 4257 776 4301 auctorem
790 4247 952 4302 nonhabet:
973 4247 1094 4304 scholion
1106 4249 1186 4304 breve
1200 4249 1520 4324 Μοιχούυ-προστίτοχε
1625 4267 1626 4292 ι

320 4334 335 4372 ς
348 4317 415 4372 libro
428 4335 500 4372 nona
513 4325 605 4372 contra
616 4315 634 4372 J
637 4317 756 4372 ulianam
769 4319 927 4390 Apostatam
940 4335 992 4390 304
1005 4318 1032 4374 b.
