3284 5130
301 313 364 376 142
593 312 632 377 B.
658 311 872 378 omum
902 313 1197 384 ALEXANDR.
1314 341 1368 386 xx.
1380 340 1432 402 αα,
1449 337 1502 406 25.

301 475 389 557 αι’ττὸ
411 478 453 558 τὸ
475 473 684 581 ἀκρότατον,
702 477 757 556 ὅτι
778 477 829 577 μὴ
848 481 907 558 καὶ
924 477 1031 562 αύτῖις
1050 483 1112 579 τῆς
1130 490 1194 560 τοῦ
1213 485 1382 584 Σωτῆρος
1399 483 1502 583 ἡμῶν
1633 461 1635 566 λ

302 601 438 708 ἠξιώθη
465 601 559 685 θέας.
601 600 700 709 ᾠήθη
723 603 795 704 γάρ
818 601 906 684 ίσως
933 603 1143 703 ἀμοιρήσειν
1161 606 1272 703 αὐτῆς
1297 613 1496 691 παντελῶς.

301 723 372 806 οἶδε
401 724 472 829 γὰρ
500 725 591 831 ζωὴν
614 724 701 806 ὅντα
729 724 957 831 κατὰφύσιν
983 725 1048 807 τόν
1074 730 1219 830 Κύριον,
1244 733 1301 808 καί
1329 733 1393 810 ούκ
1420 732 1497 809 ἀνι·

301 847 415 933 κοίνως
441 850 568 956 ἔχοντα
592 849 683 954 πρὸς
701 847 743 930 τό
766 853 823 929 καὶ
843 849 951 930 ιιύτὸν
970 855 1154 954 διαδρᾶναι
1171 851 1237 931 τὸν
1255 850 1422 952 θάνατον,
1442 857 1501 934 καὶ

300 973 342 1056 τὸ
374 978 438 1073 τῆς
467 980 607 1082 φθορᾶς
636 983 840 1055 καταλύσω
867 974 1012 1077 κρότος·
1051 972 1089 1060 ὃς
1117 973 1190 1078 γάρ
1218 977 1346 1080 ἑτέρων
1373 986 1533 1068 τοῦτον5

300 1098 470 1206 ἐξήλασε,
487 1107 565 1184 πῶς
592 1101 655 1178 ούκ
684 1095 729 1179 ἀν
749 1106 895 1198 μᾶλλον
914 1099 1101 1199 ἀπέστησε
1128 1103 1192 1198 τῆς
1221 1101 1312 1186 ίδίας
1334 1102 1496 1204 σαρκός;

301 1225 339 1301 ἐκ
361 1228 503 1323 πολλῆς
523 1220 560 1303 δῖ
580 1223 674 1323 ἀγαν
691 1228 756 1322 τῆς
779 1223 1014 1326 περιχαρείας,
1033 1221 1140 1324 ε’γγύς
1159 1225 1329 1309 ἀπιστίας
1347 1228 1496 1326 γίνεται,

303 1350 360 1427 καὶ
388 1351 577 1452 μονονουχὶ
605 1345 740 1450 γοργόν
768 1381 803 1425 τι
829 1349 887 1425 καὶ
914 1345 1008 1446 με’γα
1041 1345 1219 1446 πηδήσας,
1248 1351 1333 1427 ίδεῖν
1361 1383 1399 1426 τε
1431 1347 1499 1448 ἤδη

301 1469 463 1574 παρόντα
481 1477 594 1569 ποθεῖ,
613 1475 670 1551 καί
689 1475 1002 1576 πληροφορεῖσθαι
1020 1471 1164 1553 τελείως
1190 1469 1245 1550 ότι
1272 1504 1341 1572 περ
1369 1474 1499 1567 ἀνεβίω

273 1594 425 1692 οπάλιν,
439 1594 530 1675 κατὰ
547 1593 613 1692 τὴν
629 1595 714 1696 παρ’
730 1599 837 1673 αὐτοῦ
855 1593 1046 1693 γενομένην
1067 1591 1279 1698 ὑπόσχεσιν.
1310 1605 1330 1642 “
1344 1595 1497 1674 Τεκνία”
1518 1633 1555 1672 ιο

301 1717 384 1820 γάρ,
403 1719 563 1824 ἔφασκεν
581 1720 601 1796 ό
621 1715 759 1819 Σωτὴρ,
778 1728 800 1765 “
813 1714 940 1819 μικρὸν
961 1717 1019 1796 καῖ
1048 1716 1162 1796 ούκίτι
1180 1717 1348 1820 θεωρεῖτέ
1364 1753 1420 1816 με,
1440 1721 1498 1798 καὶ

133 1867 175 1921 lb.
189 1882 228 1921 ιι.
303 1851 325 1888 “
343 1841 456 1921 πόλιν
484 1839 610 1943 μικρὸν
633 1845 690 1921 καὶ
713 1839 857 1946 ὄψεσθέ
881 1875 936 1938 με,
954 1844 1013 1919 καὶ
1037 1840 1232 1945 χαρήσεται
1252 1843 1387 1940 ύμῶνὴ
1406 1877 1495 1945 καρ-

303 1974 326 2011 “
345 1964 439 2043 δία.”
475 1961 571 2062 οἶμαι
592 1963 630 2043 δὲ
655 1961 698 2063 δὴ
723 1962 836 2045 πάλιν
854 1965 1155 2061 οίκονομικῶπατα
1179 1963 1327 2068 σφόδρα
1350 1964 1415 2062 τήν
1434 1974 1498 2045 τοῦ

134 1585 236 1701 iem.

300 2093 464 2186 μαθητοῦ
492 2088 673 2191 γεγονέναι
700 2087 791 2191 πρὸς
819 2087 942 2191 καιρὸν
970 2089 1233 2190 ὀλιγοπιστίαν,
1261 2088 1319 2168 ἵνα
1346 2086 1407 2167 διά
1434 2093 1497 2187 τῆς

303 2213 411 2294 αὐτοῦ
440 2214 689 2317 πληροφορίας
721 2215 777 2292 καὶ
811 2213 908 2311 ἡμεῖς
939 2215 972 2292 οἱ
1002 2213 1076 2310 μετ’
1103 2209 1211 2292 αὐτόν
1239 2209 1498 2295 ἀνενδοιάστως
1517 2249 1527 2288 ι
1533 2247 1551 2306 5

302 2337 523 2437 πιστεύωμεν
542 2336 596 2417 ὅτι
609 2335 675 2435 τὴν
693 2335 814 2440 σοίρκα
825 2335 891 2436 τὴν
909 2339 966 2418 ἐπὶ
984 2345 1049 2417 τοῦ
1067 2336 1181 2443 ξύλον
1200 2336 1421 2438 κρεμαμένην
1439 2339 1498 2415 καὶ

301 2465 493 2541 παθοῦσαν
516 2461 580 2541 τὸν
607 2459 762 2542 θάνατον
788 2461 1024 2564 ε’ζωοποίησεν
1048 2462 1069 2540 ό
1089 2459 1219 2562 Πατὴρ
1240 2462 1281 2540 δι’
1303 2465 1404 2540 Υῖοῦ.
1443 2457 1497 2539 διὸ

300 2590 360 2664 καῖ
380 2583 530 2672 Παῦλός
557 2592 673 2692 φησιν
699 2584 822 2666 “”Οτι
845 2583 906 2665 ε’ἀν
924 2584 1021 2691 είπῃς
1039 2587 1077 2664 ἐν
1094 2590 1146 2691 τῷ
1170 2581 1328 2680 στόματί
1350 2619 1420 2665 σον
1443 2583 1498 2663 ότι

302 2719 323 2756 “
345 2708 477 2811 Κύριος
495 2707 648 2810 Ἰησοῦς,
659 2713 718 2790 καῖ
735 2708 935 2816 πιστεύσῃς
954 2711 991 2788 ε’ν
1008 2715 1053 2814 τῇ
1072 2709 1199 2815 καρδίᾳ
1212 2742 1283 2788 σου
1302 2706 1356 2787 ότι
1371 2706 1497 2790 όΘεὸς

133 2841 321 2916 1108ssst
339 2829 447 2911 αὐτόν
471 2831 607 2935 ἤγειρεν
631 2836 670 2912 ἐκ
688 2840 832 2936 νεκρῶν,
851 2830 1040 2937 σωθήση.”
1079 2831 1198 2933 ἐπειδὴ
1214 2830 1286 2934 γάρ
1305 2833 1372 2936 ούχ
1394 2831 1416 2930 ἡ
1435 2835 1497 2930 τῆς
1514 2873 1551 2912 20

300 2953 436 3058 σαρκός
459 2955 572 3059 φύσις
594 2959 684 3057 αύιη
708 2958 832 3058 γε’γονε
859 2954 1033 3063 πρόξενος
1060 2959 1124 3052 τῆς
1152 2955 1252 3059 ζωῆς,
1276 2956 1432 3062 ἐνεργείᾳ
1459 2954 1496 3034 δὲ

299 3086 445 3174 μᾶλλον
463 3083 526 3179 τῆς
556 3081 651 3164 θείας
679 3083 792 3159 τεκαὶ
815 3078 970 3184 ἀῤῥήτου
990 3079 1136 3184 φύσεως
1154 3078 1196 3159 τὸ
1219 3087 1370 3184 πρᾶγμα
1397 3078 1492 3159 τετί-

300 3200 481 3308 λεσται,ᾗ
510 3203 635 3285 καὶτὸ
664 3203 840 3283 δύνασθαι
870 3203 916 3283 τά
945 3201 1065 3284 πάντα
1095 3203 1281 3306 ζωογονεῖν
1310 3203 1496 3308 ἐνυπάρχει

130 2583 205 2633 Rom·

131 2665 157 2698 x.
170 2663 196 2716 9.

301 3334 474 3430 φυσικῶς·
505 3328 646 3432 ἐνεργὸς
663 3329 684 3407 ό
704 3325 832 3430 Πατήρ
851 3328 893 3407 δι’
915 3331 1006 3407 Υίοῡ
1025 3329 1082 3406 καὶ
1101 3333 1149 3410 είς
1172 3326 1236 3407 τὸν
1254 3332 1349 3407 θεῖον
1367 3329 1497 3405 ε’κεῖνον

300 3451 422 3552 γε’γονε
450 3450 547 3550 ναὸν,
568 3455 635 3557 ούχ
663 3455 709 3534 ὡς
735 3455 972 3534 ἀσθενοῦντος
1000 3450 1207 3552 τοῦλόγου
1231 3449 1273 3530 τὸ
1296 3451 1384 3530 ἴδιον
1409 3453 1493 3528 ἀνα·
1511 3488 1549 3549 ²5

299 3578 436 3674 στῆσαι
469 3582 589 3675 σῶμα,
617 3577 701 3654 ἀλλ’
730 3573 783 3654 ὅτι
815 3582 889 3657 πᾶν
918 3574 1006 3677 ὅπερ
1037 3573 1081 3653 ἀν
1111 3571 1309 3677 ε’ργάσηται
1337 3573 1447 3677 τυχὸν
1476 3575 1496 3652 ό

301 3697 440 3801 Πατήρ,
467 3700 659 3802 ε’ργάσεται
687 3700 729 3778 δι’
750 3704 853 3778 Υίοῖι·
895 3697 1041 3794 δύναμις
1069 3698 1141 3800 γάρ
1169 3700 1270 3777 ἐστιν
1298 3699 1417 3792 αὐτοῦ,
1438 3699 1496 3775 καῖ

300 3821 387 3928 ὅπερ
412 3822 457 3902 ἀν
482 3820 608 3908 ὁΥίῖνς
630 3825 786 3926 ε’πιτελῂ,
812 3831 918 3902 τοῦτο
947 3822 991 3921 δή
1020 3819 1164 3906 πάντως
1194 3824 1272 3901 ἐστὶ
1300 3819 1401 3923 παρά
1432 3827 1497 3900 τοῦ

264 3945 455 4052 ΒΠατρός.
496 3947 732 4043 παιδευόμεθα
759 3947 888 4044 τοίνυν,
912 3944 1263 4049 ὀλιγοπιστήσαντος
1291 3944 1405 4047 ἠρίμα
1433 3950 1497 4022 τοῦ

298 4071 473 4176 μακαρίον
491 4075 618 4167 θωμοῖ,
638 4070 692 4149 ὅτι
717 4069 757 4151 τό
782 4074 845 4169 τῆς
873 4070 1108 4152 ἀναστάσεως
1132 4066 1331 4168 μυστήριον
1349 4071 1430 4170 περὶ
1454 4067 1497 4147 τὸ
1510 4101 1550 4158 30

299 4194 423 4296 γήῖνον
444 4196 544 4295 ἡμῶν
563 4197 752 4296 ἐνεργεῖται
778 4199 887 4292 σῶμα
911 4196 969 4274 καὶ
993 4197 1041 4278 ὡς
1060 4196 1097 4273 ἐν
1118 4196 1266 4296 ἀπαρχῇ
1288 4200 1351 4271 τοῦ
1374 4189 1498 4295 γε’νονς
1637 4157 1641 4356 ή

300 4319 338 4397 ἐν
351 4323 513 4425 Χριστῷ,
532 4319 590 4398 καὶ
606 4319 686 4396 οὔτε
706 4317 839 4422 φάσμα
857 4314 901 4416 ἧν
919 4316 942 4419 ἢ
961 4318 1048 4397 σκιά
1068 4316 1159 4396 κατοί
1177 4350 1285 4412 τινας,
1299 4313 1341 4395 τὸ
1360 4313 1498 4420 ἀνθρώ·

1630 4802 1636 4879 ι’

510 4573 537 4626 3.
555 4557 606 4627 γὰρ
620 4556 652 4611 Ε.
664 4555 712 4627 μὲν
723 4555 774 4628 γὰρ
788 4553 840 4610 Ed.
1065 4569 1107 4626 25.
1126 4556 1172 4608 τοῦ
1184 4571 1238 4609 om.
1251 4553 1285 4610 E.
