3294 5150
150 361 206 403 xv.
222 353 239 421 7
257 361 324 424 sqq.
398 339 452 404 IN
477 339 738 408 EPIswLAM
764 339 827 404 AD
854 339 1087 406 ROMANOS.
1283 345 1348 410 247

1377 447 1432 511 14⁶
1445 448 1506 514 M·]

1364 549 1440 626 Κεφ.
1457 544 1503 611 ιε’.

149 572 212 640 Διὸ
234 575 502 664 ττροολυμβάνετε
525 575 701 655 ἀλλήλους,
722 573 831 639 καθὼς
856 574 909 639 καί
927 574 945 641 ὁ
964 575 1101 664 Χριστὸι
1124 575 1348 666 προσελάβετο
1363 645 1378 708 7
1394 652 1459 710 sqq·

552 713 636 788 ὑμᾶς
659 708 706 777 εἰς
729 709 828 782 δόξαν
852 711 943 782 Θεοῦ.

197 879 273 963 Ἓν
291 890 399 981 σῶμα
423 882 533 978 ἐσμὲν
556 887 588 962 οἱ
609 885 754 1030 πολλρὶ,
780 886 839 963 καὶ
865 880 1042 982 ἀλλήλων
1068 879 1163 984 μέλη
1188 881 1281 963 κατὰ
1304 883 1347 963 τὸ
1359 899 1441 966 Supra
1452 900 1495 950 Εἰ·

149 1006 407 1108 γεγραμμένον,
441 1007 666 1107 συνείροντος
697 1006 790 1106 ημᾶς
822 1011 871 1090 εἷς
907 1005 1056 1105 ἑνότητα
1085 1014 1150 1086 τοῦ
1181 977 1383 1109 Χριστοῦ5

117 1135 225 1218 5τοῖς
250 1132 314 1227 τῆς
338 1130 483 1231 ἀγάπης
501 1132 658 1227 δεσμοῖς·
694 1140 716 1176 “
730 1126 836 1212 αι’πὸς
854 1128 925 1232 γὰρ
944 1130 964 1208 5
982 1127 1139 1227 ποιήσας
1156 1161 1203 1208 τα
1187 1127 1344 1276 ἀμφό-
1329 1143 1424 1206 -ΕιιΕ
1433 1143 1509 1206 Ειι,

150 1260 278 1353 “repa
300 1249 416 1332 ἓνκαὶ
439 1251 482 1331 τὸ
499 1250 713 1357 μεσότοιχον
731 1285 795 1332 του
777 1257 984 1402 φραγμοῦ
1006 1251 1190 1349 λύσας,
1154 1286 1219 1332 τον
1238 1221 1391 1351 νόμον5

150 1381 264 1454 “τῶν
280 1377 469 1455 ε’ντολῶν’
451 1409 489 1455 εν
508 1374 668 1476 δόγμασι
692 1374 948 1529 καταρχήσαςῖ
950 1377 1048 1455 ’δεῖ
1069 1373 1113 1474 δὴ
1132 1374 1242 1453 οὖν
1213 1409 1284 1475 αρα
1304 1373 1347 1455 τὸ

148 1497 238 1576 αὐτὸ
266 1503 467 1605 φρονεῖν’
439 1531 487 1582 εις
502 1496 711 1650 ἀλλήλρυς,
741 1507 764 1545 “
780 1501 838 1578 καὶ
866 1496 899 1576 εἴ
926 1531 960 1577 τι
992 1495 1128 1601 πάσχει
1158 1496 1196 1578 ἓν
1224 1495 1438 1598 μέλος,·

149 1631 171 1668 “
190 1619 426 1726 συμπάσχειν
457 1619 577 1700 πάντα
611 1618 657 1698 τὸ
693 1615 800 1719 μέλη·
845 1620 911 1699 εἴτε
941 1618 1174 1726 δοξάζεται
1157 1654 1196 1699 εν
1225 1611 1399 1719 μέλος,

96 1783 136 1824 ιο
149 1741 323 1846 “χαιρειν
339 1741 459 1824 πάντα
475 1775 521 1823 τα
506 1740 668 1843 μέλη.”
708 1738 756 1823 διὸ
775 1741 1090 1850 προσλαμβανεσθέ
1101 1751 1217 1850 φησιν
1235 1744 1347 1836 ἀλλό-

149 1885 231 1950 λονς
259 1862 370 1951 νωδὸς
394 1873 453 1946 κοιλ
473 1873 489 1946 o‘
508 1864 650 1973 Χριστὸς
673 1863 909 1973 προσελάβετο
934 1871 1025 1972 ὑμᾶς
1054 1873 1101 1952 εἰς
1129 1861 1229 1975 δόξαν
1247 1868 1344 1947 Θισὸ·

148 1986 448 2094 προσληψόμεθα
465 1986 503 2067 δέ
521 1990 708 2082 ἀλλήλους,
723 1987 772 2068 τάι
787 1987 877 2068 αι’πὸι
896 1995 1041 2094 φρονεῖν
1059 1991 1237 2094 ᾑρημένοι,
1250 1999 1347 2084 βασ-
1360 2015 1417 2066 σοι.
1428 2013 1461 2063 vi.
1472 2027 1495 2064 ι.

149 2107 315 2211 τάζοντες
347 2109 387 2190 δέ
415 2113 474 2189 καὶ
507 2111 683 2212 ἀλλήλων
719 2109 766 2190 τὸ
793 2109 901 2214 βάρη,
933 2114 992 2192 καὶ
1025 2120 1215 2214 τηροῦντες
1245 2122 1268 2159 “
1281 2109 1347 2211 τὴν
1360 2146 1500 2212 Eph.iv.3.

149 2243 172 2280 “
190 2231 341 2332 ἑνότητα
377 2241 441 2315 τοῦ
476 2235 676 2332 πνεύματος
708 2236 746 2314 έν
776 2241 828 2344 τῷ
857 2233 1052 2343 συνδέσμῳ
1079 2239 1143 2334 τῆς
1173 2233 1345 2338 είρήνης.”

99 2383 136 2442 15
149 2357 263 2440 οὕτως
290 2355 383 2454 ἡμᾶς
410 2355 644 2464 προσελάβετο
673 2359 731 2435 καὶ
757 2359 778 2436 ὸ
804 2357 897 2440 Θεὸς
924 2361 962 2437 έν
988 2361 1153 2462 Χριστῷ·
1189 2358 1248 2436 καὶ
1275 2356 1347 2459 γάρ

149 2480 253 2558 ἐστιν
271 2477 475 2579 ἀληθῆς”
432 2513 544 2562 ουτως
561 2479 834 2581 ἠγαπῆσθαι
798 2514 861 2559 τον
873 2477 1019 2631 κόσμον
1036 2477 1144 2560 είπὸον
1161 2477 1261 2581 παρὸ
1283 2487 1347 2558 τοῦ

149 2609 249 2683 Θεοῦ
276 2635 336 2681 και
322 2599 557 2705 Πατρὸς,”
528 2635 622 2682 ωστε
651 2637 710 2681 και
732 2598 840 2682 αὐτὸν
865 2600 952 2706 ὑπέρ
974 2603 1074 2702 ἡμῶν
1096 2600 1318 2682 δεδόσθαι
1282 2636 1346 2682 τον
1358 2619 1466 2734 s6soan
1477 2619 1515 2668 ffi-

148 2723 255 2805 Υὶόν·
293 2724 431 2805 δέδοται
460 2722 532 2828 γὸρ
562 2728 626 2823 τῆς
653 2723 820 2805 ἁπάντων
847 2726 948 2825 ἡμῶν
976 2724 1114 2829 ζωῆς
1093 2723 1233 2804 αντάλλ
1234 2758 1344 2828 αγμα,

149 2850 209 2928 καὶ
238 2846 394 2928 θανάτου
425 2844 491 2945 τὴν
518 2846 800 2948 καταλλαγὴν’
781 2847 993 2953 εσχήκαμεν,
1021 2851 1080 2928 καὶ
1106 2847 1263 2928 θανάτου
1286 2881 1346 2926 και

96 3005 135 3044 20
148 2969 325 3072 ἁμαρτίας
343 2969 648 3072 ε’κλελυτριόμεθα.
685 2972 744 3048 καὶ
762 2970 826 3050 τόν
844 3004 885 3072 γε
904 2974 968 3069 τῆς
986 2965 1185 3071 οἶκονομίάς
1203 2969 1344 3049 σκοπὸν

148 3092 383 3172 διαλευκαίνει
420 3089 539 3193 λέγων
575 3089 710 3199 Χριστὸν
742 3090 941 3195 γεγενῆσθαι
980 3087 1127 3173 διάκονον
1165 3090 1344 3199 περιτομῆς
1355 3135 1407 3172 ver,
1417 3122 1441 3172 8.

146 3213 229 3322 ὑπὲρ
256 3212 428 3312 ἀληθείας,
449 3216 507 3294 καὶ
534 3211 581 3293 τὸ
608 3213 704 3320 effe.
744 3211 863 3312 ἐπειδὴ
879 3212 952 3317 γὸρ
970 3223 1043 3300 τοῖς
1064 3215 1244 3295 Ἰουδαίων
1266 3249 1338 3294 πα·

146 3338 258 3438 τράσι
280 3335 570 3440 προεττήγγελται
591 3335 694 3432 Θεὸς,
716 3334 771 3416 ὅτι
792 3339 851 3417 καὶ
877 3336 1069 3439 εὖλογήσει
1091 3337 1134 3417 τὸ
1158 3337 1203 3444 ἐξ
1225 3339 1344 3418 αὐτῶν

146 3457 321 3558 ἐσόμενον
356 3460 504 3562 σπέρμα
539 3461 599 3538 καὶ
631 3462 718 3539 ὡσεὶ
749 3470 771 3506 “
785 3459 831 3539 τὸ
862 3459 983 3563 ἀστρα
1013 3467 1078 3540 τοῦ
1110 3461 1261 3563 οὐρανοῦ
1292 3466 1511 3569 rq3110b.xi.12.

94 3613 132 3672 ²5
148 3593 170 3629 “
187 3580 350 3683 πλήθει,”
379 3580 547 3688 ταθτῃτοι
571 3581 729 3687 πέφηνεν
746 3585 784 3662 έν
807 3586 916 3686 σαρκὶ
941 3586 999 3662 καὶ
1026 3583 1172 3686 γέγονεν
1199 3585 1338 3687 ἀνθρω-

145 3738 230 3802 πος,
252 3704 345 3790 Θεὸς
365 3705 536 3808 ὑπάρχων
557 3707 578 3784 ὸ
596 3705 726 3805 Λόγος,
752 3705 858 3789 αὐτὸς
881 3704 931 3785 ὧν
950 3708 970 3785 ὸ
988 3713 1113 3785 πᾶσαν
1134 3704 1201 3806 τὴν
1225 3707 1344 3786 κτίσιν

145 3829 207 3906 καὶ
225 3833 274 3912 εἷς
291 3826 334 3906 τὸ
353 3824 440 3908 εἶναι
458 3827 630 3932 συνέχων,
647 3831 705 3906 καὶ
722 3825 765 3908 τὸ
783 3829 821 3908 εὖ
839 3824 925 3908 εἶναι
944 3835 1018 3913 τοῖς
1035 3829 1139 3908 οὖσιν
1155 3829 1343 3927 ἀπονέμων

145 3951 196 4033 ὡς
214 3950 318 4034 Θεός·
352 3948 443 4051 ἦλθε
466 3948 556 4028 δέ’
528 3984 577 4034 εις
598 3947 758 4030 τόνδε
722 3985 787 4030 τον
805 3949 943 4049 κόσμον
965 3949 1056 4050 μετά
1079 3951 1226 4053 σαρκὸς,
1243 3949 1342 4050 πλὴν

142 4073 188 4152 οὐ
217 4075 466 4172 διακονηθῆναι
495 4079 658 4218 μᾶλλον
672 4072 766 4153 καθά
800 4078 916 4177 φησιν
946 4071 1063 4164 αι’ττὸς,
1096 4073 1229 4152 “οἰλλά
1260 4076 1335 4152 δια·
1354 4095 1481 4146 anatur.

87 4205 166 4284 30“
186 4198 337 4294 κονῆσαι
369 4229 428 4276 και
466 4199 588 4276 δοῦναι
618 4191 685 4295 τὴν
717 4191 842 4302 ψυχὴν
874 4196 982 4277 αὐτοῦ
1011 4197 1223 4300 ἀντίλυτρον
1253 4194 1340 4299 ὑπὲρ
1353 4177 1394 4210 ¹¹
1404 4147 1455 4210 ²⁸

182 4427 226 4467 22.
246 4410 305 4468 Ine.
315 4410 419 4484 Ἐπιτδῆ
432 4411 477 4469 οὖν
487 4414 587 4468 τοιςΑ
731 4429 774 4484 23.
793 4413 834 4468 καί
846 4431 901 4470 om
913 4413 948 4470 A.
1093 4428 1136 4481 24.
1154 4433 1195 4467 και
1185 4409 1285 4484 ὡσεί]
1300 4413 1340 4467 καὶ

143 4480 223 4550 θησιτ
235 4481 346 4537 ιοαελΑ
478 4481 574 4538 26-28.
593 4483 739 4540 αυτὸς-ως
751 4485 817 4540 Θεὸς
829 4502 882 4539 om
897 4485 931 4539 A.
1065 4499 1106 4554 29.
1125 4485 1227 4553 μᾶλλον
1238 4502 1293 4539 om.
1307 4487 1341 4538 A.

144 4567 191 4624 3⁰·
210 4552 394 4608 καλ-πολλοι
406 4570 460 4608 om
471 4554 504 4608 A
