3280 5142
309 353 352 414 ιν
612 353 1208 420 ss.cYR1LL1ALExANnn.
1351 351 1439 416 xviii.
1458 369 1511 436 29.

311 528 332 564 “
351 544 423 597 σοι·
457 515 499 596 τὸ
523 516 757 617 ἀνταπόδομά
780 553 852 599 σου
877 518 1212 621 οἱνταποδοθήσετοί
1234 553 1297 599 σοι
1325 523 1374 601 είς
1398 523 1511 622 κεφα-

312 650 333 686 “
352 639 421 741 λήν
438 641 539 721 σον.”
568 645 627 722 καί
655 640 807 741 μήνκαὶ
835 642 941 726 αὐτὸς
970 645 990 723 ὁ
1019 650 1111 727 θεῖος
1138 645 1323 748 ἀναφωνεῖ
1346 635 1511 748 μελῳδός

143 763 266 892 ἷιωθ·
311 775 333 812 “
351 762 508 849 Ἀπόδος
531 763 575 845 τίν
598 763 830 864 ἀνταπόδομα
853 768 971 846 αὐτῶν
989 768 1117 864 αὐτοῖς,
1137 764 1229 846 κατὰ
1252 763 1299 845 τὰ
1323 765 1411 868 ἔργα
1436 770 1512 844 τῶν

143 897 334 958 1084Μ“
352 895 480 993 χειρῶν
497 889 615 969 αι’ντῶν
633 887 694 974 δὸς
713 888 864 972 αι’ντοῖς.”
893 887 1017 994 ὥσπερ
1043 889 1115 994 γὰρ
1140 891 1239 970 αὐτοὶ
1259 887 1323 969 τὸν
1340 885 1511 968 ἁπάντων

313 1016 464 1114 Σωτῆρα
491 1014 549 1092 καί
579 1012 743 1115 Χριστὸν
769 1019 844 1096 τοῖς
863 1015 1051 1112 Ῥωμαίων
1078 1013 1317 1117 προσήγαγον
1344 1037 1546 1113 στρατη-5

310 1142 398 1235 γοῖς,
427 1137 519 1216 οὕτω
548 1133 591 1216 τὸ
621 1135 703 1215 ἴσον
731 1137 776 1243 ἐξ
800 1140 1045 1242 ἀντιστροφής
1083 1139 1317 1236 ὑπομένοντες
1351 1141 1398 1241 τῇ
1435 1141 1511 1214 τῶν

310 1260 497 1356 Ῥωμαίων
523 1261 781 1362 παραδίδονται
814 1260 1017 1367 δυναστείᾳ,
1044 1264 1103 1340 καί
1133 1269 1178 1367 τῇ
1207 1267 1280 1341 τῶν
1306 1258 1387 1340 τότε
1417 1293 1507 1361 κρα-

311 1383 467 1464 τούντων
493 1387 583 1489 χειρί
611 1383 879 1484 δεδαπάνηνται.
926 1382 1037 1476 δεινός
1065 1383 1137 1487 γὰρ
1164 1387 1257 1465 οὕτω
1287 1383 1363 1464 κατ’
1391 1385 1511 1462 αὐτῶν

310 1506 481 1613 ἐξεκαύθη
513 1505 684 1605 πόλεμος,
719 1510 777 1586 καί
810 1505 1076 1612 ἀπηχεστιίταις
1110 1510 1203 1587 οὕτω
1232 1506 1510 1606 κεκυινιυνήκασι

310 1637 526 1738 συμφοραῖς,
546 1633 595 1714 ὡς
613 1631 707 1733 εἴπερ
726 1631 824 1738 ἐξῆν,
845 1631 950 1734 ὄρεσί
970 1665 1008 1710 τε
1033 1635 1091 1712 καὶ
1114 1633 1258 1734 πέτραις
1282 1629 1511 1714 είσδιῖνοντας
1528 1667 1572 1710 ιο

309 1754 510 1834 ε’ντεθνοίναι
538 1754 636 1838 τινὰς
664 1751 735 1857 πρὸ
763 1757 827 1849 τῆς
854 1763 918 1835 τοῦ
942 1755 1104 1852 πολέμου
1130 1753 1211 1838 θέας
1235 1753 1335 1855 ήδιον
1357 1753 1401 1833 ἂν
1423 1755 1507 1834 ἑλέ·

276 1884 411 1976 λσθαι,
430 1881 487 1958 καί
512 1885 618 1957 τοῦτο
643 1876 817 1961 πολλούς·
850 1875 937 1977 ὃδὴ
962 1878 1178 1982 αἱρήσεσθαι
1202 1875 1510 1980 προαγγέλλωνὸ

142 2009 240 2128 {¹2⁰0-
314 2001 446 2103 Κύριος
476 2001 636 2104 ἔφασκεν
664 2011 685 2046 “
698 1998 819 2080 Ὅταν
847 2001 942 2100 ἴδητε
974 2000 1217 2100 κυκλουμένην
1246 2000 1314 2081 ὑπὸ
1346 2034 1508 2103 στρατο-

143 2143 183 2193 lb·
194 2115 264 2194 ”152
312 2137 334 2174 “
353 2125 468 2207 πέδων
485 2125 552 2226 τήν
569 2122 821 2225 Ἰερουσαλήμ,
839 2122 919 2204 τότε
945 2127 1051 2229 ε’ρεῖτε
1079 2132 1152 2210 τοῖς
1177 2124 1278 2229 ὄρεσι
1303 2123 1510 2230 Καλύψατε

144 2223 186 2271 ³⁰·
363 2249 424 2273 ιι.
507 2252 519 2279 ι
580 2254 596 2271 a
738 2254 755 2271 Α
840 2248 851 2277 ν
961 2247 1139 2276 τττττ
1141 2246 1150 2274 ς

312 2261 333 2300 “
351 2284 442 2349 ημας
462 2282 518 2329 και
536 2282 610 2332 τοις
627 2255 769 2342 βουνοις
790 2252 933 2330 Πεσατε
951 2255 998 2356 εφ
1027 2283 1129 2348 ημας.
1527 2279 1567 2339 ¹5

260 2581 298 2638 ²9
358 2561 518 2632 Ἐξιίλθεν
545 2560 601 2630 οὖν
628 2565 647 2630 ὁ
673 2565 816 2630 Πιλᾶτος
841 2565 908 2632 ἔξω
934 2562 1018 2655 πρὸα
1044 2565 1162 2631 αὐτοὺς
1190 2561 1243 2629 καί
1270 2587 1350 2652 φησι
1376 2564 1458 2630 Τίνα

458 2690 651 2780 κατηγορίαν
678 2693 797 2779 φέρετε
825 2691 906 2757 κατὰ
934 2697 991 2757 τοῦ
1019 2689 1196 2779 ἀνθρώπου
1222 2691 1358 2774 τούτου;

368 2894 631 2992 Παραιτοῦνται
658 2887 734 2986 μὲν,
762 2891 810 2972 ὡς
839 2883 962 2995 ᾤοντο,
989 2887 1054 2968 τὸν
1080 2892 1118 2969 ἐκ
1148 2889 1262 2969 λίθων
1291 2891 1349 2967 καί
1377 2889 1511 2992 τοίχων

278 3012 513 3113 ομολυσμδν,
536 3012 648 3119 ἔξεισι
676 3009 713 3091 δὲ
742 3011 946 3109 ίΠιλυίτος,
968 3017 1027 3092 καί
1054 3011 1327 3093 διαπυνθάνεται
1354 3011 1419 3108 μὲν
1444 3015 1510 3110 τῆς

309 3133 402 3241 πρδς
433 3134 542 3216 αὐτὸν
568 3135 727 3242 ἀφίξεως
755 3133 821 3234 τήν
848 3135 973 3232 αἰτίαν,
999 3137 1132 3242 ἐξαιτεῖ
1160 3135 1196 3216 δὲ
1229 3143 1337 3216 εἰπεῖν
1366 3133 1412 3212 τὰ
1445 3143 1511 3214 τοῦ
1525 3168 1567 3210 οο

309 3259 594 3364 προσοισθέντος
616 3255 838 3360 ἐγκλήματα,
856 3262 1075 3362 κατακρίνων
1095 3262 1176 3340 καθ’
1195 3259 1313 3360 ἕτερον
1331 3254 1413 3341 τοὺς
1436 3263 1511 3336 τῶν

309 3382 490 3464 Ἰουδαίων
518 3380 734 3484 καθηγηταῖς.
778 3379 869 3482 ἀνὴρ
896 3381 968 3485 γὰρ
995 3381 1198 3484 ἀλλογενὴς
1225 3382 1289 3462 τὸν
1317 3387 1389 3460 τῶν
1413 3383 1506 3460 ’lov-

309 3508 420 3588 δαίων
447 3511 664 3587 δυσωπεῖται
694 3503 842 3603 θεσμὸν,
871 3509 929 3585 καί
961 3503 1004 3585 τὸ
1037 3509 1223 3610 κρατῆσαν
1255 3507 1338 3609 παρ’
1368 3506 1511 3589 ἐκείνοις

310 3631 390 3715 ἔθος
422 3631 467 3739 ἐξ
495 3631 682 3726 εὐλαβείας
712 3628 929 3734 αἰσχύνεται.
979 3628 1090 3736 ἐξέθει
1122 3629 1194 3731 γὰρ
1225 3628 1414 3728 ἀσυνήθως
1444 3637 1511 3707 τοῦ

309 3757 600 3864 φροντιστηρίου,
629 3753 672 3834 τὸ
706 3751 797 3834 ὅσον
824 3760 933 3833 είπεῖν
960 3756 1018 3834 ε’πί
1045 3760 1090 3858 τῇ
1121 3752 1265 3853 δυνάμει
1298 3748 1371 3833 ποῦ’
1388 3752 1507 3857 πράγ·
1526 3791 1568 3849 25

308 3913 423 3979 ματος
440 3888 515 3966 τοῖς
532 3878 715 3961 Ἰουδαίοις
740 3874 799 3957 διὰ
822 3876 950 3958 τούτου
969 3875 1127 3983 φράσας,
1147 3876 1201 3957 ὅτι
1227 3877 1297 3984 χρὴ
1323 3883 1511 3979 τηρεῖσθαι

308 4006 372 4090 τὸν
410 4004 532 4107 νόμον·
578 4007 611 4084 οί
648 3999 686 4082 δὲ
724 4007 798 4086 τοῖς
834 4002 940 4086 θείοις
974 4001 1176 4099 ἐντάλμασι
1215 4008 1428 4108 φρονοῦντες
1464 4001 1511 4081 τὰ

274 4131 458 4228 ἁέναντία,
476 4132 534 4212 καί
557 4127 666 4232 μικρὰ
691 4130 819 4233 κομιδῇ
843 4132 916 4206 τῶν
935 4124 993 4205 διαί
1013 4123 1200 4210 Μωυσέως
1217 4125 1511 4222 τεθεσπισμένων

308 4256 577 4363 φροντίσαντες,
597 4253 719 4333 ἄδικον
737 4248 942 4354 ε’ργιίφννται
969 4251 1092 4354 φόνον,
1111 4252 1168 4328 καί
1188 4251 1208 4328 ὁ
1226 4246 1292 4347 μίν
1309 4248 1379 4354 ἔξω
1399 4248 1510 4346 νόμον
1632 4241 1634 4379 φ

348 4547 387 4596 14.
407 4527 620 4598 ὄρεσι-βουνοῖς
632 4524 684 4608 λος
696 4523 790 4607 σοφίας
803 4523 836 4578 Ε.
848 4521 923 4592 ὅρισι
936 4532 962 4576 et
973 4525 1077 4588 βουνοῖς
1089 4523 1158 4607 [nter
1171 4539 1199 4576 ευ
1212 4533 1245 4576 tr.
1261 4517 1312 4576 Ed.
1403 4531 1444 4590 ¹5·
1462 4519 1510 4574 πί-

308 4621 372 4657 σατε
387 4597 418 4653 Ε.
432 4597 465 4652 os.
479 4615 561 4668 supra
573 4611 624 4668 517
634 4596 661 4660 b,
675 4613 702 4650 m
716 4613 752 4649 κιι
767 4593 864 4664 Ρςορίι.
879 4593 928 4659 148
938 4593 964 4648 b.
977 4591 1070 4649 πίνετε
1086 4591 1136 4647 hd.
