3284 5130
122 352 1153 422 1220.INS.J0ANNEM.LIB.X11.0AP..1
1265 354 1328 417 129

124 518 281 599 “πάλιν
318 519 446 670 μικρὸν
483 524 541 600 καί
576 520 721 629 ὄψεσθέ
752 555 807 620 με,
839 524 897 600 καί
934 519 1132 672 χαρήσεται
1170 520 1268 616 ῦμῶν
1305 517 1328 666 ή
1372 519 1475 637 {2⁹2²

125 645 305 746 “καρδία,
342 650 401 724 καί
438 644 505 744 τὴν
540 644 657 752 χαράν
695 647 792 743 ὑμῶν
829 647 999 729 ούδείς’
978 650 1059 746 αρεί
1091 643 1154 747 ἀφ’
1194 638 1327 739 ῦμιῦν.”

125 766 268 871 ἔχαιρον
286 768 351 866 μὲν
370 767 440 871 γὰρ
471 773 503 848 οἰ
529 767 651 868 πάσης
677 768 906 875 ἀποπληξίας
934 767 998 848 τίιν
1023 775 1106 848 νοῦν
1124 765 1361 864 ἀνάμεστονὶ)

124 891 267 994 ἔχοντες
298 893 473 988 Ἰουδαῖοι,
511 899 658 1000 σταυρῷ
694 893 994 994 προσηλούμενον
1032 892 1228 985 βλέποντες
1265 888 1329 970 τὸν

92 1015 284 1114 5Ἰησοῦν·
316 1013 415 1120 λύπη
442 1014 480 1096 δί
504 1014 648 1124 ἀκράτῳ
674 1019 732 1095 καί
758 1015 1036 1122 δυσαχθεστάτη
1058 1010 1329 1122 κατεφορτίζετο

124 1143 198 1216 τιῦν
231 1139 345 1240 ἁγίων
378 1146 548 1240 μαθητῶν
578 1141 600 1240 ή
636 1141 776 1243 καρδία.
829 1141 914 1220 ἀλλ’
946 1141 1088 1241 ε’πείπερ
1124 1141 1205 1218 ἐστὶ
1236 1135 1329 1217 κατά

125 1261 243 1366 φύσιν
260 1263 342 1366 ζωὴ,
361 1263 572 1349 καταλύσας
589 1272 653 1344 τοῦ
672 1263 827 1345 θανάτου
845 1262 887 1344 τὸ
906 1261 1034 1366 κράτος
1056 1263 1187 1356 ἀνεβίω
1204 1260 1328 1358 πάλιν,

125 1388 184 1466 καί
211 1387 233 1486 ή
262 1386 328 1484 μὲν
354 1394 427 1468 τῶν
452 1389 633 1470 Ἰουδαίων
661 1391 808 1489 ἀπέσβη
839 1387 944 1494 χαρά,
972 1395 1045 1472 τοῖς
1072 1386 1187 1490 γεμὴν
1214 1387 1329 1488 ἁγίοις

125 1508 349 1596 ἀποστόλοις
372 1513 640 1618 μετακεχύρηκε
663 1511 768 1612 μίνὸ
795 1512 944 1597 κοπετὸς
969 1517 1017 1597 εἰς
1043 1510 1168 1617 χαρὰν,
1187 1508 1324 1590 ἀναπό·
1372 1525 1497 1642 32:11.

77 1675 113 1716 ιο
124 1643 266 1734 βλητος
284 1635 322 1716 δί
340 1643 527 1721 παντελῶς
547 1672 604 1718 και
592 1639 859 1742 ἀναφαίρετος
878 1635 1134 1735 ἀνεβλάστησε
1159 1635 1324 1736 θυμηδία.

124 1756 397 1930 τεθνήξετρι
351 1795 424 1911 γαρ
443 1759 556 1841 ούκέτι
570 1761 733 1865 Χριστὸς
746 1761 849 1868 ἅπαξ
861 1759 1052 1842 ἀποθανὼν
1064 1765 1124 1808 “’
1097 1795 1145 1844 εις
1159 1761 1414 1877 ἀθείιησινηή

126 1885 360 1986 “ἀμαρτίας,’
363 1884 492 1966 ’καθά
519 1885 733 1989 γέγραπται.
779 1885 919 1988 ζῶν
874 1920 946 1989 γαρ
973 1887 1026 1965 ἀεὶ
1052 1889 1110 1965 καί
1139 1884 1326 1989 ῦποίρχων,

125 2007 364 2106 ἀτελεύτητον
383 2013 494 2108 δῆλον
518 2008 572 2090 ὅτι
599 2015 673 2094 τοῖς
701 2006 906 2111 ε’λπίᾷιυσιν
924 2009 979 2090 ἐπ’
1000 2010 1096 2117 αύτῷ
1124 2007 1331 2111 διατηρήσει

126 2130 168 2210 τὸ
207 2131 353 2235 χαίρειν.
410 2132 675 2236 κατασπάζεται
712 2132 750 2214 δὲ
786 2131 910 2230 πάλιν,
947 2132 989 2213 τὸ
1026 2134 1180 2232 σύνηθες
1219 2136 1331 2212 ἐκεῖνο

80 2285 112 2344 15
126 2254 256 2356 λε’γων,
286 2256 471 2336 τουτέστιν
497 2257 631 2358 Εἰρήνη
660 2257 752 2355 ὑμῖν,
781 2253 890 2355 νόμον
919 2252 1042 2358 ὥσπερ
1073 2255 1153 2336 τινὰ
1180 2260 1239 2335 καὶ
1267 2255 1331 2336 τὸν

125 2379 186 2458 ε’πί
211 2379 327 2486 τούτῳ
344 2385 449 2465 τιθεὶς
468 2389 541 2466 τοῖς
559 2385 622 2479 τῆς
641 2379 862 2480 Ἐκκλησίας
888 2379 1031 2463 τείινοις.
1069 2378 1250 2482 τοιγάρτοι
1272 2384 1330 2459 καί

126 2504 165 2582 ἐν
183 2509 262 2587 ταῖς
283 2503 400 2605 ἁγίαις
423 2503 589 2604 μάλιστα
613 2501 777 2589 συνόδοις
802 2503 881 2603 ήτοι
908 2503 1086 2610 συνάξεσι
1112 2505 1196 2600 παρ’
1217 2501 1328 2587 αῦτάς

126 2634 192 2706 τοῦ
209 2629 410 2732 μυστηρίου
427 2627 491 2712 τάς
511 2627 635 2734 ἀρχὰς,
654 2636 760 2708 τοῦτο
786 2631 845 2708 καί
868 2627 967 2727 ἡμεῖς
993 2626 1170 2727 ἀλλήλοις
1192 2627 1323 2734 φαμέν.
1340 2635 1363 2700 d

126 2748 170 2832 τὸ
198 2748 269 2855 γάρ
297 2752 483 2856 εἰρηνεύειν
506 2753 597 2853 ἡμᾶς
625 2750 716 2856 πρός
743 2786 780 2831 τε
808 2749 994 2850 ἀλλήλους
1020 2752 1080 2832 καί
1104 2748 1210 2848 Θεὸν,
1228 2748 1328 2852 πηγή

77 2907 182 2960 ιοτιτ
214 2873 338 2982 ὥσπερ
377 2879 435 2957 καὶ
472 2874 565 2981 ἀρχή
601 2873 736 2961 παντὸς
769 2873 815 2955 ἀν
846 2873 1018 2980 ὑπάρχειν
1050 2882 1165 2956 νοοῖτο
1201 2883 1328 2960 καλοῦ.

126 2997 311 3102 τοιγάρτοι
340 3002 399 3080 καὶ
428 3005 578 3084 Παῦλος
610 3000 657 3080 τά
687 3000 833 3080 πάντων
842 2997 1017 3154 ύπάρξαι
1046 2999 1230 3080 κάλλιστα
1257 3006 1331 3083 τοῖς

127 3122 393 3223 κεκλημένοις’
375 3122 607 3230 επευχάμενος
625 3134 646 3171 “
661 3120 812 3226 Χάρις
794 3129 875 3221 υμῖν
894 3127 952 3203 καί
979 3123 1096 3226 εἰρήνη
1123 3125 1279 3230 φησίν’
1257 3122 1330 3204 απὸ
1376 3125 1480 3256 ξω

128 3256 150 3294 “
169 3251 267 3327 Θεοῦ
299 3247 497 3352 Πατρος
476 3253 577 3346 ημῶν
605 3250 663 3327 καί
694 3249 828 3350 Κυρίου
856 3249 979 3347 Ἰησοῦ
1009 3245 1205 3352 Χριστοῦ,”
1234 3281 1326 3405 προ·
1377 3201 1400 3256 ἰ

127 3370 269 3522 τρέπωγ
292 3369 329 3453 δε
356 3369 522 3452 πάλιν’
494 3405 542 3455 εις
570 3368 711 3474 εἰρήνην
735 3370 801 3472 τὴν
824 3373 871 3456 ὡς
899 3369 990 3477 πρὸς
1009 3370 1104 3452 Θεὸν
1120 3371 1202 3456 τοῦς
1230 3373 1330 3453 οὕτω

76 3523 114 3584 25
127 3493 396 3580 πιστεύσαντας
416 3507 437 3544 “
450 3493 566 3599 Υπὲρ
590 3500 766 3644 Χριστρῦ,
788 3499 893 3603 φησὶ,
911 3496 1212 3600 πρεσβεύομεν,
1190 3532 1238 3582 ως
1265 3505 1329 3576 τοῦ
1377 3511 1455 3563 acor
1465 3526 1490 3563 v.

129 3631 150 3666 ‘⁶
170 3625 267 3699 Θεοῦ
299 3627 595 3723 παρακαλοῦντος
627 3619 719 3700 δι’
699 3626 811 3718 ημῶν·
848 3619 1049 3719 δεόμεθα
1030 3617 1119 3723 υπίρ
1149 3626 1328 3724 Χριστοῦ»
1375 3592 1416 3628 w

128 3753 151 3791 ‘⁶
170 3745 425 3846 καταλλάγητε
452 3745 504 3851 τῷ
531 3742 649 3851 Θεῷ·”
682 3742 882 3846 παραθήγει
910 3743 948 3824 δί
975 3743 1076 3825 οῦδεν
1102 3743 1258 3845 ἥττον’
1237 3751 1492 3914 ηγιᾶςοΕιωὶἰ

127 3870 189 3948 καί
217 3870 237 3946 ὁ
244 3869 470 4018 προφήτης
472 3821 631 3952 Ησαίἀς
658 3874 756 4016 βρῦν
775 3878 798 3914 “
813 3867 1086 3968 Ποιήσωμεν’
1058 3867 1198 3972 ειρήνην
1224 3864 1419 4015 αύτεγ3,Ε*5

127 4003 151 4039 “
170 3989 379 4090 ποιήσωμεν
397 3989 537 4094 εἰρήνην
555 3997 588 4071 οἰ
615 3988 830 4094 ε’ρχομενοι.”
858 3991 1050 4093 πρέπουσα
1077 4026 1194 4071 τοινυν
1216 4027 1240 4091 η
1267 3999 1332 4070 τοῦ

75 4115 244 4218 3ολοΥου
273 4114 420 4215 δύναμιν
449 4121 501 4222 τῷ
533 4150 599 4266 την
627 4112 767 4218 εἰρήνην
794 4114 1020 4216 βραβεύοντι,
1049 4121 1193 4214 μᾶλλον
1222 4112 1330 4194 δε
1286 4149 1331 4264 τη

127 4240 276 4322 πάντων
307 4239 451 4388 εἰρήνη,ι
468 4271 632 4318 τουτεστι
661 4242 827 4344 Χριστῷ
878 4247 899 4284 “
917 4237 1032 4322 Αὐτὸς
1068 4238 1140 4342 γάρ
1176 4241 1276 4318 ἐστιν
1308 4239 1410 4361 ‚ju
1376 4231 1482 4298 Ειῦιῑῑ

127 4374 152 4411 “
172 4361 292 4466 εἰρήνη
321 4361 451 4462 ήμῶν,”
472 4361 562 4442 κατὰ
590 4361 654 4446 τὰς
682 4359 839 4468 γραφάς.

1371 1757 1462 1809 Eeb.
1454 1773 1489 1808 ιι.

243 4615 283 4654 ιι.
301 4601 579 4672 γὰριιοιιαιριαωειι
593 4599 626 4654 Ε.
1044 4614 1085 4668 ¹3·
1103 4597 1182 4654 αὐτὸν
1193 4599 1226 4654 Ε.

176 4703 248 4750 VOL.
265 4705 317 4750 111.
723 4705 738 4749 Β
