3280 5142
287 305 329 368 74
579 307 619 371 B.
643 305 857 372 OYRILLI
885 305 1177 372 ALEXANDR.
1351 305 1419 370 xix.
1435 323 1488 371 12,

288 470 533 552 ύπονοστοῦσι
559 474 816 579 ψευδομυθίαν,
845 474 1109 576 δημαγωγῆσαι
1134 472 1301 575 λέγοντες
1329 468 1393 550 τὸν
1413 470 1488 568 Ἰη·
1632 487 1633 564 λ

288 602 390 694 σοῦν,
408 596 678 696 πλημμελῆσαί
697 631 737 678 τε
761 598 839 678 κατ’
858 599 967 697 αὐτῆς
991 602 1055 698 τῆς
1078 599 1133 678 τοῦ
1158 596 1333 704 Καίσαρος
1357 596 1486 698 ἀρχῆς,

259 721 347 799 οκαὶ
374 724 438 820 τῆς
460 721 648 821 Ῥωμαίων
676 720 1068 824 καταστρατεύσασθαι
1094 721 1296 818 βασιλείας,
1323 718 1413 798 ὅσον
1440 722 1490 800 είς

287 842 437 944 δύναμιν
459 845 726 951 ἐγχειρήματος·
755 846 916 940 βασιλέα
943 845 1025 951 γάρ,
1044 847 1172 951 φησὶν,
1192 845 1305 925 ἓαυτλν
1325 842 1485 941 ἐποίησε.

287 970 346 1048 καὶ
377 969 445 1071 ὅρα
473 969 516 1050 τὸ
549 969 784 1077 δυσμῆχανόν
814 1005 853 1051 τε
882 973 942 1051 καὶ
974 967 1245 1072 δυσοργότατον
1272 973 1347 1047 τῶν
1378 991 1529 1053 συκο·5

288 1099 434 1198 φαντεῖν
461 1095 640 1193 ἑλομένων
668 1097 809 1197 κίνημα.
844 1101 991 1197 πρῶτον
1017 1092 1084 1194 μέν
1113 1091 1196 1196 γάρ,
1215 1089 1307 1171 κατά
1334 1093 1397 1190 τῆς
1423 1096 1489 1170 τοῦ

290 1217 475 1319 Καίσαρος
505 1220 618 1324 ἀρχῆς
648 1223 844 1323 δεδρᾶσθαι
876 1217 918 1300 τὸ
951 1217 1121 1319 τόλμημα
1153 1216 1362 1297 διετείνοντο
1390 1248 1489 1311 παμ-

287 1344 406 1446 ψηφεὶ
426 1347 582 1437 βοῶντες
608 1348 641 1423 οἱ
664 1345 826 1426 δείλαιοι.
864 1344 950 1423 ἀλλ’
971 1346 1020 1429 ὡς
1044 1344 1087 1423 ού
1111 1342 1260 1448 σφόδρα
1287 1337 1486 1440 κατηγωνί-

120 1471 239 1604 ξξίνϋηὸὀ
288 1463 399 1568 ζοντα,
425 1465 491 1565 τῆν
518 1468 645 1548 ἑαυτοῦ
671 1470 866 1563 βασιλείαν
894 1470 958 1547 οὐκ
984 1466 1141 1569 ε’πίγειον
1168 1461 1257 1546 εἶναι
1282 1463 1490 1572 φάσκοντος

286 1597 351 1669 τοῦ
380 1593 557 1691 Χριστοῦ,
582 1592 696 1671 καίτοι
726 1590 790 1676 τάς
812 1593 1001 1691 Ῥωμαίων
1028 1589 1133 1691 τιμάς
1161 1592 1391 1670 διεκδικοῦντι
1420 1591 1492 1665 Πι-
1508 1627 1554 1670 ιο

121 1711 389 1820 1053Α.ιλάτῳ
416 1711 483 1813 τῆν
510 1719 558 1798 εἷς
586 1711 673 1796 αὐτό
701 1713 744 1796 τὸ
772 1722 865 1798 θεῖον
893 1714 1070 1818 ἁμαρτίαν
1096 1712 1294 1816 εἰσήγαγον
1321 1710 1491 1812 λέγοντες

289 1845 310 1882 “
329 1834 419 1916 Υὶδν
457 1840 553 1917 Θεοῦ
590 1836 716 1920 ἑαυτὸν
753 1840 953 1938 ε’ποίησεν.”
1003 1835 1117 1945 ᾤοντο
1157 1837 1231 1941 γάρ
1269 1842 1301 1917 οἱ
1338 1832 1492 1918 τάλανες

289 1958 477 2060 ἀκονῆσιιν
508 1962 568 2041 διά
600 1963 727 2043 τούτου
764 1968 823 2042 καὶ
856 1964 923 2068 οὐχ
956 1962 1083 2043 ἑκόντα
1115 1958 1280 2042 Πιλάτου
1310 1963 1359 2044 εἷς
1390 1955 1491 2036 ἀδιά-

289 2118 409 2186 κριτον
428 2083 551 2188 ὀργῆν,
570 2085 834 2186 εύτολμότατον
852 2087 890 2167 δέ
909 2085 1154 2187 καταστήσειν
1170 2092 1218 2171 εἲς
1236 2084 1278 2166 τὸ
1300 2083 1492 2186 καθαρίσαι

288 2216 353 2288 τοῦ
389 2212 557 2313 Σωτῆρος
594 2209 658 2289 τὸν
688 2208 851 2305 θάνατον,
881 2215 945 2310 τῆς
979 2216 1027 2297 εἲς
1057 2209 1153 2291 θεὸν
1182 2209 1364 2304 εὐσεβείας
1400 2205 1491 2310 πρό-
1509 2246 1551 2305 ι5

289 2366 427 2438 σχημα,
449 2331 515 2433 τῆν
543 2339 593 2419 εἷς
619 2342 725 2415 τοῦτο
754 2337 896 2436 κίνησιν
923 2332 1182 2436 ποιησάμενον·
1222 2335 1378 2416 ἀλλ’ὡς
1405 2327 1492 2430 ἀνή-

288 2490 394 2537 νυτον
419 2459 536 2542 αὐτοῖς
563 2454 606 2539 τῦ
635 2459 877 2561 κακουργηθὲν
902 2460 1140 2556 ἀπεδείκνυτο,
1151 2457 1272 2540 πάλιν
1295 2460 1353 2538 ἐπὶ
1381 2454 1422 2536 τὸ
1449 2453 1496 2561 ἐξ

287 2583 400 2686 ἀρχῆς
432 2582 625 2664 ἀναθέουσι
659 2582 806 2686 θράσος,
840 2584 931 2664 κατὰ
964 2588 1028 2682 τῆς
1061 2591 1125 2662 τοῦ
1157 2583 1345 2683 Καίσαρος
1378 2581 1493 2682 ἀρχῆς

287 2711 534 2807 τετολμῆσθαι
553 2707 720 2808 λέγοντες
739 2707 784 2787 τά
802 2705 1053 2812 ἐγχειρῆματα,
1072 2709 1130 2786 καὶ
1153 2710 1217 2806 τῆς
1235 2705 1365 2786 ἐκείνου
1384 2708 1493 2783 καθο-

254 2826 481 2930 ηπλίζεσθαι
514 2827 622 2936 δόξης
659 2830 722 2912 τὸν
756 2829 931 2931 δικαστὴν
963 2831 1091 2932 ἀνέδην
1123 2833 1346 2925 ἐπιβοῶντες,
1377 2832 1406 2906 εί
1440 2824 1492 2926 μὴ
1507 2866 1552 2908 20

289 2951 460 3044 βούλοιτο
480 2956 660 3034 διεκδικεῖν
678 2957 735 3034 καὶ
761 2960 806 3060 τῆ
831 2955 1022 3061 πρεπούσῃ
1048 2959 1299 3034 καθυποθεῖναι
1324 2952 1402 3058 δίκη
1428 2949 1494 3030 τόν

290 3075 522 3178 ἀντειρηκότα
554 3080 700 3186 Καίσαρι
731 3080 806 3159 κατ’
834 3078 973 3177 αὐτοῦς,
1002 3079 1060 3158 διὰ
1090 3086 1154 3158 τοῦ
1187 3080 1245 3157 καὶ
1278 3076 1373 3159 ὅλως
1406 3073 1487 3154 ἀνέ-

290 3206 420 3305 χεσθαι
448 3208 577 3296 λαβεῖν
598 3208 662 3281 τοῦ
689 3202 872 3297 βασιλέως
900 3202 966 3304 τῆν
992 3207 1135 3303 κλῆσιν,
1159 3204 1275 3281 καίτοι
1302 3207 1367 3281 τοῦ
1397 3200 1488 3278 Καί·

289 3358 402 3428 σαρος
433 3326 474 3405 οῦ
507 3325 573 3425 τὴν
600 3324 809 3429 ἐπουράνιον
838 3331 1091 3412 διεκδικοῦντος
1124 3325 1250 3431 ἀρχὴν,
1282 3325 1323 3425 ῆς
1358 3323 1401 3424 δῆ
1434 3325 1493 3402 καὶ

288 3447 454 3548 μάλιστα
471 3447 635 3553 Χριστός
654 3449 698 3550 ῆν
718 3449 908 3550 δεσπότης,
927 3451 1028 3531 ἀλλά
1046 3447 1113 3551 τῆν
1131 3449 1228 3530 κάτω
1247 3453 1305 3529 καὶ
1327 3448 1492 3551 ἐπίγειον,
1508 3485 1553 3546 ²5

121 3569 226 3700 53⁷3&
290 3571 313 3672 ῆ
343 3577 402 3654 καὶ
429 3578 493 3674 τῆς
523 3573 689 3681 ἔξουσίας
721 3575 854 3677 ἤρτητο
882 3583 947 3654 τοῦ
976 3579 1155 3677 Χριστοῦ.
1206 3576 1249 3652 δι’
1281 3574 1390 3654 αὐτοῦ
1421 3573 1493 3678 γάρ

124 3705 162 3754 ¹⁶·
260 3705 456 3794 ῦβασιλεῖς
484 3698 737 3796 βασιλεύουσι,
766 3696 858 3778 κατὰ
886 3696 927 3778 τὸ
956 3698 1216 3800 γεγραμμένον,
1241 3700 1300 3778 καὶ
1327 3698 1495 3802 τύραννοι

290 3824 333 3903 δι’
374 3824 482 3904 αύτοῦ
523 3829 696 3927 κρατοῦσι
738 3825 816 3924 γῆς.
878 3824 1198 3923 ἀθυρογλωττοῦσι
1236 3831 1425 3925 τοιγαροῦν
1460 3829 1495 3904 οἱ

290 3945 436 4029 πάντων
461 3945 660 4050 ἀνθρώπων
686 3945 933 4044 ἀνοσιώτατοι,
952 3949 1011 4026 καὶ
1038 3945 1104 4047 τῆν
1126 3955 1190 4027 τοῦ
1217 3951 1385 4050 Σωτῆρος
1412 3951 1490 4026 δια·

292 4071 446 4176 σύρουσι
471 4071 583 4180 δόξαν
605 4073 643 4151 ἐκ
668 4075 813 4170 πολλῆς
837 4071 932 4173 ἀγαν
951 4069 1171 4177 ἀφιλοθείας,
1192 4069 1245 4156 οἷς
1270 4073 1328 4151 καὶ
1353 4071 1495 4155 δικαίως
1509 4091 1554 4148 30

125 4171 308 4225 Ει.1νὶἰ.ι
417 4197 429 4222 ι
633 4194 644 4222 ι
728 4196 738 4221 ι
808 4194 927 4224 ,αν
1034 4193 1044 4219 ι
1175 4193 1187 4222 ν
1310 4196 1321 4221 ι
1403 4194 1494 4222 „x

123 4257 148 4308 ³·
157 4258 181 4308 4·
293 4231 313 4276 ο
331 4231 503 4300 μακαριος
520 4203 710 4303 προφητης
743 4201 891 4280 Ησαιας
909 4207 1120 4295 επιπληττει
1139 4206 1257 4297 λεγων
1275 4206 1297 4244 “
1322 4201 1433 4293 Υμεις
1455 4198 1495 4274 δε

330 4503 355 4559 7.
373 4486 503 4559 παμψηφὶ
517 4487 548 4541 Ε.
756 4501 796 4539 12.
815 4485 939 4541 ταλαντις
952 4484 984 4540 E.
1193 4502 1233 4550 14.
1253 4482 1448 4550 εὖτολμάτατον
1460 4481 1493 4536 Ε.

295 4577 337 4615 22.
357 4558 514 4630 ἀνιηρηκότα
527 4557 560 4611 Ε.
