3280 5142
132 343 220 408 xviii.
235 345 355 432 37,38.
411 346 468 411 IN
498 347 532 412 S.
553 347 810 415 JOANNEM.
857 348 953 414 LIB.
978 349 1057 414 XII.
1289 347 1330 409 55

1344 484 1501 542 olom.

242 558 339 631 Εἶπεν
367 561 424 632 οὖν
451 567 582 652 αότῷό
608 569 750 635 Πιλάτοο
777 567 903 634 Οὐκοῦν
932 565 1082 646 βασιλεὺι
1108 559 1139 632 εἴ
1164 565 1222 647 οὐ,
1345 603 1384 667 37

178 731 384 836 Ἔγκλημα
403 747 555 819 ποιεῖται
572 739 665 820 κατὰ
684 745 849 844 Χριστοῦ
867 739 933 840 τὴν
951 738 1133 839 ἀλήθειαν.
1171 737 1332 821 ἀκοόσας

130 857 168 936 δὲ
186 857 243 938 ότι
257 869 280 906 “
291 863 342 940 Ἡ
362 861 429 962 ἐμὴ
447 866 619 958 βασιλεία
637 866 701 944 οόκ
720 865 820 943 ἔστιν
837 865 1032 959 έντεῦθεν,”
1044 862 1164 970 φόβου
1181 863 1247 961 μὲν
1261 862 1330 963 ἤδη
1376 892 1458 958 Supra

129 989 195 1061 τοῦ
223 982 315 1063 κατὰ
341 983 407 1085 τὴν
429 985 604 1090 ἀνταρσιν
626 986 911 1069 ἀπαλλάττεται·
944 987 1072 1087 ἵστησι
1096 989 1129 1068 δ’
1149 989 1212 1067 οὖν
1234 985 1330 1085 όμως
1376 958 1477 1021 '⁰¹⁴⁶‘

98 1110 180 1190 5είς
213 1107 413 1209 ὁμολογίαν
441 1118 506 1190 τοῦ
537 1109 761 1215 πράγματος,
788 1115 847 1192 καὶ
883 1117 931 1196 είς
967 1110 1194 1212 ἐγκλήματος
1226 1109 1331 1214 ὁρίζει

130 1230 283 1327 δύναμιν
315 1230 357 1312 τό
391 1237 448 1314 καὶ
479 1235 574 1319 όλως
607 1242 725 1334 εἰπεῖν,
756 1234 811 1315 ότι
840 1238 1036 1331 βασιλείαν
1066 1235 1148 1340 ἔχει,
1181 1231 1248 1315 κάν
1279 1234 1330 1334 μὴ

130 1354 288 1457 ἐπίγειον
319 1351 406 1436 εἶναι
443 1358 710 1464 διισχυρίζηται.
763 1359 996 1440 συνελαύνων
1028 1360 1091 1438 οὖν
1122 1355 1245 1461 ὥοπερ
1283 1364 1332 1443 είς

129 1485 239 1558 τοῦτο
262 1477 328 1560 τόν
344 1481 491 1580 Ἰησοῦν
508 1479 821 1585 Συνωμολόγηκας
839 1482 918 1583 ἤδη,
938 1485 1065 1589 φησὶν,
1083 1481 1137 1562 ότι
1155 1481 1332 1577 βασιλεὺς

128 1599 163 1680 εἶ
182 1602 245 1684 σύ.

82 1820 306 1909 1θἈιτεκρίθιι
332 1821 421 1907 αὐτῷ
443 1823 461 1887 ὁ
481 1823 608 1891 Ἰαοοΰο
632 1823 677 1888 Σὺ
703 1826 806 1899 λέτειο
830 1826 881 1891 ότι
906 1824 1055 1902 βασιλεύς,
1080 1820 1155 1899 εἰμι.
1191 1823 1257 1898 ὲτὼ
1283 1819 1366 1889 εἰοό

180 1953 280 2012 τοῦτο
307 1948 495 2023 τετέννιιμαι
524 1947 577 2013 καί
603 1945 649 2014 εἰς
676 1956 773 2015 τοῦτο
799 1950 944 2016 ἐλήλυθα
971 1945 1018 2013 εἷο
1045 1947 1101 2016 τόν
1126 1949 1258 2029 κόσμον,
1276 1949 1330 2014 ἵνα

180 2075 384 2162 μαρτυρήσω
410 2079 450 2164 τῇ
478 2074 626 2166 ἀλαθείᾳ.
670 2081 734 2141 utic
761 2077 780 2143 ό
807 2075 854 2140 ὢν
880 2075 917 2141 ὲκ
945 2083 1002 2140 τῆς
1031 2073 1187 2140 ἀλαθείας
1216 2072 1329 2138 ἀκούει

180 2219 244 2272 μου
271 2203 331 2262 τῆς
358 2201 485 2282 φωυιῖο.
520 2200 606 2272 λὲτει
633 2199 724 2284 αὐτῷ
750 2199 768 2264 ό
795 2199 936 2264 Πιλάτου
960 2197 1000 2263 Τί
1025 2199 1113 2266 ἐστιν
1136 2197 1296 2278 ἀλήθεια,
1344 2209 1382 2282 38

186 2369 270 2448 Οὐκ
292 2369 447 2471 ἀρνεῖται
473 2374 537 2470 τῆς
561 2371 688 2451 ἑαυτοῦ
712 2373 904 2466 βασιλείας
930 2367 995 2465 τὴν
1013 2367 1135 2476 δόξαν,
1153 2367 1235 2448 οὐδέ
1251 2375 1329 2451 ταῖς

80 2511 115 2572 ¹5
127 2499 194 2570 τοῦ
215 2492 382 2573 Πιλοίτου
402 2498 539 2601 φωναῖς
563 2494 729 2592 ἀπονέμει
754 2494 880 2594 μόναις
904 2492 970 2592 τὴν
988 2495 1048 2574 ἐπὶ
1065 2493 1180 2600 τούτῳ
1197 2494 1325 2588 βεβαί-

127 2645 235 2694 ωσιν·
277 2613 455 2710 βασιλεὺς
474 2617 547 2720 γοίρ
565 2619 676 2716 ἐστιν,
696 2621 743 2702 ὡς
762 2617 865 2717 Θεὸς,
884 2621 943 2698 καὶ
965 2622 993 2696 εί
1016 2615 1067 2716 μή
1086 2650 1140 2700 τις
1158 2614 1329 2711 βούλοιτο

128 2737 251 2841 τυχόν·
280 2737 366 2818 ἀλλ’
384 2738 496 2846 ἔδειξε
512 2740 628 2820 πάλιν
643 2745 708 2841 τῆς
726 2742 895 2841 ἀληθείας
920 2737 986 2839 τὴν
1005 2740 1165 2836 δύναμιν,
1184 2741 1244 2818 καὶ
1262 2739 1329 2843 οὐχ

128 2860 257 2940 ἑκόντα
290 2862 455 2943 Πιλοίτον
486 2865 748 2964 ἀναπειθοόσης
779 2871 889 2945 εἰπεῖν
919 2872 983 2944 τοῦ
1019 2862 1226 2966 κρινομένου
1261 2861 1329 2961 τὴν

128 2981 256 3090 δόξαν·
285 2982 328 3065 οδ
356 2986 427 3089 γὰρ
455 2986 604 3091 εἴρηκας,
628 2993 755 3094 φησὶν,
777 2989 824 3068 ’ότι
852 2987 1023 3083 βασιλεύς
1052 2995 1120 3095 εἰμι
1149 2986 1228 3090 ἐγώ.
1270 2983 1358 3066 &wie

76 3133 116 3174 ²0
128 3141 171 3208 γε
193 3142 250 3188 τοι
275 3111 366 3190 τοῦτο
391 3112 632 3213 γεγεννῆσθαί
651 3146 689 3192 τε
715 3115 773 3192 καὶ
797 3112 991 3218 ἀφικέσθαι
1015 3113 1130 3217 φησὶν
1155 3119 1201 3197 εἰς
1224 3107 1327 3190 τόνδε

127 3231 296 3330 δηλονότι
321 3231 373 3313 τόν
393 3233 525 3340 κόσμοι,
545 3234 604 3314 ὅτε
627 3234 773 3337 γέγονεν
791 3235 991 3337 ἅνθρωπος,
1006 3234 1062 3314 ’ίνιι
1080 3235 1271 3340 μαρτυρήσῃ
1289 3269 1326 3340 τη

126 3351 280 3464 ιἰληόείηι,
304 3357 499 3455 τουτέστιν,
522 3358 580 3437 ἵνα
607 3368 670 3438 τοῦ
699 3356 839 3458 κόσμου
866 3356 909 3438 τὸ
936 3362 1071 3464 ψεῦδος
1098 3354 1243 3464 ἐξελὼν,
1267 3358 1326 3436 καὶ

126 3475 194 3556 τόν
217 3476 261 3584 ἐξ
282 3477 421 3580 ἀπάτης
446 3480 720 3584 τυραννήσαντα
748 3482 1005 3589 καταστρέψας
1030 3483 1191 3581 δαίμονα,
1208 3488 1321 3575 βασι·

126 3600 310 3681 λεύουσαν
336 3609 408 3683 τῶν
436 3603 535 3684 όλων
561 3605 719 3713 ἐπιδείξῃ
746 3602 813 3705 τὴν
839 3603 1025 3706 ἀλήθειαν,
1056 3604 1232 3704 τουτέστι,
1259 3603 1326 3704 τὴν

74 3750 112 3810 ²⁵
126 3725 273 3823 ἀληθῶς
291 3760 330 3805 τε
348 3730 407 3807 καὶ
426 3734 590 3834 φυσικῶς
607 3729 785 3824 βασιλίδα
803 3731 927 3835 φύσιν,
946 3727 970 3836 ᾖ
995 3732 1055 3809 καὶ
1073 3728 1115 3810 τό
1135 3729 1325 3834 κατάρχειν

125 3846 304 3928 δυ’νασθαι
323 3853 381 3929 καὶ
399 3859 539 3954 κρατεῖν
558 3853 710 3955 οὐρανοῦ
728 3887 767 3933 τε
785 3857 844 3932 καὶ
870 3858 937 3956 γῆς
960 3857 1019 3934 καὶ
1042 3852 1177 3935 παντὸς
1200 3853 1322 3958 ἀπαξ-

123 3979 254 4056 απλῶς
284 3982 349 4053 τοῦ
379 3976 639 4079 παροιοθέντος
667 3983 715 4061 εἰς
755 3978 906 4081 γένεσιν,
944 3979 1008 4058 οὐκ
1044 3980 1084 4057 ἐκ
1113 3976 1324 4082 πλεονεξίας

121 4094 351 4198 πεπόρισται,
371 4099 456 4178 ἀλλ’
481 4098 562 4179 οὐδὲ
589 4098 743 4182 ἐπακτόν
770 4097 793 4202 ἢ
822 4101 965 4208 ἔξωθεν,
989 4102 1172 4182 οόσιωδῶς
1199 4098 1237 4179 δέ
1265 4101 1324 4178 καὶ

121 4228 290 4328 φυσικῶς
314 4223 517 4329 ε’νυποίρχον
539 4223 715 4330 φαίνεται.
754 4225 813 4305 ίνα
837 4225 875 4304 δὲ
900 4224 1014 4305 πάλιν
1036 4220 1206 4330 ἀποφήνῃ
1230 4227 1360 4325 xpc-d

69 4375 109 4434 30
121 4342 213 4430 στὸς
238 4343 293 4426 ότι
318 4349 382 4444 τῆς
407 4343 570 4426 Πιλάτου
598 4345 790 4448 δυσηκοΐας
816 4347 882 4428 οὐκ
908 4345 1066 4449 ἠγνόησε
1091 4345 1134 4427 τό
1159 4345 1324 4451 σκληρόν

340 4581 381 4631 24.
399 4587 430 4634 τη
443 4563 551 4634 ἀληθείη
565 4563 597 4620 Ε.
1013 4563 1056 4622 26.
1075 4587 1103 4620 τε
1116 4583 1170 4621 om.
1184 4565 1216 4621 Ε.
