3280 5142
138 347 282 432 xvii.24.
331 350 389 415 IN
417 351 449 415 S.
475 351 731 418 JOANNEM.
778 352 873 419 LIB.
893 353 955 420 XI.
999 353 1203 420 cAP.x11.
1324 352 1343 413 5

141 618 262 708 Πάτερ,
295 621 353 685 οῦς
385 620 534 688 δέδωκάς
568 645 635 703 μοι,
667 623 755 689 θέλω
786 623 839 688 ἵνα
870 623 953 689 ὅπου
984 620 1045 700 εἰμὶ
1074 623 1140 697 ὲτὼ
1168 621 1221 687 καὶ
1248 620 1393 690 5510524

192 740 255 810 ὦοι
282 745 348 821 μετ’
372 747 463 823 ἐμοῦ·
497 747 551 814 ἵνα
579 749 730 837 θεωρῶοι
756 747 815 815 τίιν
843 747 942 817 δόξαν
968 749 1028 815 τιλν
1054 747 1147 830 ἒμῦν,
1171 749 1210 814 ῦν
1237 746 1341 814 δέδω-

193 870 253 934 κάο
280 893 347 955 μοι,
372 874 425 939 ὅτι
451 873 620 948 ιἰτάπιιαάο
647 897 687 950 με
714 875 778 964 πρὸ
806 881 989 954 καταβολῆς
1016 874 1149 952 κόσμου.

197 1059 465 1167 Ἐπευξάμενος
495 1070 569 1147 τοῖς
596 1064 723 1144 ἑαυτοῦ
750 1069 936 1165 μαθηταῖς,
973 1070 1118 1164 μᾶλλον
1154 1061 1192 1144 δὲ
1222 1059 1341 1144 ἅπασι

109 1191 218 1272 5τοῖς
244 1194 463 1289 προσιοῦσιν
481 1189 576 1295 αὐτῷ
603 1184 662 1266 διὰ
689 1191 753 1287 τῆς
779 1187 948 1287 πίστεως,
966 1186 1160 1295 ἐξαιτήσας
1181 1222 1220 1267 τε
1241 1183 1341 1291 παρὰ

144 1309 293 1413 Πατρός
311 1309 468 1418 ὑπάρξαι
489 1312 556 1410 τὴν
574 1312 704 1392 ἕνωσιν
722 1314 780 1392 καὶ
804 1309 949 1414 ἀγάπην
967 1315 1026 1392 καὶ
1049 1311 1242 1414 ἁγιασμόν,
1260 1315 1334 1394 ε’πι·
1352 1315 1374 1380 d

142 1435 246 1540 φόρει
272 1441 493 1540 παραχρῆμα
522 1439 732 1517 καὶταῦτα·
773 1437 839 1541 οὐχ
867 1435 994 1539 ἑτέρων
1021 1433 1110 1518 εἶναι
1136 1434 1271 1521 δεικνὺς
1298 1435 1341 1517 τό

142 1559 307 1639 συνεῖναί
329 1593 368 1638 τε
393 1562 490 1669 αὐτῷ
512 1563 571 1641 καὶ
589 1559 781 1667 ἀξιοῦσθαι
805 1559 954 1656 βλίπειυ
971 1557 1024 1654 τῗμ
1052 1555 1151 1668 θόξαν
1178 1559 1340 1662 αῦτοῦ,ἣ

141 1688 216 1762 τῶν
234 1683 437 1764 ἑνωθέντων
454 1720 492 1766 τε
519 1684 587 1786 ἤδη
614 1686 658 1764 δι’
678 1686 787 1766 αὐτοῦ
812 1691 864 1793 τῷ
883 1688 1002 1789 Πατρὶ
1030 1688 1088 1765 καὶ
1115 1689 1179 1786 τῆς
1197 1682 1340 1788 ἀγάπης

89 1847 129 1889 ιο
141 1807 400 1913 τετυχηκότων,
429 1808 471 1910 ἧς
505 1807 550 1890 ἀν
579 1812 638 1890 καὶ
667 1807 772 1894 αὐτὸς
802 1809 895 1915 ἔχειν
927 1817 1043 1890 νοοῖτο
1071 1809 1171 1914 παρὰ
1204 1812 1336 1913 Πατρί.

141 1930 359 2034 ἠγαπήμεθα
392 1931 464 2036 γὰρ
492 1935 541 2019 ὡς
573 1937 640 2015 υἱοὶ
673 1934 756 2014 καθ’
786 1931 978 2034 ὁμοιότητα
1010 1941 1075 2014 τοῦ
1104 1931 1195 2014 κατά
1226 1934 1340 2041 φύσιν

141 2059 202 2134 καὶ
227 2058 373 2157 άληθῶς
391 2061 491 2138 Υἶοῦ.
527 2063 557 2137 εἰ
584 2055 657 2161 γάρ
676 2059 734 2138 καὶ
757 2056 807 2158 μὴ
832 2058 870 2136 ἐν
890 2055 962 2164 ’ίσιρ
980 2055 1097 2166 με’τριρ
1114 2055 1234 2164 τυχόν,
1253 2059 1338 2137 ἀλλ’

141 2181 169 2281 ἦ
184 2214 227 2283 γε
242 2179 528 2284 τοῦπράγματος
547 2179 790 2286 ἀκριβεστάτη
808 2183 970 2281 μίμησις,
983 2182 1341 2288 συμπαρατρέχουσά

141 2339 220 2388 πως
247 2311 299 2413 τῷ
326 2304 418 2386 κατὰ
445 2305 626 2407 ἀλήθειαν,
644 2305 710 2406 τὴν
734 2307 866 2386 ἐκείνου
889 2304 1085 2386 πλάττεται
1106 2304 1228 2415 δόξαν.
1257 2305 1340 2389 θίλιι

91 2461 127 2520 15
141 2437 335 2533 τοιγαροῦν
353 2426 382 2509 ὦ
401 2429 513 2538 Πάτερ
532 2433 649 2537 φησὶν
663 2431 700 2511 ’ἵν’
721 2435 754 2511 οἱ
779 2427 871 2510 κατὰ
894 2427 1078 2533 πρόσοδον
1101 2429 1169 2532 τὴν
1193 2431 1251 2512 διὰ
1276 2438 1339 2533 τῆς

140 2554 300 2638 πίστεως
324 2558 383 2634 καὶ
402 2553 459 2634 διὰ
477 2555 716 2661 φωταγωγίας
740 2558 804 2654 τῆς
820 2552 920 2658 παρὰ
945 2561 1016 2634 σοῦ
1041 2554 1227 2658 γεγονότες
1251 2560 1338 2657 ἐμοὶ,

140 2683 215 2784 μετ’
241 2679 319 2785 ἐμοῦ
344 2713 383 2760 τε
406 2675 474 2758 εἶεν
493 2682 552 2758 καὶ
576 2677 630 2774 την
652 2675 730 2785 ἒμῆν
748 2677 918 2774 βλέπωσι
938 2675 1044 2785 ἀίξαι.
1079 2679 1169 2759 ὅσον
1192 2679 1230 2760 δὲ
1252 2677 1338 2762 εἶναι

141 2801 308 2902 διόσομεν
336 2801 485 2905 ἀγαθόν,
504 2802 546 2883 τὸ
575 2797 643 2882 καί
660 2805 757 2910 αὐτῷ
783 2809 942 2883 συνεῖναι
969 2805 1020 2911 τῷ
1048 2807 1211 2913 Χριστῷ,
1239 2813 1338 2892 ποΐος

140 2923 187 3005 ἂν
205 2927 289 3026 ἡμῖν
307 2927 512 3033 ἐκκαλύψαι
530 2924 663 3030 λόγος;
689 2925 786 3030 ε’ίπερ
805 2929 843 3006 ἐν
861 2924 1026 3031 ἀῤῥήτοις
1044 2927 1202 3026 ἐσόμεθα
1219 2936 1335 3032 θυμη-

91 3089 128 3130 20
141 3051 243 3149 δίαις,
258 3056 317 3131 καὶ
333 3052 526 3158 ὀφθαλμός
541 3050 606 3151 μὲν
625 3052 689 3131 οὐκ
707 3047 807 3149 εἶδεν,
820 3051 879 3134 οῦς
899 3050 936 3132 δὲ
955 3052 1019 3132 οῦκ
1037 3052 1178 3153 ἤκουσε,
1198 3057 1256 3133 καὶ
1275 3057 1339 3135 οῦκ

1387 3172 1469 3223 ιῦοτ.
1482 3174 1508 3224 ii.

140 3175 340 3276 ἐνεθυμήθη
379 3184 471 3273 νοῦς,
508 3173 569 3254 “ἃ
604 3176 800 3275 ἡτοίμασεν
837 3177 858 3254 5
895 3173 989 3261 θεὸς
1033 3182 1107 3261 τοῖς
1147 3181 1339 3281 ἀγαπῶσιν
1384 3253 1407 3304 9·

141 3311 164 3348 “
180 3299 326 3379 αῦτόυ.”
361 3301 456 3384 τίνος
477 3299 549 3404 γάρ
568 3296 612 3379 ἀν
631 3303 689 3379 καὶ
714 3298 941 3402 προσδεήσαι
965 3299 1077 3405 τυχόν
1101 3309 1173 3382 τῶν
1191 3304 1336 3384 τελοῦν-

140 3459 215 3504 των
243 3429 293 3510 εἰς
320 3423 493 3528 ἀκράτους
521 3424 697 3526 εὐθυμίας,
715 3430 790 3508 τοῖς
817 3425 855 3503 οἵ
878 3457 920 3525 γε
948 3423 1187 3528 κεκλήρωνται
1215 3425 1257 3507 τό
1281 3431 1340 3507 καὶ

141 3551 239 3658 αὐτῷ
263 3556 421 3630 συνεῖναι
444 3552 497 3657 τῷ
514 3546 660 3630 πάντων
680 3548 841 3654 δεσπότῃ
860 3551 1036 3656 Χριστῷς
1066 3549 1180 3630 καίτοι
1204 3551 1339 3636 παντός
1352 3579 1507 3636 ιι1004Α.

93 3697 128 3758 ²5
141 3672 305 3780 ἀξιώσας
340 3672 521 3773 θαύματος
558 3671 601 3752 τό
637 3677 760 3778 χρῆμα
791 3674 1031 3779 φαίνεταικαὶ
1063 3673 1169 3758 αι’ντὸς
1201 3676 1285 3776 ἡμῖν
1318 3677 1338 3754 5

140 3795 261 3904 σοφός
283 3831 322 3876 τε
345 3800 404 3876 καὶ
431 3795 619 3900 ἱερώτατος
642 3802 804 3880 Παῦλος·
845 3803 1004 3899 κρεῖττον
1030 3795 1112 3899 γὰρ,
1139 3799 1237 3904 φησί
1264 3797 1338 3879 “τὸ
1384 3803 1477 3932 ξὲξῦθ·

141 3931 164 3968 “
181 3923 364 4000 ἀναλῦσαι
383 3923 439 4000 καὶ
459 3918 529 4000 σῦν
547 3923 700 4027 Χριστῷ
718 3918 837 4001 εἶναι.”
872 3921 892 3999 5
910 3919 948 3999 δὲ
968 3923 1026 4000 καὶ
1044 3924 1107 4019 τῆς
1125 3924 1163 4000 ἐν
1181 3925 1269 4030 τῷδε
1288 3931 1339 4030 τῷ

140 4046 211 4155 βίιρ
243 4045 335 4150 ζωῆς
367 4041 408 4125 τό
441 4043 587 4151 ἀξίωμα
614 4047 791 4147 προτιθεὶς
818 4047 915 4124 τουτὶ
951 4042 993 4122 τὸ
1020 4043 1114 4145 μίγα
1142 4049 1200 4125 καὶ
1232 4047 1336 4152 ἀξιά-

140 4206 298 4275 γαστον,
319 4177 396 4256 πῶς
416 4172 479 4252 οὐκ
497 4168 635 4271 ἀληθὴς
658 4167 869 4271 εἰσβήσεται
886 4168 1031 4273 μάρτυς,
1051 4168 1105 4248 ότι
1124 4175 1196 4252 τοῖς
1215 4172 1339 4251 ἑαυτοῦ

96 4329 130 4384 30
140 4294 304 4399 γνησίοις
328 4292 494 4398 μεγάλην
521 4295 687 4395 ἀπονέμει
716 4299 779 4394 τῆς
806 4291 895 4398 πρὸς
924 4290 1032 4372 αὐτόν
1052 4295 1247 4379 συνουσίας
1274 4294 1339 4397 τὴν

176 4549 203 4600 9.
219 4549 261 4584 10.
281 4530 322 4584 καὶ
335 4528 501 4600 fjx-nami
514 4538 651 4600 assumpta
666 4546 698 4585 ex
712 4529 735 4584 Ε
748 4528 778 4599 (ιι
790 4527 867 4597 πατρὶ
880 4525 914 4582 ad
926 4528 1005 4597 πατρί
1017 4529 1178 4585 transiliente
1191 4540 1237 4586 aut
1251 4529 1280 4586 F.
1292 4539 1339 4586 aut

144 4601 251 4671 luiba).
398 4616 438 4654 12.
458 4598 570 4668 ἀληθοῦς
584 4598 616 4654 Ε.
759 4613 802 4670 27.
821 4602 926 4671 Χριστῷ
941 4599 972 4654 Ε.
987 4602 1044 4671 Θεῷ
1058 4599 1109 4654 Ed.
