3284 5130
125 333 191 400 xix.
206 334 258 415 28,
273 355 325 423 29.
399 334 457 400 IN
487 335 520 403 S.
544 335 566 399 J
572 333 805 401 OANNEM.
850 333 948 400 LIB.
972 332 1054 400 XII.
1286 335 1330 400 93

124 502 237 581 ἐκεῖνο
255 501 300 600 δὴ
320 501 485 599 μάλιστα
507 506 631 603 καιροῦ
649 498 970 605 συνταραττοιίσας
988 498 1099 600 αὐτὴν
1116 498 1252 584 ἐννοίας
1271 501 1328 580 ε’πί

124 627 178 733 τῷ
195 626 301 733 τιμίῳ
320 631 491 733 σταυρηῖς
521 623 620 708 εἰδῖος
638 625 702 705 οὖν
713 624 783 728 ἄρα
794 622 877 709 τοιίς
893 627 931 704 ἐν
946 626 1034 730 αὐτῇ
1054 621 1326 726 διαλογισμοὺς,

124 750 266 856 ἀρίστῳ
293 755 526 857 μυσταγωγῷ
553 749 744 852 παρεδίδου
771 753 823 855 τῷ
850 753 1006 855 μαθιμῄ,
1025 748 1067 829 τδ
1089 757 1154 829 τοῦ
1181 783 1326 849 μυστη-

123 872 205 975 ρίου
225 869 341 962 βάθος
368 874 610 976 ἐκδιηγεῖσθαι
633 877 753 956 καλῶς
775 905 814 953 τε
842 874 901 952 καί
922 872 987 952 οιίκ
1008 872 1182 957 ἀνικάνως
1199 872 1363 977 ἔχοντιιί

93 994 246 1104 εσυφδς
274 993 347 1099 γὰρ
374 994 419 1096 ἦν
446 995 558 1079 ὄντας
586 997 644 1075 καί
672 992 856 1098 θεολόγος,
884 993 923 1080 ἰις
952 999 1011 1077 καί
1035 996 1177 1103 δέχεταί
1203 1031 1240 1076 τε
1268 1000 1326 1077 καί

123 1119 330 1224 ἀποκομίζει
348 1120 496 1226 χαίρων,
512 1126 638 1201 πᾶσαν
660 1121 718 1201 ἐπ’
738 1121 828 1224 αὐτῆ
846 1120 1056 1225 πληρώσειν
1074 1129 1138 1202 τοῦ
1158 1125 1327 1226 Σωτῆρος

125 1241 194 1344 τὴν
211 1245 407 1344 βούλησιν.

121 1461 219 1528 Μετὰ
238 1467 338 1528 τοῦτο
350 1462 480 1529 Ἰιιοοΰι
499 1459 579 1528 ἰδὼν
598 1462 661 1529 ιίδιι
680 1466 730 1530 ὅτι
748 1463 856 1529 πάντα
875 1463 1073 1543 τετέλεσται,
1091 1462 1144 1528 ἰνα
1163 1467 1324 1554 τελειωθῇ
1343 1469 1382 1526 28

176 1588 197 1652 ιί
226 1588 348 1677 τραφιί,
374 1589 462 1663 λέγει
486 1588 594 1668 Διψῶ.
629 1593 745 1656 οκεῡοι
770 1590 880 1656 ἔκειτο
906 1588 1005 1657 ὄξους
1031 1589 1161 1666 μεστόν·
1188 1589 1327 1667 σαόιτον
1345 1611 1383 1670 ²9

79 1738 114 1780 ιο
174 1711 233 1780 οὗν
260 1714 380 1790 μεστὸν
406 1714 503 1784 ὄξους
530 1713 674 1801 ὑσσώπῳ
696 1715 885 1804 περιθέντες
907 1714 1133 1804 προσήνεικαν
1156 1716 1255 1781 αὐτοῦ
1278 1718 1327 1801 τῷ

176 1841 326 1917 στόματι.
1341 1854 1360 1899 e

183 2005 478 2110 Παιληρωμένης
503 2004 650 2108 ἁπάσης
677 2005 846 2101 ἀσεβείας
873 2009 931 2088 ἐπὶ
958 2011 1112 2114 Χριστῷ
1135 2005 1234 2110 παρὰ
1262 2011 1325 2106 τῆς

121 2138 198 2211 τῶν
216 2133 398 2212 Ἰουδαίων
416 2129 659 2231 ἀνοσιότητος,
686 2135 745 2212 καί
772 2131 903 2212 λοιπὸν
928 2133 1158 2216 ἐλλείποντος
1185 2129 1327 2216 οὐδενὸς

121 2262 174 2341 εἰς
192 2255 235 2335 τὸ
254 2255 447 2360 φαίνεσθαι
468 2256 612 2340 τελείως
638 2255 794 2361 ἔχουσαν
813 2255 879 2356 τῆν
900 2255 988 2359 ὑπὲρ
1007 2253 1122 2359 λόγον
1140 2254 1322 2357 ὠμότητα,

78 2414 110 2474 15
121 2377 262 2486 πάσχει
281 2414 316 2459 τι
333 2379 448 2460 πάλιν
465 2383 503 2459 ἐν
520 2379 733 2465 τελευταίοις
751 2381 773 2481 ἡ
792 2379 896 2488 σὰρξ
910 2379 1000 2460 ἰδιὸν
1016 2412 1056 2462 τε
1074 2381 1133 2461 καί
1151 2378 1321 2487 φυσικόν·

122 2501 325 2612 εἰσδέχεται
349 2503 421 2608 γάρ
445 2503 487 2585 τὸ
511 2507 624 2612 διψῆν
651 2511 729 2590 ταῖς
756 2502 999 2608 πολυτρόποις
1026 2505 1153 2587 αἰκίαις
1175 2503 1327 2611 ξηρανο-

122 2623 228 2729 μένη.
256 2633 363 2710 δεινοί
376 2628 448 2733 γὰρ
466 2634 499 2708 οἰ
517 2626 621 2710 πόνοι
638 2626 729 2731 πρὸς
747 2628 789 2709 τὸ
807 2631 1013 2733 ἀναγκῖισαι
1033 2632 1156 2736 διψῆν,
1178 2628 1326 2737 ἐμφθτιρ

122 2755 196 2834 τινί
223 2757 281 2833 καί
306 2751 485 2862 ἀφρόστιρ
508 2750 696 2854 θερμότητι
724 2749 790 2853 τὴν
817 2755 932 2861 ἐντῷ
959 2749 1064 2848 βάθει
1091 2756 1322 2838 δαπανῶντες

124 2875 270 2977 ἰκμάδα,
293 2881 352 2957 καί
379 2876 562 2980 διαπύροις
588 2880 663 2957 τισί
690 2884 921 2981 προσβολαῖς
950 2875 993 2959 τὸ
1024 2885 1089 2958 τοῦ
1117 2876 1325 2983 πιίσχοντος
1339 2898 1498 2956 olom.

73 3029 112 3069 20
124 3000 342 3085 διακαίοισες
371 3000 602 3106 σπλάγχνον.
642 2998 688 3101 ἦν
708 3001 773 3100 μέν
791 3001 863 3105 γὰρ
883 3003 926 3082 οὐ
948 2999 1112 3107 χαλεπὸν
1128 3007 1181 3109 τῷ
1207 2999 1327 3082 πάντα

124 3123 292 3230 ἰσχύοντι
309 3130 393 3232 θεῷ
411 3122 521 3232 Λόγῳ
539 3125 750 3224 ἀποστῆσαι
769 3127 827 3205 καί
846 3134 953 3206 τοῦτο
976 3129 1041 3226 τῆς
1060 3127 1150 3210 ἰδίας
1175 3124 1323 3230 σαρκὸς,

123 3250 212 3328 ἀλλ’
232 3246 358 3352 ὥσπερ
383 3248 473 3330 ἐκάιν
491 3251 601 3358 ἐφῆκε
628 3254 755 3330 παθεῖν
773 3247 819 3331 τά
838 3250 950 3353 ἕτερα,
968 3247 1105 3356 ποίσχει
1133 3253 1191 3330 καί
1220 3259 1326 3330 τοῦτο

123 3374 210 3452 καθ’
240 3372 403 3453 ἐκοιίσιον
430 3373 623 3475 βούλησιν.
661 3375 788 3454 οὐκοῦν
815 3373 926 3478 ἐζήτει
953 3382 1059 3455 πιεῖν.
1099 3381 1133 3456 οἰ
1161 3373 1198 3455 δέ
1230 3372 1328 3476 ἦσαν

123 3497 240 3580 οὕτως
271 3499 584 3605 ἀφιλοικτίριιονες
619 3498 676 3578 καί
707 3495 851 3600 ἀγάπης
880 3502 944 3598 τῆς
973 3498 1145 3604 φιλοθέου
1173 3497 1326 3604 μακράν,

71 3645 109 3706 ²5
125 3621 176 3704 ὡς
195 3622 274 3700 ἀντὶ
292 3627 404 3701 ποτοῦ
424 3619 627 3727 πεφυκότος
653 3624 817 3728 ὠφελεῖν,
835 3618 877 3703 τὸ
896 3623 1039 3702 ἀδικοῦν
1056 3623 1247 3721 ἐπιδοῦναι,
1268 3625 1325 3702 καί

122 3743 341 3847 προσθήκην
359 3748 527 3839 ἀσεβείας
555 3749 614 3826 καί
639 3744 726 3826 αὐτὸ
748 3750 812 3846 τῆς
834 3745 977 3848 ἀγάπης
1000 3744 1043 3826 τὸ
1070 3750 1191 3852 χρῆμα
1219 3746 1323 3847 ποιή·

122 3874 280 3951 σασθαι.
320 3868 362 3951 τὸ
389 3867 461 3974 γάρ
484 3867 578 3954 ὅλως
606 3874 762 3952 αἰτοῦντι
789 3877 1052 3974 προσενεγκεῖν,
1071 3877 1148 3955 πῶς
1175 3872 1256 3978 οῠχί
1283 3868 1361 3952 τδίι

161 4108 190 4163 9.
193 4089 361 4174 „amq-{-
332 4088 484 4156 ÷.thd
498 4089 629 4146 ἰανίιοΕ.
751 4107 802 4144 ιτ-
803 4106 836 4160 τ3
854 4089 937 4145 citant
950 4089 1034 4146 Cone.
1049 4087 1171 4145 Cenat?
1155 4089 1191 4144 υἰ.
1204 4089 1323 4146 Actiox.

123 4163 158 4232 (t.
174 4161 218 4216 vii.
232 4161 285 4234 838
301 4160 343 4216 ed.
355 4159 427 4230 col)
446 4170 472 4217 et
491 4160 606 4217 Severus
625 4159 693 4216 cod
711 4159 784 4215 Add.
800 4161 885 4232 12158
900 4161 990 4216 Musei
1003 4160 1151 4216 Britannici
1169 4177 1247 4231 ιεερε
1263 4170 1324 4216 ante

123 4233 172 4288 εἰι.
185 4232 233 4288 sol.
249 4249 291 4304 73.
304 4241 331 4288 ιι
341 4233 370 4286 ἰα
384 4231 408 4286 E
416 4161 517 4288 λιιοίιι
531 4230 1365 4322 cod.Add.13200f01.19.mammone.

125 4320 171 4376 13
190 4303 449 4360 ι’λλιλοιπότοιιι
616 4321 657 4373 ιι.
675 4244 817 4374 φαίνεσθαι
829 4302 938 4372 τελλ.
952 4299 1110 4357 hocordine
1123 4299 1207 4357 Cone.
1219 4301 1325 4358 favento

122 4373 556 4536 βῖἰζίἓΜΨΜίξὶξῖ
558 4322 735 4516 δίζω...
750 4372 859 4516 ιίλίἶ
880 4323 966 4514 ἰίἰ
966 4370 1190 4514 ἰδιίοδὲι.
1203 4374 1327 4532 affl}

124 4515 240 4658 ρδιῆιιὲι
247 4513 298 4572 Ed.
419 4531 462 4571 22.
480 4537 544 4571 em
554 4523 752 4585 assumptum
771 4513 855 4571 eone.
869 4513 940 4570 Οιιι.
954 4513 1062 4570 Severo.
1181 4531 1225 4586 τ3.
1242 4517 1326 4572 ποιεῖν

140 4605 180 4644 uc
