3268 5130
160 445 288 512 [³⁶³1]

194 1527 236 1584 37
251 1525 299 1584 Π.

199 2291 250 2325 ver.
261 2283 299 2339 ιγ.

195 2655 246 2690 νοτ.
259 2641 297 2691 18.

198 2769 249 2805 νοτ.
263 2768 300 2820 ¹9·

314 339 379 402 228
431 338 470 402 B.
493 338 682 404 CYRILLI
708 336 973 402 ALEXANDR.
1001 336 1285 402 FRAGMENTA
1333 335 1376 400 ix.
1393 349 1507 417 15-19.

313 517 362 598 ὡς
390 512 494 613 θεὸς,
523 514 593 621 ἔφη
624 513 697 617 γάρ
725 549 797 596 που
824 513 916 618 πρὸς
942 515 1106 598 Μωυσέα
1130 515 1278 609 Ἐλεῆτω
1302 513 1335 594 ’ῦι
1359 509 1400 592 ἀοι
1423 509 1511 592 ἐλεῶ

314 644 374 717 καὶ
395 641 578 746 οἰκτειρήσω
593 640 625 720 δι
643 638 684 720 θον
703 641 857 748 οἰκτείρω,
868 645 945 722 πῶς
962 639 1029 743 οὐχ
1047 636 1194 738 ἀπάσης
1212 636 1315 716 ἕσται
1333 638 1508 733 διαβολῆς

312 759 411 845 ε’κτῦς
438 760 480 841 τὸ
512 767 660 868 χρῆμα;
699 761 981 866 προαναθρήσας
1009 761 1047 842 δὲ
1076 758 1174 860 οἶμαι
1200 766 1333 865 σαφῶς
1361 760 1381 838 5
1412 757 1505 839 ἀπό-

312 893 448 969 στολος
478 888 526 969 ὡς
559 885 654 990 τοίχα
682 921 753 966 που
782 885 970 985 οἶήσονταί
996 918 1087 970 τινες
1117 883 1268 983 νεύμασι
1297 889 1371 966 τοῖς
1402 883 1508 965 θείοις

313 1004 395 1092 τοῦς
421 1007 486 1108 μὲν
507 1005 593 1088 εἶναι
620 1007 788 1113 ἀγαθούς,
816 1007 898 1093 τοῦς
926 1008 963 1090 δὲ
991 1011 1155 1105 ἀπειθεῖς,
1174 1008 1373 1110 ἀναγκαίως
1400 1005 1542 1091 αῦτὸς5

312 1132 549 1238 ἀνθτπτοφέρει
573 1132 620 1214 τά
645 1134 684 1214 ἐκ
708 1137 772 1233 τῆς
797 1135 936 1214 ἐκείνων
957 1133 1111 1232 ἀμαθίας
1135 1133 1197 1211 καί
1217 1139 1333 1237 φησιν
1345 1129 1436 1240 ‘Apa
1456 1127 1508 1211 οῦν

314 1261 348 1336 οῦ
372 1260 428 1338 τοῦ
449 1255 593 1343 θέλοντος
613 1251 683 1337 οὐδὲ
704 1259 760 1338 τοῦ
777 1254 945 1363 τρίχοντος
963 1253 1067 1336 ἀλλά
1084 1259 1140 1338 τοῦ
1167 1257 1330 1341 ἐλεοῦντος
1349 1255 1444 1335 Θεοῦ·
1476 1259 1508 1334 εἰ

311 1379 383 1485 γάρ
401 1379 445 1482 δὴ
463 1381 656 1481 μεμίσηται
674 1378 739 1480 μὲν
758 1381 777 1459 5
795 1381 921 1459 Ἡσαῦ
939 1383 998 1459 καὶ
1015 1380 1100 1481 πρίν
1117 1413 1152 1460 τι
1171 1378 1304 1482 δράσαι
1318 1385 1390 1458 τῶν
1407 1377 1503 1484 φαύ·

311 1514 399 1602 λων,
414 1507 597 1604 τετίμηται
615 1503 653 1583 δὲ
672 1507 730 1585 καὶ
747 1502 819 1608 πρὸ
838 1507 901 1601 τῆς
919 1508 969 1588 είς
986 1499 1029 1584 τῦ
1047 1499 1134 1583 εἶναι
1150 1499 1310 1606 παρόδου
1329 1499 1506 1597 ὁἸακῶβ,

311 1630 404 1708 ε’λεεῖ
428 1627 467 1707 δὲ
491 1629 604 1707 πάλιν
632 1626 692 1710 οῦς
717 1628 820 1725 ε’λεεῖ,
843 1633 921 1711 πῶς
948 1627 1012 1706 οῦκ
1038 1629 1149 1707 ε’κεῖυο
1176 1625 1307 1707 λοιπὸν
1333 1631 1508 1727 περινοεῖν
1524 1651 1564 1693 10

311 1751 428 1858 ἀξιον,
461 1754 510 1834 ῶς
539 1748 640 1830 οὐδὲν
667 1751 827 1850 ὀνίνησιν
855 1751 876 1829 5
901 1751 1037 1855 τρέχων
1066 1748 1090 1852 ἣ
1119 1748 1248 1847 θέλων,
1271 1748 1457 1830 τουτέστιν
1486 1749 1508 1825 5

312 1873 445 1978 δράσαι
467 1909 501 1954 τι
522 1880 595 1952 τῶν
613 1875 760 1975 ἀγαθῶν
777 1872 1080 1974 προθυμούμενος,
1101 1871 1302 1978 ἀπήρτηται
1328 1870 1365 1953 δὲ
1387 1869 1509 1952 πάντα

311 1995 358 2076 τά
375 1998 457 2077 καθ’
477 1999 570 2097 ἡμᾶς
587 2003 660 2076 τῶν
678 1995 777 2099 παρὰ
795 2002 892 2077 Θεοῦ
910 1996 1115 2097 νευμάτων,

367 2116 458 2201 Εἶτα
479 2123 615 2205 τούτοις
633 2123 840 2224 ε’πισωρειίει
867 2124 925 2201 καὶ
952 2119 998 2201 τά
1026 2125 1303 2225 προσεμπεδοῦν
1330 2117 1509 2217 δυνάμενα

310 2241 378 2343 τὴν
405 2245 462 2324 ε’πῦ
486 2248 576 2351 τφδε
603 2243 715 2351 δόξαν
732 2245 794 2324 καί
817 2250 912 2352 φησι
930 2241 1031 2346 Λέγει
1054 2242 1159 2353 γάρη
1181 2239 1299 2352 γραφῦρ
1321 2252 1369 2352 τῷ
1385 2240 1507 2348 Amo)
1526 2271 1565 2330 Ῑ5

310 2365 357 2446 ’ίτι
396 2375 443 2454 εἰς
474 2365 554 2448 αῦτῦ
588 2371 677 2448 τοῦτο
711 2366 861 2476 ἕξῆγειροί
892 2403 932 2448 σε
965 2368 1057 2454 ’ίπας
1089 2363 1279 2474 ἐνδείξωμαι
1310 2367 1341 2446 ἓν
1370 2374 1422 2446 σοί
1452 2362 1509 2458 τῦμ

310 2488 445 2598 δύναμίν
465 2519 545 2596 μου·
582 2490 806 2594 προσεπάγει
830 2486 869 2568 δὲ
893 2488 1031 2575 τούτοις
1054 2487 1096 2570 τῦ
1123 2491 1228 2569 οἱονεὶ
1258 2488 1510 2592 συμπέρασμα

308 2622 372 2694 τοῦ
398 2615 533 2700 παντὸς
560 2614 820 2718 προβλήματος
847 2615 910 2694 καί
932 2621 1048 2719 φησιν
1060 2610 1152 2722 ‘Apa
1176 2610 1226 2693 οῦν
1243 2613 1275 2693 δι
1293 2609 1378 2692 θίλει
1408 2612 1507 2704 ἐλεεῖ,

309 2739 342 2818 δν
361 2734 397 2818 δὲ
421 2735 505 2819 θίλει
532 2737 712 2844 σκληρύνει·
747 2739 825 2846 ε’ρεῦς
850 2735 898 2819 οῦν
919 2773 977 2843 μοι
995 2739 1040 2818 Τί
1063 2736 1110 2816 ίτι
1135 2733 1339 2844 μέμφεταις
1368 2743 1415 2844 τῷ
1438 2735 1510 2842 γῦιρ

310 2863 503 2968 βουλήματι
533 2863 633 2942 αὑτοῦ
660 2864 711 2946 τίς
739 2859 936 2956 &roez-mn
970 2861 1024 2944 τίς
1051 2860 1114 2940 οῦν
1140 2859 1212 2962 ἀρα
1239 2859 1389 2961 γε’γονεν
1411 2859 1510 2966 αύτῷ
1525 2887 1567 2930 20

310 2988 374 3083 τῆς
403 2985 602 3086 ἀπολογίας
629 2984 649 3063 5
676 2983 833 3087 τράπος;
876 2980 1095 3088 ἀσυμφονὴς
1124 2981 1191 3082 μὲν
1223 2983 1318 3080 λίαν,
1347 2985 1405 3062 καὶ
1434 2990 1510 3067 τοῖς

311 3109 393 3208 παρ’
420 3109 559 3186 ἐκείνων
585 3105 826 3209 προβλήμασι
853 3107 950 3213 τοίχα
975 3141 1047 3188 που
1073 3110 1132 3186 καὶ
1159 3105 1348 3204 ἐπαμύνειν
1378 3111 1506 3186 δοκῶν·

310 3228 411 3328 πλὴν
429 3232 599 3335 ἀποχρῶν
617 3235 665 3315 εἰς
691 3233 954 3336 πληροφορίαν,
972 3234 1020 3314 ῶς
1048 3230 1111 3310 οῦκ
1139 3228 1184 3308 ἀν
1211 3227 1349 3333 γε’νοιτό
1376 3263 1412 3309 τι
1436 3237 1511 3310 τῶν

310 3351 382 3457 ἔξω
405 3351 519 3455 λόγου
542 3361 606 3434 τοῦ
630 3353 828 3458 πρέποντος
849 3353 948 3457 παρὰ
968 3361 1073 3434 Θεοῦ·
1103 3352 1256 3451 διανέμει
1275 3351 1347 3456 γῦρ
1366 3354 1509 3462 ἑκάστῳ

310 3473 353 3554 τῦ
380 3473 517 3579 πρέπον
534 3477 642 3585 αὐτῷ,
662 3478 888 3581 κατοικτείρει
916 3512 956 3558 τε
983 3480 1042 3558 καὶ
1070 3478 1166 3557 ε’λεεῖ
1190 3474 1272 3561 τοῦς
1293 3474 1346 3561 οἷς
1369 3473 1416 3557 ἀν
1437 3478 1506 3579 ἀρ·
1525 3511 1566 3573 ²5

310 3595 424 3698 μύσαι
450 3599 492 3680 τὸ
513 3602 691 3680 ἐλεεῖσθαι
719 3603 801 3698 δεῖν,
821 3599 990 3707 ὑποφέρει
1017 3599 1056 3679 δὲ
1083 3601 1195 3684 δίκαις
1223 3598 1286 3679 τὸν
1314 3600 1510 3702 ἀλιτήριον,

311 3723 376 3803 οῦκ
408 3721 510 3806 εῦθῦς
543 3724 602 3804 καὶ
634 3723 727 3803 κατὰ
755 3721 850 3805 πόδα
886 3731 958 3804 τῶν
987 3721 1206 3822 αίτιαμάτων
1238 3723 1511 3823 ἀκολουθούσης

310 3846 432 3948 ὀργῆς,
456 3845 775 3950 προεισβαλούσης
803 3845 841 3927 δὲ
868 3854 1016 3945 μᾶλλον
1041 3853 1181 3948 μακρῶς
1209 3845 1439 3952 ἀνεξικακίας,
1460 3849 1511 3930 ὦς

311 3967 453 4049 οἴεσθαί
476 4003 549 4049 που
570 3967 669 4054 τινάς
697 3973 755 4050 καὶ
783 3972 977 4075 ἀφειδῆσαι
1004 3968 1135 4051 λοιπὸν
1163 3975 1236 4084 τῶν
1263 3970 1322 4048 ε’πὶ
1349 3972 1414 4068 τῆς
1440 3973 1511 4071 γῆς

270 4091 272 4096 ’
311 4091 375 4172 τὸν
406 4091 511 4174 Θεόν.
558 4091 744 4200 ἀντεξάγει
776 4091 820 4194 δὴ
851 4094 914 4174 οῦν
948 4095 969 4173 5
1007 4100 1167 4190 Παῦλος,
1197 4093 1256 4171 καὶ
1287 4098 1363 4176 τοῖς
1396 4094 1511 4172 ε’κεῖνα
1526 4127 1570 4185 3⁰

351 4247 373 4286 1.
392 4230 493 4300 ε’λεὴσω
506 4230 536 4286 δν
547 4231 578 4288 δν
589 4231 655 4286 ε’λεῶ
668 4249 721 4288 om.
734 4233 768 4287 A.
928 4248 954 4286 π.
972 4232 1047 4287 ἔσται
1059 4231 1185 4300 διαβολῆς
1196 4227 1280 4301 ε’κτδς]
1295 4230 1418 4299 διαβολῆς
1429 4232 1512 4302 τυχδτ

313 4300 384 4356 ἐκτὸς
396 4301 470 4355 ἔσται
482 4301 517 4356 A.
623 4302 649 4356 8.
663 4303 691 4356 δ’
707 4319 760 4356 om.
773 4303 807 4356 A.
851 4305 866 4356 ὁ
878 4311 1048 4373 assumptum
1060 4319 1092 4356 ex
1105 4303 1139 4355 A.
1245 4318 1271 4371 9.
1285 4301 1327 4354 καὶ
1339 4310 1512 4370 assumptum

314 4387 346 4424 ex
359 4370 394 4424 A.
421 4439 427 4452 ¹
520 4372 561 4426 18.
580 4371 662 4443 θίλει]
676 4325 708 4426 ἀν
719 4369 782 4439 θίλη
794 4372 829 4426 A.
956 4387 998 4440 25.
1017 4373 1068 4444 γὰρ
1081 4389 1130 4442 pro
1142 4393 1169 4425 τε
1181 4370 1216 4425 A.
1269 4368 1300 4424 ἂν
1311 4370 1424 4460 ἀρμύσαι
1437 4369 1512 4426 edidi

314 4447 376 4507 post
388 4438 491 4509 Migne.
504 4438 536 4495 δν
546 4441 648 4510 ἁρμόσῃ
661 4443 695 4495 A.
707 4441 850 4511 ἀναρμόσιιι
863 4441 915 4496 Εδ.
1034 4469 1036 4474 ⁸
1144 4439 1186 4495 26.
1205 4441 1250 4495 τδν
1261 4439 1395 4510 ἀλιτηριον
1406 4457 1461 4495 om.
1474 4441 1511 4497 A.

317 4523 360 4630 ἔξ
376 4509 463 4630 τδτφδοοχ
471 4511 510 4631 AA
552 4511 597 4567 τὰς
609 4511 795 4652 τιμοηχίαἨ
801 4511 993 4651 ἀκηλῐὲυφούσχρς
1000 4512 1084 4636 Am
1096 4511 1131 4566 A.
1144 4509 1264 4636 οέιῑαχίῐυ
1276 4509 1463 4581 προλαβυύσης
1474 4513 1512 4567 A.

354 4615 360 4628 ε
466 4616 473 4632 ε
513 4617 520 4634 ι
700 4621 705 4635 ι
796 4603 825 4636 W
915 4603 959 4637 Νπ
975 4603 989 4636 ν
1026 4621 1034 4638 ι
1087 4604 1132 4652 NJ?
1192 4621 1198 4635 τ
1238 4619 1245 4636 ι
1340 4623 1344 4630 ·
