3280 5142
317 322 361 386 88
602 321 641 388 B.
666 320 876 388 CYRILLI
905 319 1198 386 ALEXANDR.
1361 315 1452 382 xviii.
1469 333 1524 400 23.

268 556 493 648 ²3’Anexpion
521 558 610 645 αὐτῷ
637 561 655 626 ὁ
678 559 805 626 Ἰιισοῦο
834 555 870 624 Εἰ
898 557 1008 624 κακῶα
1033 557 1191 638 ἑλάλιιοα,
1212 557 1419 646 μαρτύρησον
1446 552 1524 642 περὶ

545 691 603 754 τοῦ
628 691 742 754 κακοῦ·
776 683 806 752 εἰ
833 686 869 753 δὲ
897 686 1018 768 καλῶς,
1043 683 1075 753 τί
1100 708 1141 763 με
1168 683 1294 775 δέρεις,

374 857 589 942 Ἀδικοῦντα
611 858 678 962 μέν
699 861 784 941 λίαν
804 857 944 966 ε’λέγχει
967 859 1032 941 τὸν
1050 857 1238 962 ὑπήρθην,
1257 860 1317 937 καὶ
1343 853 1441 959 ε’ίπερ
1469 887 1526 940 τις

319 981 366 1085 ἦν
395 986 416 1066 ὁ
444 985 647 1090 κρινόμενος
676 991 750 1067 τῶν
777 986 819 1066 οὐ
849 983 998 1092 σφόδρα
1027 988 1218 1086 λαμπρῶν.
1267 979 1418 1081 πλήττει
1447 977 1524 1082 γάρ

320 1109 502 1195 ἀσυνέτως
527 1108 569 1192 ἀν
588 1111 720 1212 ήκιστα
743 1113 847 1216 χρῆν,
866 1109 930 1190 οὐκ
955 1109 1143 1208 ε’κθελτμοις
1163 1105 1324 1213 ῥήμασιν
1341 1110 1390 1190 εἱς
1414 1113 1559 1188 τοῶτο5

150 1250 311 1310 loma
322 1235 554 1336 κεκινημένος,
572 1233 684 1340 ήγουν
702 1235 825 1339 ἑτέραν
842 1231 923 1315 τινά
942 1240 1007 1315 τοῦ
1026 1232 1185 1338 θράσους
1203 1233 1296 1337 έχων
1314 1228 1380 1332 τήν
1398 1232 1521 1336 ἀφορ·

320 1357 403 1460 μὴν,
432 1362 471 1440 ἐκ
501 1359 613 1462 μόνής
649 1357 689 1440 δέ
723 1365 870 1460 μᾶλλον
897 1362 962 1460 τῆς
993 1359 1154 1465 ἐμφύτου
1182 1356 1310 1457 μανίαις
1342 1361 1391 1440 είς
1422 1357 1525 1456 ήθῶν
1624 1349 1625 1358 ¹

320 1482 516 1587 ἀγριότητα
543 1488 764 1589 θηριοπρεπή
792 1481 1071 1584 κατωθοιίμενος.
1111 1478 1363 1586 κατήγόρησον
1385 1479 1469 1584 γάρ,
1491 1487 1525 1559 εἰ

320 1611 428 1707 δοκεῖ,
448 1613 507 1691 καὶ
532 1617 605 1691 τῶν
623 1611 802 1714 ἡμετέρων
823 1607 1064 1714 καταγωνίζου
1089 1607 1223 1710 λόγων,
1242 1611 1291 1693 ὡς
1316 1608 1380 1687 οὐκ
1404 1607 1525 1710 ὀρθῶς

320 1733 522 1837 εἰρημένων·
570 1739 601 1814 εἰ
633 1733 673 1816 δὲ
703 1742 810 1816 τοῦτο
840 1739 955 1815 ποιεῖν
979 1734 1021 1814 οὐ
1049 1732 1212 1832 δύνασαι,
1238 1731 1409 1834 πλήττεις
1438 1729 1524 1812 ἀνθ’
1543 1753 1582 1792 10
1626 1800 1627 1840 ³

321 1856 405 1937 ότου
424 1857 554 1938 λοιπὸν
572 1858 636 1939 τὸν
653 1856 882 1962 ἀνεγκλήτως
900 1854 1152 1964 φθεγξάμενον
1167 1891 1178 1956 ;

378 1981 618 2086 Τετριρμένος
644 1982 710 2083 μὲν
737 1984 801 2064 οὖν
829 1984 953 2062 οὑτοσὶ
986 1986 1044 2062 καὶ
1075 1981 1224 2090 σφόδρα
1255 1980 1415 2082 συνήθης
1447 1989 1524 2066 τοῖς

322 2107 531 2210 θεωρήμασι
564 2105 685 2212 λόγος·
739 2105 838 2208 οἶμαι
874 2106 913 2188 δὲ
947 2105 1060 2210 έγωγε
1096 2105 1163 2208 τήν
1193 2116 1259 2189 τοῦ
1289 2108 1526 2212 προκειμείιου

288 2230 473 2330 λιδόναμιν
495 2230 653 2338 ἑτέρωσέ
671 2267 734 2314 ποι
759 2238 900 2338 χωρεῖν.
941 2229 1114 2338 διελέγχει
1137 2230 1210 2336 γάρ
1236 2231 1325 2317 ἴσως
1349 2231 1414 2315 τὸν
1432 2235 1526 2332 έστη-

321 2355 438 2458 ρέτην,
457 2358 505 2441 ῶς
523 2359 713 2437 ἀδικοῦντα
729 2355 906 2462 μειζόνως,
925 2357 992 2461 οὐχ
1009 2353 1064 2437 ότι
1086 2354 1257 2437 πέπαικεν
1274 2358 1414 2447 ἁπλῶς,
1435 2360 1522 2437 ἀλλ’
1544 2369 1581 2429 ¹5

322 2478 378 2560 ὅτι
404 2477 705 2584 προτεθαυμακῶς
731 2481 801 2584 ήδη
828 2479 892 2560 τόν
915 2478 1147 2580 διδάσκαλον,
1165 2483 1218 2562 ἐπ’
1237 2483 1353 2563 οὐδενὶ
1380 2479 1419 2563 δὲ
1447 2487 1526 2563 νυνὶ

322 2602 530 2707 καταγνοὺς,
549 2603 727 2708 ἀτιμάζειν
752 2605 937 2710 ήνέσχετο.
973 2610 1003 2685 εἰ
1030 2603 1187 2710 μὲνγὰρ
1215 2608 1282 2711 οὐχ
1310 2607 1408 2709 ήλως
1434 2606 1526 2688 ποτὲ

322 2735 396 2813 τοῖς
414 2731 497 2832 παρ’
517 2732 614 2828 ἐμοῦ,
633 2733 739 2836 φησὶ,
758 2728 894 2833 λόγοις·
926 2734 956 2810 εἰ
979 2726 1030 2830 μή
1055 2763 1118 2809 σοι
1143 2728 1189 2809 τά
1213 2728 1398 2811 κάλλιστα
1419 2729 1523 2812 διδά-

322 2886 425 2932 σκειν
456 2851 600 2932 ἐδόκουν
631 2855 690 2933 καὶ
720 2849 926 2961 παράδοξός
964 2886 1017 2936 τις
1054 2849 1142 2933 εἶναι
1176 2855 1415 2953 πεπίστευμαι
1450 2863 1527 2935 τῶν

324 2979 427 3078 ἱερῶν
451 2972 674 3079 γραμμάτων
698 2975 887 3084 ἐξηγητής·
922 2982 952 3056 εἶ
979 2974 1030 3077 μή
1058 2974 1165 3063 αὐτὸς
1190 2977 1290 3079 ἦσθα
1317 2977 1398 3060 τότε
1424 2986 1526 3075 βοῶν
1543 3007 1583 3046 ²0

324 3109 347 3148 “
365 3099 549 3181 Οὐδέποτε
566 3099 749 3203 ε’λάλησεν
766 3104 878 3185 οὕτως
901 3099 1125 3205 ἀνθραυτος·”
1153 3101 1248 3208 τάχα
1272 3138 1325 3188 τις
1349 3101 1395 3205 ἦν
1412 3103 1527 3206 λόγος

323 3232 401 3308 ταῖς
419 3233 503 3311 σαῖς
526 3226 699 3330 ἀπειρίαις
724 3222 898 3309 ἐπιδιδοὺς
923 3223 987 3306 τὸν
1005 3224 1117 3325 έλεον,
1136 3229 1194 3306 καὶ
1216 3231 1281 3327 τῆς
1305 3230 1364 3308 ἐπὶ
1387 3226 1528 3322 τούτοις

293 3349 437 3433 οαὶτίας
459 3350 530 3457 ἔξω
554 3353 674 3434 τιθείς·
710 3351 829 3451 ἐπειδὴ
857 3348 896 3431 δέ
924 3348 1036 3454 έγνως
1063 3353 1186 3431 τεκαὶ
1214 3350 1439 3452 τεθαύμακας
1466 3355 1528 3432 καὶ

322 3475 387 3553 οὐκ
412 3472 458 3554 ἀν
479 3473 580 3572 ἴσως,
599 3477 704 3581 φησὶ,
722 3481 794 3555 τῶν
817 3478 911 3576 έμῶν
933 3473 1252 3579 κατεμαρτόρήσας
1275 3477 1408 3581 λόγων,
1427 3483 1457 3558 εί
1481 3477 1527 3558 τὸ

322 3601 386 3696 τῆς
405 3598 531 3677 ἑαυτοῦ
550 3601 814 3698 διαμεμνῆσθαι
832 3603 956 3704 φωνής
973 3596 1011 3678 ε”ν
1028 3633 1071 3702 γε
1089 3601 1141 3708 τῷ
1158 3597 1311 3705 παρόντι
1328 3601 1527 3706 διελογίᾷτυ
1542 3627 1584 3685 25

324 3718 453 3819 καλὸν,
481 3728 559 3806 πῶς
591 3722 657 3802 οὐκ
691 3719 975 3828 ἀπροφάσιστον
1001 3723 1096 3828 έχοις
1126 3722 1193 3824 τήν
1223 3726 1400 3828 ἁμαρτίαν
1412 3757 1423 3822 3
1464 3730 1526 3806 καὶ

228 3859 238 3870 ’
321 3851 548 3949 προσβαλεῖς
570 3844 636 3946 μέν
654 3848 805 3925 τοιῶσδε
830 3852 904 3929 τοῖς
929 3848 1149 3951 θεωρήμασι·
1185 3847 1285 3950 πλήν
1303 3849 1404 3930 ἔστιν
1421 3853 1524 3946 ἰδεῖν,

323 3972 372 4054 ὡς
397 3967 617 4074 ἀσήγκριτόν
635 4004 715 4050 τινα
740 3972 799 4049 καὶ
824 3971 989 4078 ὑπερφυᾶ
1014 3975 1078 4072 τῆς
1102 3978 1150 4058 εἷς
1176 3975 1286 4078 ἀκρον
1302 3973 1528 4082 ἀνεξικακίας

322 4097 361 4174 ἐν
387 4094 525 4180 τούτοις
552 4095 636 4195 ήμῖν
664 4096 685 4175 ὁ
715 4091 842 4197 Σωτήρ
874 4093 1097 4205 καταγράφει
1131 4096 1196 4178 τὸν
1223 4097 1347 4197 τόπον,
1374 4102 1436 4190 καὶ
1462 4103 1527 4199 τῆς

323 4215 494 4299 ἀνωτάτω
512 4222 570 4299 καὶ
590 4220 808 4328 ἀπερφεροῦς
826 4219 1042 4322 ἡμερότητος
1059 4219 1126 4322 τὴν
1145 4223 1252 4324 ἰδέαν,
1271 4226 1319 4308 ὡς
1338 4225 1377 4304 έν
1394 4223 1527 4308 εἰκόνος
1543 4245 1587 4302 30

289 4339 424 4449 ᾱτόξει
455 4351 626 4447 λαμπρᾶς
660 4346 838 4425 ἀνατποῖ
865 4341 911 4422 τὰ
941 4344 1023 4426 καθ’
1054 4345 1191 4429 ἑαυτόν.
1241 4346 1360 4453 όγάρ
1388 4350 1439 4430 ἑνὶ
1467 4354 1527 4430 καὶ

153 3091 235 3156 Supra

154 3159 197 3208 vii.
210 3157 250 3220 46.

800 4585 844 4644 25.
862 4593 893 4644 γε
907 4571 940 4628 Ε.
953 4594 981 4628 τε
994 4573 1046 4628 Ed.
