3284 5130
121 301 243 370 ΧΗ9,
258 303 309 352 20.
354 285 413 350 IN
443 287 476 350 S.
499 285 757 352 JOANNEM.
796 287 894 354 LIB.
914 286 995 352 XII.
1032 285 1136 352 CAP.
1156 285 1184 352 1.
1263 286 1325 349 125

124 529 237 596 Οὔοιιο
263 529 319 598 οὖν
345 533 444 613 ὀψίαν
472 540 513 627 τῇ
543 536 648 627 ιἰμέρᾳ
677 534 786 626 ἐκείνη
814 540 854 626 τῇ
883 540 940 628 μιᾷ
970 535 1036 603 τῶν
1064 533 1245 614 σαββάτων,
1273 532 1325 598 καί
1342 553 1378 612 19

175 658 244 723 τῶν
272 659 380 748 θυρῶν
404 663 642 739 κεκλεισμένων
664 663 747 728 ὅπου
775 656 858 728 ιἰσαν
882 659 912 727 οἱ
940 660 1081 739 μαθιιταί
1109 661 1208 727 αὐτοῦ
1232 681 1328 724 ουνιι-

177 784 290 860 τμὲναι
313 784 366 851 διά
389 785 446 855 τὸν
471 789 575 876 φόβον
599 788 666 853 τῶν
680 786 863 868 Ἰουδαίων,
882 784 980 854 ἦλθεν
998 789 1017 855 ὁ
1032 788 1159 853 ’lunone
1177 783 1230 850 καί
1248 775 1361 849 ἔστιτί)

178 905 227 975 εἷα
248 910 286 977 τὸ
307 913 406 988 μέσον
426 912 479 978 καί
503 915 589 988 λέν-ει
616 909 727 979 αὐτοῖο
751 911 870 1002 Εἰριίνιι
893 909 976 990 ὑμῖν.
1022 913 1076 978 καί
1100 918 1198 979 τοῦτο
1224 907 1327 975 εἰπὼν
1343 925 1382 966 20

92 1041 111 1102 5
177 1034 303 1104 ἔδειξεν
331 1035 441 1104 αὐτοῖο
467 1038 527 1105 vde
553 1035 663 1128 χεῖρας
691 1038 744 1104 καί
770 1039 829 1106 τείν
857 1038 1002 1126 πλευρὰν
1030 1039 1139 1108 αὑτοῦ.

185 1207 278 1288 Κατ’
308 1209 419 1309 αὐτὴν
452 1210 587 1312 ε’κείνην
617 1209 684 1310 τὴν
712 1210 847 1313 ἡμέραν
876 1213 958 1290 καθ’
990 1208 1035 1310 ἣν
1064 1207 1171 1316 α’ίφθη
1199 1243 1238 1288 τε
1269 1211 1328 1288 καὶ

125 1332 317 1413 διείλεκται
352 1339 398 1439 τῇ
433 1333 597 1438 Μαριάμ,
631 1338 690 1414 καί
725 1337 845 1419 αὐτοῖς
880 1341 955 1419 τοῖς
991 1335 1105 1436 ἁγίοις
1138 1331 1329 1435 ἐπέλαμψε

126 1461 315 1555 μαθηταῖς,
334 1455 399 1540 τάς
416 1465 489 1537 τῶν
507 1460 665 1538 ἀνοσίων
682 1456 864 1538 Ἰουδαίων
883 1453 1085 1564 ἀφορήτους
1102 1453 1328 1558 καταδρομάς

127 1580 427 1687 καταπεφρικόσι,
447 1584 505 1661 καί
530 1587 580 1666 είς
602 1577 701 1661 οἶκόν
718 1615 798 1662 τινα
823 1580 882 1661 διά
906 1590 1012 1663 τοῦτο
1036 1577 1324 1683 συγκεκομισμέ-

81 1733 214 1788 νονοις.
259 1702 401 1807 οὐγὰρ
427 1703 585 1804 ἦνείκὸς
612 1707 811 1809 ἀμοιρήσαί
834 1740 921 1787 ποτε
950 1714 1014 1787 τοῦ
1040 1703 1236 1810 πρέποντος
1263 1712 1358 1782 λο-ο

129 1835 268 1930 γισμοῦ
294 1826 377 1914 τοὺς
403 1829 496 1909 οὕτω
524 1828 830 1927 πεπαιδευμείιονς,
858 1832 916 1909 καὶ
943 1828 1008 1914 τὰς
1034 1836 1108 1908 τῶν
1135 1827 1330 1935 φονῶντων

129 1949 245 2054 ὀργάς
276 1950 538 2055 διαδιδράσκειν
570 1953 777 2055 ἐπείγεσθαι
809 1953 1103 2054 κεκελευσμένονς
1134 1950 1327 2036 πολλάκις.

130 2075 355 2182 ἐπιφαίνεται
386 2075 425 2156 δὲ
455 2073 671 2184 παραδόξως
707 2077 839 2162 αὐτοῖς.
895 2076 1135 2184 κικλειτμίνινν
1166 2074 1249 2180 γάρ,
1282 2073 1330 2161 ὥς

131 2205 239 2305 φησι,
268 2199 329 2282 τάν
356 2198 457 2309 ofin,
486 2197 667 2301 ἀδοκήτως
695 2208 742 2287 εἷς
768 2199 870 2308 μέσον
899 2201 975 2295 ίστη
1003 2199 1176 2305 Χριστὸς,
1201 2199 1331 2309 άφάττρ

84 2350 119 2412 15
131 2327 203 2405 τινὶ
221 2323 364 2423 δυνάμει
383 2327 441 2405 καὶ
463 2330 653 2428 θεοπρεπεῖ
672 2327 731 2404 καὶ
757 2323 822 2410 τάς
845 2332 917 2406 τῶν
935 2324 1157 2428 πραγμάτων
1174 2329 1330 2407 ἀκολου·

131 2449 213 2533 θίας
241 2447 529 2551 ὖπεριπτάμενος,
548 2451 607 2528 καὶ
634 2457 699 2528 τοῦ
726 2455 798 2533 τοῖς
827 2448 1015 2553 δρωμένοις
1043 2452 1241 2553 πρέποντος
1268 2458 1334 2529 λο-

131 2580 270 2677 γισμοῦ
296 2607 335 2652 τε
364 2574 423 2653 καὶ
450 2572 640 2678 σχήματος
667 2573 820 2671 ἀμείνων
847 2571 1145 2672 άναδεικνιίμενος.
1182 2571 1233 2674 μὴ
1259 2572 1332 2676 γάρ

132 2695 180 2797 δή
198 2731 251 2781 τις
268 2696 403 2798 λεγέτω
424 2702 511 2780 Πῶς
528 2698 566 2776 ἐν
585 2694 728 2794 σάματι
746 2701 798 2804 τῷ
820 2703 933 2802 παχεῖ
952 2694 1139 2802 πνγχάνων
1158 2699 1179 2778 ὃ
1200 2696 1367 2799 Κύριοςιλ

132 2818 385 2906 άδιακωλιίτως
413 2818 598 2920 εἰσήλασε,
628 2819 741 2900 καίτοι
769 2820 828 2902 τάν
856 2817 948 2927 θνρῶν
978 2821 1233 2928 κικλιιτμένιον·
1270 2822 1331 2900 ε’ν·

84 2979 122 3020 ιο
135 2943 258 3026 νοείτω
294 2945 333 3025 δὲ
364 2951 520 3044 μᾶλλον,
553 2947 602 3028 ὡς
633 2945 676 3023 οὐ
709 2945 795 3048 περί
820 2979 916 3030 τινος
949 2952 1022 3025 τῶν
1053 2945 1134 3027 καθ’
1165 2945 1257 3045 ἡμᾶς
1288 2943 1335 3024 τά

133 3067 283 3150 τοιαῦτά
309 3075 426 3178 φησιν
453 3071 473 3148 ὁ
501 3067 695 3152 θεσπέσιος
724 3068 1013 3171 Εὑαγγελιστής·
1050 3072 1132 3173 περὶ
1159 3071 1268 3149 αὐτοῦ
1296 3067 1334 3148 δὲ

135 3201 284 3296 μᾶλλον
310 3199 374 3274 τοῦ
402 3190 675 3295 συνεδρεύοντος
701 3197 753 3299 τῷ
781 3197 864 3300 Θεῷ
891 3197 949 3273 καί
980 3197 1107 3297 Πατρί,
1130 3197 1189 3274 καί
1216 3190 1335 3274 πάντα

135 3324 293 3422 δρῶντος
322 3316 477 3400 εὐκόλως
506 3315 646 3419 ὅσαπερ
674 3313 720 3395 ἂν
739 3315 921 3408 βούλοιτο.
958 3315 1025 3398 ἔδει
1053 3315 1125 3420 γάρ
1149 3317 1218 3397 ἔδει
1239 3314 1336 3396 Θεὸν

135 3443 225 3525 ὄντα
255 3438 347 3521 κατά
375 3440 491 3546 φύσιν
520 3442 578 3520 καί
615 3438 788 3539 ἀληθινὸν
817 3438 868 3541 μὴ
898 3448 976 3525 ταῖς
1004 3448 1078 3522 τῶν
1111 3440 1336 3545 πραγμάτων

84 3589 124 3650 ²5
137 3564 364 3649 α’κολουθίαις
389 3565 609 3662 ὑποκεῖσθαι,
628 3563 789 3667 καθάπερ
816 3562 941 3663 ἀμέλει
968 3567 1027 3644 καὶ
1054 3565 1101 3646 τά
1123 3566 1207 3668 παρ’
1228 3565 1338 3645 αι’ποῦ

136 3688 327 3795 γεγονότα,
348 3686 632 3795 κατεξουσιάζειν
649 3686 688 3768 δὲ
711 3694 857 3787 μᾶλλον
876 3690 936 3768 καὶ
963 3688 1121 3790 ἀνάγκης
1146 3691 1254 3789 αι’πῆς
1278 3690 1336 3770 καὶ

137 3820 322 3916 λογισμοῦ
349 3819 414 3893 τοῦ
443 3810 661 3912 καθήκοντος
690 3814 749 3892 καὶ
777 3811 1076 3917 πρεπωδεστάτου
1105 3820 1178 3894 τῶν
1204 3823 1365 3892 πλον-ο

137 3938 255 4038 με’νων
273 3934 427 4044 ἑκάστῳ.
465 3937 540 4016 ε’πεί
568 3934 660 4016 κατὰ
686 3933 766 4016 τίνα
792 3933 928 4038 τρόπον
954 3934 1153 4018 θάλασσαν
1177 3935 1242 4036 μὲν
1263 3942 1337 4019 τοῖς

138 4062 240 4145 ἰδίοις
277 4061 431 4141 ὑπετίθει
466 4062 568 4155 ποσὶ,
606 4058 709 4138 διέθει
749 4056 788 4139 δὲ
823 4055 984 4161 καθάπερ
1023 4062 1081 4140 ἐπὶ
1122 4059 1234 4166 ξηρᾶς
1273 4067 1337 4139 τοῦ

88 4185 309 4286 τοκιίματος,
326 4184 441 4264 καίτοι
464 4189 538 4264 τῶν
553 4182 731 4286 ἡμετερων
749 4178 930 4279 σωμάτων
947 4180 1014 4283 τὴν
1032 4183 1087 4290 ἐφ’
1109 4185 1236 4264 ὕδασιν
1253 4180 1338 4262 ὁδὸν

138 4311 204 4392 οὐκ
225 4305 380 4414 ἐχόντων
398 4305 694 4412 ὖπεστρωμείιηη
719 4303 742 4407 ἢ
760 4312 838 4390 πῶς
856 4303 921 4389 τάς
939 4305 1058 4408 ε’τέρας
1075 4304 1234 4409 ἐπλήρου
1252 4311 1339 4387 θω-

218 4546 241 4586 ι.
259 4527 305 4584 οδν
316 4545 370 4584 om.
384 4527 416 4583 E.
628 4526 654 4582 6.
673 4525 728 4584 καθ’
740 4544 795 4582 om.
809 4525 843 4583 E.
1067 4541 1109 4602 17.
1127 4551 1154 4584 τι
1167 4546 1222 4586 οιιι.
1235 4527 1268 4586 Ε.
