3284 5130
119 374 240 442 xx.19,
255 374 307 422 20.
352 355 407 420 IN
437 355 470 419 S.
487 351 747 418 JOANNEM.
785 350 882 416 LIB.
898 350 980 416 XII.
1018 351 1166 419 CARI.
1264 351 1327 417 127

121 517 251 622 φύσιν,
280 522 340 598 καὶ
368 519 437 623 οὐχ
463 517 581 620 ἕτερος
610 517 693 620 παρ’
722 517 854 597 ἐκεῖνον
881 514 945 596 τὸν
972 519 1092 602 αὐτοῖς
1126 519 1184 597 καὶ
1213 514 1330 597 πάλαι

121 641 438 742 συνδιαιτώμενον·
488 640 547 722 διά
578 639 617 720 δέ
646 648 712 720 τοῦ
735 642 799 724 ,καὶ
829 640 940 741 αὐτὴν
971 643 1236 742 ἀπογυμνῶσσι
1264 647 1329 719 τοῦ

122 763 298 864 σώματος
320 765 386 866 τὴν
405 762 568 868 πλευράν
586 765 645 844 καὶ
670 761 753 849 τοὺς
777 765 910 849 τιίπονς
932 765 1103 872 ἐπιδεῖξαι
1123 771 1196 846 τῶν
1214 765 1326 866 ἥλων,

122 887 452 996 πεπλημοφόρηκεν
480 892 648 995 ἐμφανῶς
678 887 733 968 ὅτι
764 886 829 967 τὸν
855 889 907 968 ἐπ’
938 890 1047 970 αὑτοῦ
1075 897 1139 970 τοῦ
1168 897 1329 993 σταυροῦ

90 1014 415 1115 ὀκεκρεμσσμένον
431 1011 550 1114 ἤγειρε
572 1009 668 1110 ναὸν,
687 1014 746 1091 καὶ
770 1010 858 1114 ὅπερ
881 1009 1059 1117 πεφόρεκε
1084 1019 1203 1113 σῶμα,
1222 1021 1329 1093 τοῦτο

122 1137 240 1216 πάλιν
267 1136 457 1238 ἀνέστησε,
482 1133 714 1240 καταργήσας
742 1134 908 1234 δηλονότι
936 1134 1000 1217 τὸν
1026 1143 1072 1242 τῇ
1101 1139 1210 1241 σαρκὶ
1237 1137 1325 1239 πρέ·

122 1295 243 1340 ποντα
276 1258 443 1360 θάνατον,
472 1260 614 1363 ἐπείπερ
647 1260 726 1340 ἐστὶ
756 1259 848 1339 κατά
881 1258 995 1366 φύσιν
1024 1256 1094 1362 ζωὴ
1127 1263 1186 1340 καὶ
1219 1257 1359 1345 &edm

124 1385 203 1464 ἐπεὶ
221 1385 274 1468 τίς
293 1383 317 1483 ἡ
335 1386 437 1490 χρεία
455 1388 518 1484 τῆς
537 1389 610 1464 τῶν
628 1388 758 1489 χειρῶν
775 1385 834 1462 καὶ
852 1387 915 1481 τῆς
933 1390 1091 1488 πλευρᾶς
1112 1383 1326 1490 ἐπιδείξεως,

124 1506 225 1610 ε’ίπερ
253 1506 348 1593 ὅλως
375 1508 466 1589 κατὰ
493 1506 559 1607 τήν
585 1541 691 1587 τινων
719 1505 931 1610 ἀβελτερίαν
959 1507 1000 1586 οὐ
1028 1505 1118 1607 μετά
1146 1511 1210 1607 τῆς
1239 1507 1330 1592 ἰδίας

75 1659 113 1700 10
125 1629 316 1734 ἐγήγερται
345 1632 505 1735 σαρκός;
543 1638 572 1712 εί
604 1630 677 1734 γάρ
709 1629 828 1734 ἕτερόν
861 1665 895 1710 τι
927 1633 1009 1736 περὶ
1041 1632 1151 1713 αὐτοῦ
1184 1637 1330 1738 φρονεῖν

125 1754 289 1856 ἠθέλησε
315 1754 399 1840 τοὺς
425 1755 599 1858 μαθητὰς,
617 1755 655 1836 τί
679 1751 729 1856 μὴ
756 1761 903 1855 μᾶλλον
921 1756 1039 1840 αὐτοῖς
1063 1759 1101 1836 ε’ν
1123 1757 1231 1863 ἐτέριρ
1255 1760 1327 1837 διε-

127 1881 277 1984 φαίνετο
304 1877 478 1986 σχήματι,
501 1885 560 1961 καὶ
586 1878 629 1961 τὸ
654 1882 717 1978 τῆς
746 1877 882 1983 σαρκὸς
910 1878 1090 1979 ἀτιμάσας
1117 1877 1217 1978 εἶδος,
1239 1878 1332 1983 πρὸς

126 2004 283 2106 ἑτεροίας
314 2003 444 2089 αὐτοὺς
475 2005 609 2090 ἐννοίας
641 2002 782 2099 ἐκάλεις
825 2005 900 2082 νυνὶ
932 2003 971 2085 δέ
1001 2013 1177 2084 τοσοῦτον
1205 2006 1331 2108 ὀράται

126 2127 374 2233 πεφροντικώς
396 2137 461 2210 τοῦ
483 2131 613 2235 χρῆναι
636 2127 820 2210 πιστεύειν
838 2127 988 2208 ἔσεσθαι
1014 2132 1078 2229 τῆς
1104 2127 1240 2232 σαρκὸς
1264 2128 1332 2229 τὴν

79 2279 114 2340 15
128 2250 345 2351 ἀνάστασιν,
372 2250 468 2334 ώστε
495 2255 554 2333 καὶ
582 2260 706 2357 καιροῦ
734 2259 931 2337 καλοῦντος
959 2251 1028 2352 ἤδη
1057 2250 1332 2356 μετασκευάζειν

128 2381 177 2461 είς
204 2376 316 2484 δόξαν
337 2376 492 2483 ἀῤῥητόν
511 2411 590 2458 τινα
615 2381 674 2457 καὶ
702 2378 867 2484 ὑπερφυᾶ
891 2373 933 2456 τὸ
956 2375 1043 2456 ’ίδιον
1062 2384 1181 2475 σῶμα,
1201 2378 1329 2484 φαίνε-

127 2506 221 2581 σθαι
257 2500 370 2583 πάλιν
407 2501 495 2606 ὅπερ
531 2499 576 2601 ἦν
608 2501 883 2606 συγκεχώρηκεν
915 2505 1153 2598 οἰκονομικῶς,
1187 2499 1245 2579 ἵνα
1280 2498 1502 2600 Mamm.

130 2626 252 2728 ἕτερον
280 2625 372 2732 ἔχων
399 2628 483 2729 παρ’
513 2629 622 2707 ἐκεῖνο
652 2621 833 2726 νομίζηται
866 2627 903 2704 ἐν
931 2620 961 2732 ᾧ
991 2627 1049 2703 καὶ
1080 2624 1236 2705 πέπονθε
1268 2622 1332 2704 τὸν

130 2751 190 2830 ἐπὶ
217 2755 270 2857 τῷ
296 2757 444 2857 σταυρῷ
473 2748 640 2831 θάνατον.
683 2748 737 2829 ὅτι
766 2747 837 2851 γάρ
864 2749 927 2829 οὐκ
955 2745 1000 2828 ἀν
1024 2747 1162 2850 ἐγένετο
1190 2745 1333 2854 φορητὴ

78 2901 117 2942 ²0
130 2879 206 2958 τοῖς
233 2871 414 2977 ἡμετέροις
442 2873 602 2974 ὄμμασιν
629 2875 653 2973 ἡ
679 2881 743 2953 τοῦ
775 2873 878 2975 ἁγίου
907 2872 1077 2972 σώματος
1107 2869 1208 2979 δόξα,
1237 2872 1335 2976 ε’ίπερ

131 2995 245 3097 αὐτὴν
263 2996 446 3105 ἐξατλοῦν
465 2997 654 3099 ἠβουλήθη
674 2995 836 3101 Χριστὸς
861 3000 919 3077 καὶ
946 3000 1032 3101 πρὶν
1050 2999 1227 3096 ἀναβῆναι
1244 2994 1335 3100 πρὸς

131 3119 197 3201 τὸν
217 3121 374 3225 Πατέρα,
393 3121 564 3222 συνήσεις
592 3121 759 3218 εὐκόλως,
777 3121 841 3201 τὸν
862 3123 901 3202 ἐν
923 3127 974 3227 τῷ
998 3118 1072 3224 ὄρει
1098 3117 1185 3202 ποτέ
1213 3154 1332 3224 παρα-

132 3244 318 3352 δειχθέντα
345 3253 418 3331 τοῖς
447 3245 562 3347 ἁγίοις
586 3250 760 3346 μαθηταῖς
785 3244 1137 3350 μετασχηματισμάν
1159 3246 1334 3346 ε’νθυμοιί-

131 3403 251 3468 μενος.
289 3370 423 3478 γράφει
447 3369 519 3473 γάρ
546 3371 567 3448 ὁ
594 3367 766 3472 μακάριος
790 3375 979 3454 Ματθαῖος
1002 3370 1022 3449 ὁ
1043 3369 1333 3474 Εὑαγγελιστὴς,

79 3511 120 3570 ²5
133 3497 191 3574 ὅτι
218 3493 445 3595 παραλαβών
472 3527 561 3573 ποτε
579 3504 601 3540 “
616 3493 757 3595 Πέτρον
784 3496 842 3573 καὶ
865 3490 1039 3587 Ἰάκωβον
1067 3498 1126 3573 καὶ
1152 3492 1334 3594 Ἰωάννην,
1381 3509 1503 3625 ἣψ-

133 3627 157 3664 “
176 3617 287 3717 ἀνέβη
319 3622 368 3701 είς
397 3616 439 3696 τὸ
470 3615 563 3720 ὅρος,
592 3617 650 3697 καὶ
679 3617 938 3724 μετεμορφώθη
966 3615 1173 3719 ἔμπροσθεν
1200 3618 1334 3716 αὐτῶν,
1381 3588 1505 3634 uma.

134 3753 157 3790 ‘⁶
176 3744 235 3821 καὶ
271 3736 419 3848 ἔλαμψε
456 3739 498 3820 τὸ
535 3739 734 3844 πρόσωπον
771 3742 882 3822 αὐτοῦ
916 3744 964 3826 ὡς
1001 3740 1183 3846 ἀστραπὴ,
1215 3739 1261 3821 τά
1298 3739 1370 3824 &kb

134 3876 157 3914 “
178 3863 299 3963 ἱμάτια
327 3867 436 3944 αὐτοῦ
463 3864 602 3967 ἐγένετο
631 3863 740 3945 λευκά
769 3866 856 3944 ὡσεὶ
884 3863 1002 3970 χιών,”
1032 3871 1065 3945 οἱ
1094 3865 1132 3945 δέ
1159 3863 1225 3964 τὴν
1252 3864 1338 3945 θέαν

134 3991 202 4071 οὐκ
220 3985 421 4091 ἐνεγκόντες
437 3988 681 4070 πεπτώκασιν.
712 3988 1010 4087 οἶκονομικώτατα
1027 3990 1148 4069 τοίνυν
1164 3990 1185 4067 ὁ
1206 3987 1339 4093 Κύριος

83 4148 123 4206 30
135 4115 239 4214 ἡμῶν
257 4113 400 4214 Ἰησοῦς
418 4113 438 4191 ὁ
458 4111 628 4217 Χριστὸς,
648 4113 747 4194 οὔπω
772 4111 863 4215 πρὸς
888 4111 999 4218 δόξαν
1018 4112 1084 4212 τὴν
1102 4113 1199 4219 αὐτῷ
1220 4145 1334 4217 χρεω-

135 4239 339 4339 στουμένην
357 4241 415 4318 καὶ
436 4237 648 4342 πρέπουσαν
666 4234 730 4319 τὸν
748 4242 874 4317 οἰκεῖον
889 4236 1218 4341 μεταστοιχειώσας
1238 4232 1336 4334 ναὸν,

178 4481 219 4536 13.
238 4465 365 4519 τοσοῦτον
377 4461 441 4518 EAE.
454 4461 506 4517 Ed.
519 4481 574 4534 mg.
588 4461 721 4518 τοσοίιτων
733 4461 785 4518 Ed.
912 4477 996 4534 19-24
1011 4461 1075 4518 citat
1086 4461 1205 4518 collectio
1218 4461 1338 4516 testimo-

83 4527 101 4536 “
136 4553 246 4663 agna?
260 4533 407 4676 ὃχάαηοὲα
420 4531 488 4590 cod.
501 4533 575 4588 Mun.
589 4533 656 4589 Brit.
669 4533 753 4606 (Add.
770 4533 866 4606 14532)
879 4533 926 4588 fol.
939 4533 983 4600 84.
1130 4549 1171 4604 ¹9·
1189 4533 1292 4604 φορητὸ
1305 4531 1339 4588 Ε.

138 4625 183 4664 ο.
244 4627 276 4660 οι
301 4622 339 4660 ιιι
391 4644 399 4659 .
