3284 5130
144 377 198 420 xx.
213 375 328 447 22,23.
374 360 431 426 IN
461 361 773 431 S.JOANNEM.
811 362 1004 429 LIB.XII.
1041 360 1189 428 CARI.
1277 359 1340 425 137

147 519 273 628 ὥσπερ
300 527 363 607 οῦν
390 528 502 607 καίτοι
531 526 623 607 κατὰ
650 526 791 632 καιροῦς
816 531 922 612 ἰδίους
950 526 1168 609 τὰτοιαῦτα
1195 524 1343 628 δράσειν

148 649 432 753 ὑπισχνούμενος
450 654 611 756 καθάπερ
629 653 727 737 τινὰς
753 654 966 756 ἀῤῥαβιῦνας
990 661 1055 733 τοῦ
1081 650 1173 734 κατὰ
1196 649 1343 732 πάντων

148 772 299 854 ἔσεσθαι
334 775 634 877 προσδοκωμένου
672 781 730 856 καί
766 773 1003 878 γενικωτάτου
1038 775 1261 881 πράγματος,
1296 771 1343 853 τά

148 895 241 976 κατά
267 898 373 1001 μέρος
399 899 579 1004 εἰργάζετο
606 904 663 982 καί
690 899 763 1003 πρδ
791 908 913 1005 καιροῦ
937 910 1002 980 τοῦ
1026 900 1178 996 δέοντος,
1198 899 1257 979 ίνα
1285 900 1512 979 «alamm-

112 1019 408 1107 ὅάυενδοιάστως
444 1022 668 1125 πιστεύηται·
714 1025 806 1106 κατὰ
840 1024 904 1105 τὸν
936 1022 1044 1105 αῦτὸν
1076 1021 1172 1122 οἶμαι
1209 1021 1344 1126 τρόπον

147 1145 308 1251 πέμψειν
325 1152 373 1230 εἰς
390 1147 483 1246 ἡμᾶς
500 1147 564 1228 τὸν
584 1145 826 1251 Παράκλητον
843 1145 963 1246 εἰπὼν,
982 1145 1069 1228 όταν
1087 1146 1229 1250 ἀπέλθη
1254 1142 1346 1246 πρὸς

146 1266 213 1347 τόν
238 1271 394 1373 Πατέρα,
425 1274 483 1351 καί
511 1270 633 1373 καιρόν
660 1277 706 1376 τῇ
736 1272 827 1352 κατὰ
856 1271 1002 1352 πάντων
1029 1273 1088 1351 καί
1120 1273 1176 1350 ε’πί
1208 1269 1347 1352 πάντας

147 1390 268 1496 χάριτι
295 1402 422 1474 τοῦτον
440 1395 696 1499 διορισάμενος,
716 1394 883 1500 ἀπαρχὴν
901 1392 1025 1506 ὥσπερ
1043 1393 1123 1474 τινὰ
1148 1397 1211 1493 τῆς
1234 1395 1349 1494 ε’παγ-

148 1516 273 1616 γελίας
297 1519 335 1596 ἐν
351 1525 425 1603 τοῖς
449 1525 626 1620 μαθηταῖς
650 1519 839 1622 εἰργάζετο,
859 1517 917 1598 διά
941 1515 1085 1602 πολλὰς
1111 1515 1282 1618 εὐλόγους
1308 1549 1347 1596 τε

97 1673 133 1715 ιο
147 1642 208 1718 καὶ
229 1643 423 1742 ἀναγκαίας
441 1641 609 1750 ἀφορμὰς
626 1640 669 1727 ἃς
688 1644 915 1746 προείπομεν.

206 1765 351 1845 Ούκοῦν
368 1766 532 1871 δέχονται
557 1764 623 1866 μὲν
645 1765 711 1866 τὴν
728 1775 793 1848 τοῦ
809 1768 939 1868 Ἀγίου
959 1765 1169 1865 Πνεῦματος
1190 1764 1347 1871 μέθεξιν,

148 1888 209 1967 ὅτε
230 1892 287 1968 καί
306 1895 496 1997 ἐνεφύσησεν
512 1896 623 1977 αὐτοῖς
643 1891 762 1994 λέγων
781 1892 919 1983 Λάβετε
940 1892 1080 1996 Πνεῦμα
1091 1887 1222 1992 Ἅγιοι·
1268 1888 1382 1969 οῦδέἰι

148 2010 224 2115 γὰρ
255 2009 300 2110 ἦν
328 2013 600 2118 διαψεύσασθαι
631 2013 784 2117 λέγοντα
811 2015 875 2095 τὸν
899 2012 1075 2118 Χριστὸν,
1099 2015 1177 2094 οὐδ’
1208 2013 1252 2094 οἰν
1278 2015 1349 2119 έφη

150 2137 302 2235 Λάβετε,
320 2136 370 2236 μὴ
391 2136 520 2223 διδούς·
550 2141 588 2218 ἐν
609 2136 646 2218 δέ
665 2145 741 2222 ταῖς
764 2139 907 2240 ἡμέραις
935 2143 1000 2237 τῆς
1024 2139 1128 2240 ἁγίας
1150 2172 1350 2240 πεντηκοσ-

97 2285 133 2345 ¹⁵
149 2263 215 2360 Τῆς
241 2261 509 2364 ε’μφανεστεραν
525 2266 590 2361 τῆς
612 2259 757 2366 χάριτος
775 2261 840 2362 τὴν
859 2261 1057 2366 ἀνάῤῥησιν
1075 2264 1133 2342 καί
1158 2260 1223 2362 τὴν
1242 2261 1352 2366 φανέ-

148 2417 268 2484 ρωσιν
292 2393 356 2463 τοῦ
382 2386 639 2470 ένοικισθέντος
665 2387 785 2469 αῦτοῖς
801 2387 930 2485 Ἀγίου
958 2383 1167 2482 Πνεύματος
1194 2384 1352 2469 τιθέντος

150 2512 261 2605 Θεοῦ,
280 2504 459 2613 ὤφθησαν
476 2515 514 2590 αἱ
536 2517 712 2612 γλῶσσαι
737 2509 796 2589 διὰ
818 2509 942 2610 πυρὸς,
961 2509 1024 2588 ούκ
1042 2507 1157 2612 ἀρχὴν
1175 2511 1213 2586 ἐν
1232 2510 1351 2591 αὐτοῖς

147 2634 215 2728 τῆς
240 2635 372 2734 δωρεᾶς
399 2633 652 2731 σημαίνουσαι,
672 2639 721 2716 εἰς
746 2631 861 2737 ἀρχὴν
881 2631 919 2711 δέ
941 2638 1085 2730 μᾶλλον
1104 2630 1350 2737 ἀναφέρουσαι

148 2762 216 2832 τοῦ
244 2755 366 2854 λόγου.
419 2757 617 2860 γέγραπται
645 2763 733 2858 γοῦν
761 2754 817 2835 ότι
842 2766 864 2803 “
878 2755 1035 2861 ἤρξαντο
1064 2761 1190 2834 λαλεῖν
1217 2753 1349 2859 ἑτέραις
1395 2761 1521 2894 ffiffij

96 2917 137 2959 20
150 2887 173 2924 “
192 2877 388 2979 γλώσσαις
415 2879 533 2963 καθὼς
562 2881 604 2960 τὸ
633 2885 783 2978 Πνεῦμα
811 2881 926 2959 ἐδίδου
955 2879 1254 2986 ἀποφθέγγεσθαι
1282 2881 1347 2958 αύ-

150 3011 174 3047 “
192 3002 298 3085 τοῖς.”
328 3002 464 3086 ἀκούεις
493 3002 589 3088 ὅπως
617 3003 774 3110 ἤρξαντο
802 3011 939 3102 λαλεῖν,
967 3003 1010 3084 ού
1036 3010 1100 3083 τοῦ
1128 2999 1383 3106 άγιάζεσθαι,ο

150 3126 212 3204 καὶ
239 3124 295 3205 ότι
322 3133 511 3226 γλωσσῶν
538 3128 688 3225 διανομὴ
716 3127 1024 3234 καταπεφοίτηκεν
1050 3126 1104 3206 ἐπ’
1128 3123 1266 3222 αύτούς,
1288 3134 1353 3205 τοῦ

150 3250 189 3326 ἐν
213 3248 330 3332 αὐτοῖς
359 3248 461 3333 ὄντος
486 3249 695 3347 Πνεύματος
722 3254 949 3353 ἐνεργοῦντος
977 3253 1035 3330 καὶ
1064 3259 1197 3346 τοῦτο;
1228 3245 1354 3351 ὥσπερ

150 3369 226 3476 γὰρ
244 3372 289 3479 ἐξ
304 3373 457 3476 ούρανοῦ
479 3374 729 3478 πεφάνηκενό
749 3372 879 3477 Πατὴρ
898 3372 1189 3477 ἐπιμαρτυρήσας
1207 3379 1259 3481 τῷ
1277 3374 1353 3480 ἰδίῳ

94 3537 136 3600 ²5
152 3495 349 3597 γεννήματι
368 3498 427 3576 καί
451 3497 570 3598 λέγωῦ
590 3509 611 3544 “
626 3494 745 3582 Οὗτός
766 3497 868 3578 ἐστιν
885 3499 906 3576 ὀ
924 3497 1011 3581 Υἰός
1034 3531 1104 3596 μου
1127 3498 1147 3577 ὁ
1170 3495 1354 3599 ἀγαπητὸς
1398 3510 1523 3640 &⁸2¹¹-

152 3629 176 3667 ‘⁴
194 3621 233 3699 ἐν
251 3615 281 3728 ᾧ
302 3617 516 3720 ηῦδόκησα,”
537 3624 595 3700 καί
614 3619 760 3723 δέδρακε
777 3629 884 3701 τοῦτο
900 3618 991 3723 πρὸς
1008 3621 1263 3726 πληροφορίαν
1281 3627 1355 3700 τῶν
1399 3612 1492 3706 πόλις

151 3743 399 3846 ἀκροωμένων,
417 3743 611 3845 ὀργανικὴν
627 3740 755 3848 ὥσπερ
774 3743 853 3824 τινὰ
878 3747 937 3824 καί
962 3751 1035 3828 τοῖς
1060 3743 1241 3848 ἡμετέροις
1264 3747 1356 3838 ὠσίν

152 3866 407 3963 ἐμπίπτουσαν
436 3867 662 3975 καταρῤήξας
699 3868 835 3974 φωνὴν,
864 3866 944 3966 ἤτοι
979 3866 1149 3968 γενέσθαι
1180 3865 1352 3966 ποιήσας,

152 3993 248 4071 οὕτω
265 3994 324 4070 καί
342 3993 399 4071 ἐπὶ
421 3998 493 4070 τῶν
511 3992 625 4093 ἁγίων
642 3987 863 4072 ἀποστόλων
881 3991 1151 4093 ἐμφανεστέραν
1169 3991 1273 4070 ἐτίθει
1291 3992 1390 4087 τῆςᾰ

94 4149 139 4210 30
152 4112 300 4221 χάριτος
326 4113 394 4214 τὴν
416 4115 604 4222 ἀνάδειξιν,
628 4116 666 4194 ἐν
690 4113 770 4194 εἴδει
798 4111 910 4216 πυρός
937 4113 1003 4198 τοίς
1030 4115 1211 4216 γλώσσας
1239 4114 1357 4198 αὐτοῖς

151 4241 313 4345 ἐπαφεὶς,
339 4242 397 4320 καί
424 4243 487 4339 τῆς
515 4249 537 4286 “
552 4237 750 4346 φερομένης
776 4237 897 4335 βιαίας
923 4239 1059 4337 πνοῆς”
1083 4236 1146 4318 τὸν
1173 4235 1264 4343 ἦχον
1290 4237 1357 4338 τὴν
1402 4233 1528 4368 ἓξῆξῗ

195 4523 539 4598 17.διδΕ.ρ.α.ἰισείΕδ.
624 4541 667 4582 κο.
685 4524 892 4596 αῦτοίςιίπσφθ’
940 4524 1003 4581 σθαι
1016 4543 1040 4580 a.
1124 4542 1168 4582 21.
1186 4523 1310 4598 ἤρξαντο]
1327 4532 1357 4592 -ἰ-

154 4598 203 4652 τοῦ
215 4611 240 4650 a.
351 4613 393 4667 29.
412 4599 467 4653 τοῖς
478 4596 562 4669 ἁγίοις
573 4595 733 4654 ἀποστόλοις
744 4615 772 4667 p.
827 4547 1035 4668 ἐςίθέίίἐδείχθη
1049 4597 1082 4652 E.

202 4695 273 4742 VOL.
289 4697 341 4741 111.
752 4699 771 4742 Τ
