3274 5262
154 375 300 416 OEBMUB

154 537 728 616 Catechumenigradatimdocendil92e.

154 633 244 694 05155
262 655 343 695 55155
362 637 531 711 conjunctae
544 638 729 696 conseruntur

192 732 300 792 Christi
312 733 432 810 Corpori
443 753 563 810 corpora
572 743 671 793 nostra
679 755 730 810 per

193 831 400 889 Eucharistiam
415 832 706 907 55515551586355.

153 925 273 986 Certant
293 928 312 985 ii
333 929 382 1003 qui
403 929 432 985 in
457 937 538 1004 parte
561 937 671 986 tantum
693 929 726 986 M

194 1029 232 1083 22
247 1027 296 1084 tin.
312 1031 350 1084 23
364 1027 426 1083 init.

151 1119 284 1180 Charitas
318 1123 355 1180 ad
389 1124 494 1181 festum
534 1122 728 1198 peragendum

191 1220 315 1294 pertinet
331 1224 417 1278 7425
445 1220 589 1294 quomodo
610 1220 725 1276 manda·

192 1324 377 1375 tumnovum
392 1322 451 1375 750
466 1318 494 1382 d,
511 1321 566 1374 ⁷51
601 1334 725 1374 551515-

192 1414 273 1471 nium
286 1415 430 1490 praecellit
445 1418 585 1472 752-754
614 1413 681 1471 15511
696 1422 727 1471 ut

192 1529 319 1586 eaquae
340 1511 398 1569 sint
418 1511 539 1569 aliorum
560 1528 727 1585 quaeramus

194 1611 262 1666 842.

152 1703 307 1763 charitatis
325 1705 488 1782 conjunctio
506 1711 639 1762 nostrum
652 1703 727 1762 inter

192 1821 246 1859 nos
282 1803 448 1870 arctissima,
481 1801 573 1859 Patris
608 1801 726 1876 Filiique

192 1899 313 1957 Unionis
327 1899 423 1975 imago
438 1903 497 1958 972
512 1897 594 1956 bcd.

151 1995 284 2054 Chrisma
307 1997 470 2070 κατηχήσεως
495 2003 524 2053 51
544 1993 726 2070 perfectionis

191 2093 220 2149 iu
235 2093 411 2169 Baptismate
425 2091 532 2150 Sancto
547 2095 607 2149 683
622 2108 648 2148 5.

151 2189 307 2248 Christiani
325 2189 460 2265 baptizati
476 2208 530 2248 nec
544 2187 652 2245 Christi
665 2189 723 2244 Eu·

191 2287 725 2362 charistiaeparticipes‚avitaaeterua

191 2384 300 2458 seipsos
313 2383 469 2441 excludunt
484 2386 542 2441 324
552 2402 576 2448 5,
592 2387 663 2442 325.

151 2480 329 2538 Christianus
343 2499 449 2537 nomen
462 2499 569 2538 novum
583 2482 614 2536 M
631 2483 678 2538 49.

151 2575 319 2636 Christianis
352 2577 427 2635 vires
463 2577 602 2654 pleniores
639 2595 724 2653 quam

190 2674 307 2732 ludaeis
315 2673 438 2748 antiquis
447 2673 725 2732 ministratChristus

191 2770 226 2827 M
241 2769 279 2829 59
299 2771 341 2848 [p.
354 2773 439 2845 270].

151 2865 290 2926 (innuero
304 2887 371 2924 curn
384 2868 559 2925 manendum
572 2875 615 2926 est
629 2871 723 2934 1305,

193 2968 286 3030 3845,
303 2969 360 3024 385
389 2973 525 3040 tanquam
547 2965 725 3041 Praeceptori

191 3060 252 3119 Soli
281 3061 492 3120 adhaerendum
522 3065 580 3121 384
608 3063 668 3120 55
708 3081 724 3120 5

191 3157 338 3216 Nazareth
350 3159 411 3217 sore
425 3160 557 3234 opinatus
574 3163 630 3217 132
646 3159 675 3218 5.

151 3253 282 3314 Christus
295 3257 493 3314 universorum
509 3257 645 3332 gaudium
663 3256 722 3314 lae-

190 3353 307 3428 titiaque
331 3358 388 3412 135
403 3353 431 3425 5,
453 3354 551 3412 20111
582 3352 724 3410 bonorum

190 3451 320 3507 omnium
339 3451 404 3509 fons
425 3451 460 3507 M
482 3454 520 3510 82
558 3471 609 3526 per
629 3451 722 3520 Quem

190 3547 287 3605 omnia
298 3548 504 3623 jucundissima
514 3549 551 3605 ad
564 3567 615 3606 nos
628 3553 686 3606 555
697 3567 722 3614 5,

191 3644 280 3702 9095
310 3645 512 3702 miraculorum
532 3643 643 3702 initium
665 3663 722 3701 non

190 3748 292 3814 sponte
319 3741 370 3799 sed
396 3749 488 3798 matre
515 3749 635 3815 rogante
655 3741 724 3798 15511

194 3837 250 3894 135
272 3836 316 3894 de
353 3856 404 3894 cur
433 3837 638 3912 Hierosolymis
666 3837 723 3894 dis·

191 3934 267 3992 cedit
297 3952 348 3992 cur
375 3952 506 3992 reversus
534 3937 593 3992 206
607 3953 633 4000 5,
652 3938 721 4000 207,

190 4031 228 4089 cf.
251 4035 307 4089 271
332 4049 358 4098 5,
386 4035 454 4096 272,
484 4033 542 4088 288
564 4049 581 4086 5
602 4031 629 4096 5,
663 4036 721 4090 395

188 4127 209 4185 J
211 4128 365 4186 udaeorum
379 4127 571 4203 rejectionem.
587 4128 721 4186 Gentium

189 4225 367 4284 vocationem
396 4225 489 4282 innuit
517 4228 574 4283 327
596 4226 625 4290 5,
655 4230 722 4292 396,

190 4327 259 4386 403,
271 4327 339 4386 404,
352 4325 411 4380 675
423 4322 467 4379 cd
493 4322 570 4398 typis
584 4322 723 4381 indicatur

191 4422 249 4478 396
264 4437 289 4486 5,
306 4425 364 4479 397
407 4429 437 4478 51
463 4420 623 4480 labentibus
651 4421 723 4478 bene

189 4517 257 4576 facit
272 4522 358 4576 2045
381 4517 548 4577 laetificatur
563 4518 724 4577 obedientia

214 4631 284 4678 VOL.
300 4632 350 4678 111.

561 356 720 414 INDEX
762 357 946 416 RERUM.

1295 361 1354 416 517

821 551 920 601 nostra
937 546 993 602 201
1011 560 1027 600 5
1051 560 1103 617 pro
1116 540 1245 599 bonitate
1258 558 1357 618 preces

821 659 879 698 non
892 647 1039 716 exspectat
1053 639 1103 696 sed
1113 639 1259 715 praevenit
1270 641 1355 697 2075

820 746 937 795 naturae
950 745 1064 795 nostrae
1078 736 1287 812 corruptionem
1302 754 1354 792 ex·

820 833 899 908 pellit
914 834 1007 893 212d
1037 853 1095 892 non
1115 834 1211 890 Homo
1233 833 1355 907 simplex

821 934 879 989 273
889 949 915 995 5,
929 935 987 990 274
997 950 1023 997 5,
1033 935 1118 989 9285
1131 929 1356 1005 Tbeophorusve

820 1027 852 1084 M
868 1032 906 1086 88
936 1025 1225 1085 EodebitahausM
1241 1030 1290 1084 85.

778 1123 910 1184 Christus
924 1133 968 1182 est
978 1125 1035 1193 Qui
1049 1123 1104 1182 olei
1117 1123 1262 1200 lecythum
1275 1122 1354 1182 Eliae

821 1222 977 1296 Prophetae
1015 1221 1114 1278 dicbus
1155 1219 1355 1296 multiplicavit

820 1322 904 1377 2805
925 1318 1024 1375 mundi
1038 1318 1122 1394 hujus
1133 1317 1251 1392 principi
1265 1317 1353 1374 latere

818 1415 979 1474 151511282
996 1415 1014 1472 5
1041 1413 1175 1490 Seipsum
1195 1421 1226 1471 ut
1247 1415 1354 1471 Panem

818 1512 911 1570 datad
920 1511 1042 1570 Suornm
1052 1511 1160 1568 animas
1169 1510 1352 1568 nutriendum

807 1612 878 1667 276
892 1609 911 1666 b
939 1608 1046 1685 gloriae
1062 1608 1286 1666 contemnendae
1301 1626 1351 1664 ex-

817 1706 925 1781 emplar
939 1710 1036 1771 2865,
1052 1708 1111 1765 287
1127 1724 1144 1762 5
1171 1705 1352 1780 interrogan-

817 1803 895 1860 tibus
918 1803 1047 1860 tcntandi
1071 1821 1157 1860 causa
1180 1802 1351 1876 respondere

816 1901 982 1972 55555151;
1004 1901 1028 1957 si
1049 1898 1210 1974 respondet,
1225 1898 1262 1956 ad
1282 1917 1350 1957 con·

817 1997 1026 2055 demnatiouem
1043 2000 1101 2055 309
1116 2015 1142 2053 5.

776 2093 923 2151 Christum
942 2093 1131 2152 adulabantur
1148 2094 1222 2152 forte
1236 2093 1351 2170 quidam

816 2192 862 2248 die
882 2191 983 2249 ultima
1005 2192 1095 2250 29711
1122 2210 1175 2249 nec
1195 2191 1350 2266 intempes·

816 2288 872 2345 tive
885 2289 1041 2363 benignum
1057 2289 1130 2345 Eum
1143 2288 1273 2346 Judicem
1289 2307 1349 2344 cer·

815 2393 885 2442 nent
913 2389 972 2444 298
1001 2404 1018 2441 5
1052 2385 1161 2458 Regem
1189 2384 1351 2441 habuerunt

816 2481 918 2539 Judaei
934 2484 991 2539 648
1007 2481 1127 2539 11-649
1142 2499 1166 2538 5.

776 2576 908 2637 05115155
941 2579 1103 2635 nominatus
1145 2577 1211 2653 quia
1248 2586 1350 2636 unctus

818 2675 907 2734 3935
930 2685 1034 2733 noctus
1048 2674 1191 2750 quomodo
1206 2677 1300 2742 9985,
1315 2674 1349 2730 M

817 2773 915 2830 92115.
941 2771 1084 2848 quomodo
1099 2772 1183 2830 sciret
1197 2771 1350 2846 reprobare

816 2870 933 2940 malum,
964 2867 1068 2945 eligere
1095 2868 1203 2926 bonum
1231 2871 1287 2926 411
1305 2868 1351 2926 de

817 2965 856 3024 Se
876 2966 1038 3031 humilians,
1059 2966 1218 3023 exaltatur:
1240 2983 1303 3032 nos,
1326 2966 1350 3022 si

816 3063 924 3138 seipsos
944 3063 1137 3128 humiliemus,
1161 3071 1190 3120 et
1213 3061 1351 3120 exaltabit

817 3162 946 3218 287511
992 3178 1042 3218 eos
1064 3160 1231 3234 quibuscum
1252 3160 1349 3217 55155

815 3257 893 3314 omni
915 3257 1102 3333 trepidatione
1120 3265 1149 3314 et
1169 3256 1295 3333 periculo
1315 3256 1347 3313 li-

814 3354 896 3412 berat
910 3358 966 3413 291
980 3355 1022 3412 cd
1049 3372 1108 3411 non
1122 3355 1218 3412 stetim
1232 3355 1349 3410 veniens

815 3452 866 3508 sed
880 3452 908 3508 in
930 3453 1063 3510 extremis
1082 3452 1245 3527 inopinatus
1261 3455 1347 3510 2915

814 3567 866 3623 pro
900 3549 982 3606 nobis
1017 3568 1125 3624 passus.
1156 3567 1215 3606 non
1251 3548 1347 3606 Homo

814 3646 909 3703 solum
936 3647 986 3702 sed
1010 3646 1088 3702 Dens
1112 3648 1189 3704 1060
1211 3645 1231 3702 d
1272 3643 1348 3710 Rex,

814 3743 925 3800 etiamsi
949 3761 1007 3798 non
1033 3742 1223 3798 confiteantur
1243 3740 1348 3798 Judaei

817 3842 894 3897 1062
910 3857 927 3894 5
954 3837 1069 3912 periculi
1085 3837 1177 3894 omnis
1191 3838 1295 3895 solutio
1305 3837 1347 3893 la-

813 3934 970 4009 borumque
981 3942 1093 4009 praeter
1107 3953 1185 4009 spem
1201 3933 1347 3991 Persector

814 4031 1043 4107 exspectantibus
1064 4031 1137 4088 Eum
1160 4030 1252 4088 2925
1278 4030 1347 4086 Vita

814 4128 912 4186 Vitam
926 4127 1056 4203 Seipsum
1073 4127 1202 4185 fidelibus
1222 4127 1272 4184 dat
1287 4129 1346 4185 350

815 4243 864 4294 55,
877 4228 932 4283 361
945 4244 971 4290 5,
983 4227 1041 4283 362
1053 4224 1082 4290 5,
1096 4228 1153 4282 363
1163 4224 1233 4282 555
1253 4224 1282 4280 in
1293 4243 1344 4280 no·

814 4322 860 4379 bis
873 4341 923 4397 per
936 4325 1086 4398 mysticam
1101 4321 1242 4396 eulogiam
1259 4321 1346 4380 36411

814 4421 845 4477 in
858 4419 949 4486 nobis,
964 4420 1060 4477 115515
1075 4419 1149 4478 Eum
1165 4423 1222 4477 365
1236 4439 1263 4486 5,
1278 4419 1316 4492 ib.
1329 4437 1345 4475 5

814 4536 867 4576 nos
880 4517 1065 4576 transformat
1081 4517 1109 4574 in
1124 4515 1163 4574 Se
1179 4519 1238 4574 368
1251 4535 1267 4574 5
1294 4533 1346 4590 per

713 4633 771 4692 411
