3284 5130
118 340 311 428 xxi.18‚19.
372 343 426 407 IN
456 341 764 408 SJOANNEM.
803 344 997 410 LIB.XII.
1034 345 1184 412 CARI.
1251 346 1314 411 167

118 504 231 607 ἁγίων
248 505 347 588 ἐκιόν.
376 507 460 586 ἀλλ’
481 513 509 587 εί
528 510 587 586 καὶ
604 506 731 610 πικρὸς
750 509 770 587 ό
789 507 952 606 θάνατος,
965 510 1085 590 ἐπεισί
1097 544 1135 590 τε
1155 512 1212 590 καὶ
1230 510 1350 589 λίανά

119 629 341 727 ἀνεθελήτως
372 631 501 728 αὐτοῖς,
531 630 631 710 ἀλλά
664 664 705 733 γε
741 636 804 731 τῆς
841 631 949 738 δόξης
986 636 1051 733 τῆς
1087 631 1187 737 παρά
1217 638 1314 713 Θεοῦ

118 749 327 856 γλιχόμενοι
354 758 413 834 καὶ
441 759 504 846 τῆς
530 755 684 857 ἐπιγείου
708 763 977 861 καταφρονοῦσι
999 754 1099 857 ζωῆς.
1139 761 1312 857 ἀποκομι·
1345 809 1349 818 ·

119 875 328 974 τυθήσεσθαι
352 885 542 980 τοιγαροῦν
563 876 627 957 τὸν
648 876 823 980 μακάριον
847 878 986 980 Πέτρον
1010 879 1315 985 προονεφόνησεν
1367 937 1371 944 -

86 999 141 1081 ὄό
168 997 331 1100 Χριστός
358 1007 406 1085 εἰς
434 999 619 1108 ἀπᾴδοντά
646 1035 684 1083 τε
712 1004 771 1082 καὶ
798 1001 1040 1101 μεμισημένον
1068 1011 1132 1083 τοῦ
1158 1001 1315 1084 θανάτου

120 1119 243 1202 τόπον.
284 1123 370 1204 ἀλλ’
400 1126 464 1206 οῦκ
500 1123 545 1204 ἂν
576 1129 625 1208 εἰς
660 1133 766 1205 τοῦτο
802 1120 976 1232 κοτίληξε
1004 1124 1126 1232 δόξης,
1160 1127 1238 1206 οὐδ’
1269 1123 1315 1205 ἀν

119 1247 329 1349 ἐσταυρώθη
348 1247 406 1328 διὰ
424 1245 599 1352 Χριστόν,
617 1253 647 1328 εί
674 1247 725 1348 μὴ
753 1254 816 1349 τῆς
843 1256 915 1330 τῶν
936 1257 1092 1352 λογικῶν
1119 1249 1315 1352 προβάτων
1368 1321 1371 1328 .

119 1371 319 1469 ἐπιμελείας
346 1371 532 1470 ἠκολούθει
562 1370 609 1452 τά
639 1371 859 1473 ἐγκλήματα,
891 1374 949 1452 καὶ
980 1377 1044 1473 τῆς
1072 1377 1120 1456 εἷς
1148 1370 1316 1475 Χριστόν

120 1495 262 1597 ἀγοίπης
281 1493 509 1599 ἐρῤιζωμένην
526 1496 618 1600 ἔχων
636 1495 701 1596 τὴν
715 1496 864 1596 δύναμιν
881 1495 997 1578 ἐκάλει
1015 1494 1106 1599 πρὸς
1124 1497 1316 1576 εὐπείθειαν
1366 1553 1371 1584 ;

67 1652 107 1693 ιο
121 1616 202 1702 τοῦς
231 1626 307 1703 ταῖς
335 1624 556 1714 διαβολικαῐς
581 1617 731 1704 ἀπάταις
752 1623 1084 1722 σεσαγηνευμέυους
1108 1618 1200 1724 πρὸς
1217 1619 1315 1700 πλά-

56 1773 59 1781 ’
121 1776 237 1843 νησιυ.
278 1743 498 1826 ἀπεκτόνασι
526 1743 598 1847 γὰρ
623 1743 685 1824 τὸν
712 1743 886 1848 μακάριον
906 1743 1048 1849 Πέτρον
1070 1749 1103 1825 οἱ
1127 1747 1185 1826 καὶ
1210 1751 1317 1826 τοῦτο

7 1957 8 1960 ¹
121 1869 252 1967 δρᾶσαι
279 1865 538 1967 τολμήσαντες,
561 1869 628 1974 οὐχ
655 1867 774 1972 ἐτέρας
802 1868 914 1953 αἰτίας
942 1867 1153 1974 ἐπιγράφειν
1176 1869 1317 1972 ἔχοντες

121 1991 226 2098 αὐτῷ,
257 1989 372 2091 μόνην
404 1989 441 2071 δέ
479 1989 544 2090 τὴν
576 1997 624 2077 είς
654 1993 820 2094 Χριστὸν
850 1996 1085 2095 ἐγκαλοῦντες
1118 1992 1314 2088 εῦσείῦειαν.
1327 2007 1486 2068 amu.

121 2113 199 2194 ἐστι
223 2115 342 2195 τοίνυν
361 2116 419 2196 καὶ
444 2114 502 2195 διά
524 2115 659 2196 τούτων
679 2119 772 2214 ἰδεῖν,
792 2116 846 2196 ότι
865 2117 1051 2222 χρησίμως
1069 2151 1107 2196 τε
1128 2119 1186 2196 καὶ
1205 2118 1316 2216 ἀναγ-

68 2269 107 2330 ¹5
122 2237 226 2321 καίοις
245 2240 265 2317 ό
288 2237 419 2341 Κόριος
446 2239 545 2339 ἡμῶν
560 2242 704 2340 Ἰησοῦς
722 2241 742 2318 ό
760 2240 922 2343 Χριστὸς
947 2239 1228 2348 προανεφιόνησε
1253 2245 1318 2317 τοῦ

123 2361 263 2464 Πέτρου
290 2361 355 2462 τὴν
373 2361 552 2464 τελευτὴν,
570 2364 628 2442 ἵνα
655 2366 698 2442 δι’
719 2359 769 2443 ὧν
796 2363 925 2462 ἔμελλε
953 2370 1079 2444 παθεῖν
1101 2369 1318 2466 κατασφρα-

106 2487 210 2592 ’γίσῃ
235 2483 370 2589 τρόπον
387 2485 467 2566 τινά
494 2490 552 2569 καὶ
575 2485 707 2588 ἀληθὲς
725 2486 883 2594 ἐπιδείξῃ
910 2486 952 2567 τὸ
980 2485 1071 2590 πρὸς
1099 2485 1206 2566 αὐτὸν
1225 2490 1317 2588 είρη-

122 2609 229 2708 με’νον
256 2621 277 2658 “
293 2614 377 2706 Ναὶ,
399 2612 522 2714 Κύριε,
544 2609 594 2690 σῦ
622 2607 719 2695 οἶδας
748 2614 801 2690 ὅτι
824 2616 923 2715 φιλῶ
947 2611 1024 2691 σε.”
1052 2605 1095 2690 τό
1123 2609 1194 2712 γάρ
1223 2609 1318 2692 ὅλως
1361 2613 1469 2733 effi

122 2737 334 2833 τελευτῆσαι
361 2731 421 2813 διά
447 2733 490 2814 τδ
514 2731 689 2838 κήρυγμα,
708 2739 786 2819 πῶς
812 2734 875 2813 οῦκ
901 2731 947 2813 ἀν
971 2733 1108 2837 γε’νοιτο
1134 2731 1259 2839 σαφής
1280 2766 1318 2814 τε

68 2893 109 2934 ιο
122 2858 180 2935 καὶ
208 2857 459 2964 ἀναμφίλογος
483 2865 547 2937 τοῦ
573 2865 694 2964 φιλεῖν
716 2854 907 2966 ἀπόδειξις,
925 2860 983 2937 καὶ
1009 2857 1064 2937 ότι
1090 2861 1155 2956 τῆς
1181 2857 1320 2941 τελείας

121 2977 275 3082 ἀγάπης,
295 2983 387 3088 φημὶ
416 2980 460 3080 δὴ
486 2985 551 3080 τῆς
576 2987 625 3065 είς
643 2979 817 3082 Χριστόν,
837 2981 914 3061 κατ’
933 2981 1058 3062 οῦδένα
1075 2977 1211 3084 τρόπον
1228 2982 1316 3060 ἀπε·

122 3102 342 3202 λιμπάνετος
375 3102 530 3204 ἐπιλέγει
557 3102 671 3207 γεμὴυ
698 3102 751 3188 οἷς
768 3105 838 3208 ἔφη
857 3103 1020 3207 Χριστός
1047 3110 1100 3212 τῶ
1119 3103 1247 3212 Πέτριρ
1275 3099 1351 3182 τόδ

121 3227 307 3309 Ἀκιλοόθει
334 3263 405 3334 μοι,
423 3226 585 3330 δήλωσιν
612 3226 677 3326 μέν
698 3227 792 3334 ἕχον,
818 3231 866 3313 ὡς
894 3231 932 3308 ἐν
960 3229 1096 3334 διανοίᾳ
1124 3230 1225 3334 κοινῇ
1254 3231 1323 3327 τῆς

123 3351 214 3432 κατά
242 3353 437 3452 μαθητείαν
461 3349 650 3451 νοουμένης
674 3349 959 3451 ἀκολουθήσεως,
987 3353 1256 3453 αἰνιγματωδῶς
1281 3350 1321 3430 δέ

69 3501 110 3562 ²5
122 3474 235 3557 πάλιν
254 3477 477 3580 ῦπεμφαῖνον
496 3472 587 3554 κατοί
610 3509 652 3577 γε
672 3473 713 3555 τό
731 3473 820 3559 είκδς
838 3475 957 3577 ἕτερον
978 3476 1089 3572 οὐδὲν,
1107 3473 1131 3575 ἢ
1151 3475 1206 3555 ότι
1226 3471 1317 3554 Κατ’

123 3598 221 3705 ἴχνος
246 3598 353 3704 ἔρχου
380 3597 550 3678 κινδύνων
569 3605 641 3678 τῶν
659 3599 765 3697 ἐμῶν,
784 3601 842 3677 καὶ
867 3595 932 3696 τὴν
951 3596 1061 3699 αὐτὴν
1080 3601 1183 3680 οἱονεὶ
1208 3599 1314 3693 βαδί-

123 3719 192 3824 ζων
211 3722 305 3819 ὁδὸν,
324 3722 419 3829 ἔργῳ
444 3755 482 3802 τε
508 3726 564 3801 καὶ
584 3721 685 3830 λόγιρ
703 3720 767 3806 τὰς
786 3728 860 3802 τῶν
877 3719 1101 3823 κεκλημένων
1119 3719 1320 3830 ὠφελήσας

123 3843 258 3951 ψυχὰς,
277 3848 335 3924 καὶ
359 3847 413 3925 ἐπ’
433 3844 542 3926 αὐτὸν
563 3845 649 3925 ίέναι
672 3843 831 3925 κατόκνει
857 3846 1029 3944 μηδαμῶς
1047 3844 1112 3925 τὸν
1129 3847 1185 3924 ἐπὶ
1204 3843 1321 3952 ξύλου

123 3966 289 4066 θάνατον,
321 3966 362 4048 όν
392 3971 449 4049 καὶ
480 3969 668 4070 συμβῆναί
695 3975 811 4074 φησιν
843 3967 931 4047 ὅταν
960 3973 1008 4052 είς
1041 3973 1155 4070 γῆρας
1186 3966 1317 4073 ἐλάσῃ,

163 4267 186 4306 1.
204 4249 291 4306 ίκεισί
302 4271 330 4305 τι
343 4267 397 4305 om.
410 4249 444 4305 Ε.
531 4267 558 4316 4.
574 4248 793 4320 προονιφάνησεν
806 4247 838 4302 Ε.
850 4247 1038 4318 προτφίινησεν
1051 4245 1102 4302 Εδ.
1213 4285 1220 4300 .
1237 4247 1319 4302 τόποι

123 4323 170 4376 τοῦ
182 4320 292 4377 θανάτου
303 4321 411 4376 inverso
422 4318 515 4375 ordine
524 4317 556 4374 Ε.
662 4319 689 4372 6.
707 4316 761 4372 οὐδ’
774 4318 806 4372 ἂν
817 4335 870 4373 om.
885 4319 983 4387 (spatio
997 4333 1027 4372 ιτ
1040 4317 1093 4372 tm
1105 4317 1156 4372 litt.
1208 4317 1272 4386 ὀιο)
1285 4315 1319 4373 Ε.

124 4409 142 4462 9
153 4401 180 4447 οι
195 4407 236 4446 12.
255 4393 301 4460 τὴν
318 4389 423 4460 δύναμιν
441 4407 505 4453 om„
518 4389 660 4460 δρασιιντιε
674 4405 723 4459 pro
735 4387 831 4459 δρᾶσαι
843 4387 1029 4459 τολμήσαντες,
1042 4388 1141 4459 (spatio
1157 4404 1188 4442 ιτ
1199 4387 1255 4442 fere
1266 4387 1319 4444 litt.

124 4473 169 4518 υιτ
204 4479 238 4516 ue
250 4463 309 4517 1οςο
321 4461 423 4532 τείνετο)
437 4460 470 4518 Ε.
674 4475 714 4526 ¹⁴·
733 4480 762 4514 τε
773 4476 827 4514 om.
841 4458 872 4515 E.
1071 4472 1112 4530 15.
1131 4461 1146 4514 ό
1159 4459 1204 4514 ιλ.
1217 4475 1272 4514 om.
1285 4457 1318 4515 Ε.
1355 4459 1360 4468 ’

127 4547 168 4606 17.
221 4533 288 4602 ηθῦς
300 4531 333 4587 Ε.
512 4545 554 4602 η.
573 4529 756 4600 κεκολειμίνων
769 4529 801 4585 E.
