3300 5138
287 351 351 416 580
609 348 649 411 Β.
673 346 860 412 CYRILLI
890 346 1154 411 ALEXANDR.

287 516 395 595 αὑτοῦ
423 517 481 594 καὶ
498 511 615 617 σοφία
643 513 700 590 καὶ
724 507 882 608 δύναμις,
901 517 979 594 πῶς
997 511 1172 614 ἐνδέχεται
1192 511 1274 613 δίχα
1293 504 1408 610 λόγου
1427 509 1487 585 καὶ

288 637 423 742 σοφίας
451 639 511 716 καὶ
533 632 713 734 δυνάμεως
731 635 893 713 νοεῖσθαί
913 667 1001 714 ποτε
1025 630 1089 713 τόν
1110 630 1278 734 Πατέρα;
1309 637 1386 715 πῶς
1406 629 1487 728 δέἡ

288 759 406 865 σοφία
423 768 488 839 τοῦ
506 764 602 839 Θεοῦ
626 759 684 837 καὶ
704 754 825 857 Λόγος
843 757 1026 836 αὑτοῦκαὶ
1045 757 1068 856 ἡ
1086 757 1233 856 δύναμις
1252 757 1360 835 αὑτοῦ
1379 751 1487 833 νοοῖτ’

255 881 334 962 dciv
351 915 440 962 ποτε
464 882 547 986 δίχα
567 888 631 960 τοῦ
651 877 818 980 Πατρόςς
849 877 872 979 ἢ
898 885 975 964 πῶς
992 879 1056 958 οὑκ
1079 876 1265 985 ἐνυπάρξει
1283 875 1369 957 ποτέ
1390 877 1490 984 αὑτῶ

289 1007 309 1084 ὁ
325 1002 510 1111 χαρακτὴρ
526 1003 634 1083 αὑτοῦ
649 1035 660 1099 ;
690 1008 767 1084 πῶς
786 1000 824 1081 δὲ
842 1005 900 1081 καὶ
919 1004 939 1081 ό
957 1000 1143 1106 χαρακτὴρ
1158 1004 1241 1106 δίχα
1258 1009 1322 1082 τοῦ
1341 997 1489 1102 Πατρός
1505 1027 1524 1086 5

288 1129 330 1209 οῦ
347 1130 427 1208 ε’στι
445 1123 656 1233 χαρακτήρ;

342 1253 467 1332 Ἀλλά
495 1261 612 1356 φασιν
643 1247 698 1327 ότι
728 1249 770 1327 οὑ
801 1247 1004 1328 συναπτέον
1037 1246 1242 1328 ὑπόστασιν
1274 1246 1491 1344 ὑποστάσει,

288 1377 368 1456 οὔτε
391 1373 456 1459 τὰς
480 1377 519 1454 έν
535 1378 601 1479 μιᾷ
620 1373 734 1478 οὐσία
758 1371 1000 1476 ὑπαρχούσας,
1038 1374 1096 1451 καὶ
1122 1370 1218 1475 τάχα
1242 1404 1313 1449 που
1338 1366 1384 1448 τό
1401 1371 1488 1449 καθ’

287 1498 379 1598 ἡμᾶς
407 1496 711 1602 παρακομίζουσιν
739 1500 788 1580 είς
815 1495 998 1602 ἀπόδειξιν
1026 1501 1098 1574 τῶν
1123 1494 1242 1578 αὑτοῖς
1269 1497 1487 1597 πεφλυαρη-

286 1620 414 1720 μένων.
1512 1652 1551 1692 ιο
1611 1673 1612 1680 .

344 1741 435 1823 Eira
460 1749 537 1827 πῶς
560 1743 624 1822 οῦκ
649 1740 717 1821 έδει
735 1747 827 1820 νοεῖν
845 1739 985 1836 αὐτοῦς,
1007 1739 1061 1820 ὅτι
1080 1738 1127 1819 τὰ
1145 1745 1208 1838 τῆς
1227 1741 1322 1822 θείας
1341 1739 1494 1844 φάσεως

287 1864 358 1947 ’ίδια
378 1870 436 1948 καὶ
459 1867 622 1972 ἐξαίρετα
647 1866 689 1944 οῦ
712 1863 770 1944 διὰ
788 1870 862 1943 τῶν
881 1866 965 1944 καθ’
985 1865 1076 1964 ἡμᾶς
1093 1862 1308 1966 κανονίζεται
1326 1868 1490 1961 μᾶλλον,

258 1991 372 2070 οάλλ’
393 1991 430 2070 έν
449 1990 548 2074 ἰδίοις
570 1992 640 2068 εἶσὶ
665 1986 802 2089 λόγοις,
822 1990 881 2066 καὶ
901 1986 1023 2068 πίστει
1048 1985 1281 2086 λαμβάνεται,
1298 2020 1491 2090 περιεργο-

286 2114 398 2215 τέρων
424 2111 464 2192 δὲ
490 2118 680 2215 λογισμῶν
698 2113 762 2191 οῦκ
786 2109 972 2216 άνέχεται;
1001 2114 1066 2208 μία
1090 2108 1161 2214 γὰρ
1181 2110 1292 2216 φάσις
1318 2113 1396 2190 ἐστὶ
1422 2115 1492 2210 τῆς

287 2235 441 2341 άρῤήτου
467 2233 632 2336 θεότιμος
654 2237 692 2314 έν
710 2232 911 2316 ὑποστάσει
936 2235 1039 2336 τρισί
1059 2267 1097 2314 τε
1122 2238 1181 2314 καὶ
1205 2239 1340 2333 ίδικαῖς,
1359 2234 1430 2341 ἔξω
1451 2232 1493 2314 δέ
1510 2267 1547 2326 15

286 2367 359 2440 τῶν
378 2361 458 2440 καθ’
477 2361 568 2458 ἡμᾶς
593 2361 672 2438 ε’στὶ
699 2357 832 2459 λόγων,
854 2360 913 2438 καὶ
937 2365 1011 2441 τοῖς
1037 2363 1110 2437 τῶν
1132 2357 1341 2453 κτισμάτων
1365 2359 1492 2439 ἔθεσιν

287 2486 351 2564 οὑκ
376 2486 575 2564 ἀκολουθεῖ.
611 2483 670 2561 καὶ
694 2489 800 2561 τοῦτο
818 2483 858 2560 ἐκ
882 2487 1036 2562 πολλῶν
1054 2480 1155 2560 ἔστιν
1173 2485 1269 2560 ἰδεῖν.
1304 2482 1402 2581 ἡμεῖς
1420 2483 1492 2582 μὲν

286 2605 359 2711 γὰρ
383 2606 532 2711 πατέρες
557 2603 667 2704 ε’σμέν
699 2610 772 2683 τῶν
800 2603 897 2683 ἰδίων
925 2603 1057 2684 τέκνων
1084 2602 1176 2683 κατὰ
1200 2602 1396 2707 άπόρῥοιαν
1428 2610 1491 2686 καὶ

287 2729 475 2834 μερισμόν.
515 2731 694 2833 ἀναχωρεῖ
707 2725 779 2830 γὰρ
797 2723 839 2805 τό
858 2726 1081 2826 γεννώμενον
1099 2732 1147 2810 είς
1166 2724 1280 2826 ἰδικὴν
1298 2725 1492 2831 ἑτερότητα

118 2883 236 2940 oooA.
257 2851 354 2954 ατὴν
372 2860 420 2938 είς
448 2850 545 2934 ἅπαν
563 2855 623 2930 καὶ
650 2853 870 2954 ὁλοσχερῶς.
911 2851 995 2928 ἀλλ’
1017 2851 1085 2953 οὑχ
1111 2850 1223 2933 οὕτως
1245 2853 1285 2930 ἐκ
1306 2859 1371 2930 τοῦ
1390 2857 1491 2932 Θεοῦ
1507 2883 1546 2924 νο

288 2980 346 3057 καὶ
367 2974 512 3078 Πατρός
530 2972 746 3075 γεννηθῆναί
766 2976 886 3076 φαμεν
904 2969 967 3051 τὸν
985 2971 1087 3052 Υὶόν·
1127 2971 1315 3080 ἐξέλαμψε
1332 2973 1491 3078 μὲνγὰρ

288 3105 352 3198 τῆς
378 3100 503 3183 οὐσίας
530 3098 649 3193 αὑτοῦ,
678 3098 736 3174 καὶ
763 3093 974 3202 ε’ξηνγάσθη
1003 3093 1124 3200 φωτὸς
1152 3096 1266 3195 δίκην,
1307 3100 1392 3176 ἀλλ’
1423 3101 1492 3180 οὐκ

288 3223 358 3328 ἔξω
384 3221 530 3324 γε’γονεν
548 3222 668 3318 αὑτοῦ,
686 3219 771 3298 ἀλλ’
790 3218 835 3325 ἐξ
858 3219 966 3298 αὑτοῦ
983 3219 1026 3299 τέ
1042 3221 1122 3299 ε’στι
1144 3220 1203 3299 καὶ
1222 3222 1260 3299 ἐν
1278 3222 1386 3328 αὑτοῦ·
1429 3225 1491 3302 καὶ

288 3346 526 3446 πρεσβύτεροι
555 3343 620 3439 μὲν
650 3346 684 3421 οἱ
714 3343 797 3445 παρ’
823 3341 907 3442 ἡμῖν
936 3341 1086 3444 πατέρες
1113 3348 1185 3421 τῶν
1214 3343 1311 3423 ίδίων
1340 3343 1488 3426 τέκνων·

288 3467 421 3567 ἥκιστα
439 3464 475 3546 δὲ
494 3475 599 3545 τοῦτο
618 3463 750 3564 ἀληθές
771 3466 829 3545 ε’πὶ
848 3470 956 3545 Θεοῦ.
991 3463 1242 3570 σννυφεῦτηκε
1261 3465 1335 3571 γὰρ
1360 3470 1413 3548 ἀεὶ
1436 3476 1491 3576 τῷ
1506 3507 1546 3566 ²5

290 3591 419 3693 Πατρὶ,
438 3591 496 3669 καὶ
519 3585 748 3692 συνάναρχον
771 3587 841 3693 ἔχει
862 3586 928 3688 τὴν
947 3587 1100 3696 ὕπαρξιν
1118 3594 1170 3696 τῷ
1195 3591 1271 3698 ίδίερ
1293 3590 1489 3695 γεννήτορι,

328 3829 350 3868 1.
369 3811 498 3883 ἐνδέχεται
510 3811 571 3882 δίχα
582 3812 663 3882 λόγου
672 3811 714 3865 καὶ
728 3807 872 3883 [noiomh
899 3813 998 3882 σοφίας
1009 3813 1050 3866 καὶ
1063 3813 1191 3882 δυνάμεως
1200 3811 1251 3868 hoo
1260 3811 1354 3868 ordine
1363 3813 1428 3869 A.l'.
1450 3814 1488 3870 λι.

289 3883 351 3954 δίχα
363 3884 444 3953 λόγου
456 3884 497 3937 καὶ
509 3883 637 3950 δυνάμεως
649 3882 691 3935 καὶ
703 3882 802 3952 σοφίας
814 3881 866 3936 ένῦ.
906 3881 933 3936 d.
1160 3900 1185 3938 2.
1203 3882 1491 3956 ἡσοφίοιιολόλογος

289 3951 488 4078 ’03ιῖ3ίὶλὶ
581 3969 607 4023 ³·
625 3951 1490 4080 ἦἓἫίἶ“·ἒ”Σῗ“ίΡῗ.ἓξθλλαιέοῗῗῖἶώὗῖιέἕξ

288 4041 375 4165 ιέίγὸρ
388 4112 415 4164 p.
428 4041 491 4160 ξῦν,
507 4092 547 4160 16,
560 4092 646 4162 pergit
658 4091 780 4146 Niketas.
817 4044 833 4093 Χ
850 4043 887 4162 ργ.
898 4044 989 4164 τὑλρλὰ]
1006 4101 1035 4158 ÷
1050 4041 1097 4148 όῦκ
1109 4095 1166 4148 ἔστι
1178 4043 1309 4166 χαροπῶν
1324 4093 1375 4150 Ed.
1388 4111 1489 4168 repug-

290 4164 417 4218 nantibus
430 4163 532 4218 A.1'.D.
617 4178 658 4216 12.
676 4161 830 4229 κανονίξιται
841 4165 945 4231 μᾶλλον
957 4163 1008 4218 hoc
1021 4164 1114 4218 ordine
1126 4165 1160 4218 A.
1253 4181 1294 4234 13.
1312 4165 1370 4220 ἐστι
1383 4165 1424 4219 Mi
1444 4183 1489 4222 ne.

290 4234 493 4304 περιεργοτέραν
504 4233 533 4286 δὲ
545 4231 578 4286 Α.
591 4231 631 4286 καί
642 4232 846 4303 περιεργοτέραν
859 4231 910 4287 Ed.
1057 4247 1098 4306 17.
1118 4235 1146 4288 έκ
1158 4237 1264 4289 πολλῶν
1275 4235 1348 4290 ἔστιν
1360 4235 1425 4290 loeo
1455 4253 1490 4292 oo

291 4304 384 4357 ordine
397 4304 430 4356 A.
444 4304 507 4357 ἰδεῖν
519 4303 592 4356 ἐστὶν
603 4303 630 4356 έκ
643 4305 750 4358 πολλῶν
764 4302 814 4357 Ed.
978 4304 1018 4358 18.
1037 4305 1146 4375 πατέρες
1158 4304 1237 4374 ε’σμίν
1249 4313 1299 4360 τῶν
1311 4305 1382 4361 lotor
1393 4307 1490 4363 τέκνων

291 4374 342 4454 ὴρρ
359 4372 453 4427 ordino
464 4372 498 4426 A.
510 4375 619 4443 πατέρες
636 4373 715 4464 έσμίν
733 4381 793 4442 post
811 4371 905 4427 τέκνων
918 4374 1068 4444 transponit
1081 4375 1131 4428 Ed.
1187 4375 1241 4447 καί]
1258 4381 1286 4440 -1-
1301 4377 1364 4430 torti
1380 4376 1432 4431 Ed.
1446 4379 1489 4432 in-

290 4451 351 4496 vitis
364 4443 436 4496 AD.
577 4459 619 4498 20.
637 4465 678 4497 και
690 4451 859 4512 assumptum
872 4461 904 4496 ex
917 4445 951 4498 A.
1094 4461 1136 4499 τα.
1156 4446 1302 4516 ἐξηνγόσθη
1314 4447 1402 4516 φατὸς
1415 4448 1489 4515 δίκην

290 4511 341 4565 hoc
354 4513 446 4566 ordine
458 4513 491 4564 A.
505 4513 576 4580 δίκην
587 4513 734 4586 ίξηνγόσθη
747 4517 835 4586 φωτός
848 4513 898 4568 Ed.
982 4530 1024 4586 25.
1042 4515 1137 4584 ἀληθές
1149 4517 1190 4571 ε’πὶ
1203 4521 1271 4570 θεοῦ
1283 4517 1333 4574 hoc
1345 4517 1440 4573 ordino
1451 4521 1487 4574 A.
