3278 5130
118 317 153 382 ii.
168 318 241 400 7,8.
358 319 413 384 IN
441 318 700 386 EPISTOLAM
728 317 793 382 AD
823 315 1074 383 HEBRAEOS
1248 317 1340 511 388[
1411 416 1474 486 M]

1353 430 1400 468 110

118 483 185 580 τῆς
200 481 297 588 ἐφ’“
276 488 361 582 ημῖν
378 481 593 585 ἡμερότητος
609 481 676 582 τὴν
693 478 909 585 ὑπερβολήν·
938 490 960 528 “
974 479 1090 561 Τί
1040 514 1112 583 γαρ
1130 482 1230 562 ἐστιν
1248 479 1311 560 ἀυ-
1326 501 1471 617 {upum

118 613 142 650 “
162 608 314 708 θρωπος,
334 603 500 712 φησίν,”
480 639 535 684 οτι
556 603 741 709 μιμνήσκῃ
768 638 887 703 αυτου,
904 641 928 705 η
957 603 1029 688 υἱὸς
1052 602 1279 708 ἀνθροίπου
1260 637 1315 682 οτι

118 736 143 774 “
162 726 359 834 ἐπισκέπτῃ
372 725 481 809 αὐτόν
496 729 530 825 ;”
558 728 601 807 τὸ
618 727 746 832 μικρὸν
759 729 852 807 οὕτω
867 730 924 808 καί
938 725 1077 812 εὐτελές
1090 730 1148 808 καί
1162 723 1234 808 ἀπὸ
1246 724 1315 828 ,γῆς

118 847 221 958 ζῷον.
256 849 447 949 ἠλάττωσε
464 848 538 955 γάρ
559 848 668 931 αὐτὸν
691 849 812 955 βραχύ
834 885 869 930 τι
889 849 975 955 παρ’
994 848 1183 953 ἀγγέλους,
1202 848 1310 950 ἡττῆ·
1327 868 1401 932 Ib·⁷·

79 977 214 1072 5μεθα
240 972 312 1076 γὰρ
338 973 641 1076 ὡμολογουμένως
668 977 732 1073 τῆς
756 979 829 1053 τῶν
852 974 965 1075 ἁγίων
983 973 1152 1076 ἀγγέλων
1170 972 1316 1078 φύσεώς

119 1129 160 1175 τε
186 1099 247 1176 καί
274 1094 394 1203 δόξης.
434 1097 562 1176 οὐκοῦν
589 1103 669 1211 τιμῇ
695 1131 734 1177 τε
764 1106 824 1177 ιιιιί
854 1093 930 1212 δίξη
955 1104 1162 1204 στεφανοῦν
1180 1096 1316 1204 η’ξίωσε
1425 1173 1431 1178 .

121 1221 180 1298 καί
209 1217 397 1321 λαμπροιίς
425 1219 609 1326 ἀπέδειξεν
636 1221 657 1300 ὁ
686 1226 758 1299 τῶν
787 1219 883 1299 ὅλων
905 1220 1012 1304 Θεός·
1052 1218 1315 1325 κεχειροτόνηκε

120 1339 195 1443 γὰρ
221 1347 270 1426 εἰς
297 1339 413 1447 ἀρχὴν
434 1349 508 1422 τῶν
525 1343 584 1423 ἐπὶ
606 1345 670 1442 τῆς
691 1346 758 1444 γῆς
776 1345 834 1423 καί
853 1341 1076 1440 κατέστησεν
1093 1352 1115 1390 “
1134 1340 1242 1422 αι’πδυ
1259 1344 1315 1422 ἐπὶ
1328 1355 1371 1406 1²³.
1382 1355 1433 1406 vffi
1445 1367 1467 1420 7·

120 1475 145 1512 ‘⁴
161 1462 208 1544 τὰ
225 1465 314 1567 ἔργα
330 1472 404 1545 τῶν
421 1466 575 1571 χειρῶν”
595 1467 716 1546 αὐτοῦ.

62 1621 106 1662 ιο
180 1591 252 1667 Καὶ
268 1587 464 1686 τεθαύμακε
481 1587 547 1688 μέν
565 1586 708 1675 εἰκότως
725 1587 771 1670 τά
789 1591 846 1694 ἐφ’
860 1589 944 1690 ἡμῖν
958 1587 1161 1693 ὁμακάριος
1171 1588 1315 1669 Δαυείδ·

119 1709 281 1816 τεχνίτης
304 1710 345 1791 δέ
366 1711 451 1792 λίαν
470 1710 640 1818 ὑπάρχων
658 1715 706 1796 εἰς
730 1713 865 1797 ε’ννοίας
885 1710 1125 1809 πνευματικὰς
1143 1713 1164 1791 ὁ
1183 1711 1313 1817 σοφοί·

119 1866 228 1917 τατος
247 1839 408 1934 Παῦλος,
423 1835 622 1985 περιτρέπει
640 1835 705 1935 μέν
723 1838 865 1920 ἀστεῖος
883 1841 931 1921 εἰς
946 1835 1122 1944 ἐξήγησιν
1138 1834 1317 1938 μυστικὴν

120 1962 195 2036 τῶν
222 1957 412 2061 εἰρημένων
437 1956 504 2057 τὴν
531 1956 744 2058 δόναμιν,’
712 1957 917 2060 οικουμένην
939 1958 976 2039 δέ
1003 1959 1254 2057 μέλλουσαν’
1235 1973 1471 2040 ovo-Summ-

120 2077 223 2182 μάζει
246 2090 310 2161 τοῦ
331 2079 422 2181 μετὰ
443 2090 570 2162 τοῦτον
588 2088 713 2166 αἰῶνος
731 2080 797 2180 τὴν
815 2079 1051 2177 κατάστασιν,
1070 2085 1128 2162 καί
1146 2078 1212 2181 τὴν
1230 2083 1313 2162 ἐσο-
1327 2051 1352 2104 ⁵

62 2233 103 2292 15
120 2203 231 2304 μένην
255 2202 347 2284 κατὰ
373 2239 515 2308 καιρους
541 2211 614 2285 τῶν
641 2203 864 2284 δοθείντων
843 2212 928 2303 ημῖν
955 2203 1234 2310 ἐπανάληψιν*
1205 2237 1318 2306 ηγουν

121 2325 363 2430 ἐκπλήρωσιν.
403 2328 697 2426 διαπεπτώκαμεν
721 2326 806 2432 γάρ,
827 2331 875 2413 ὡς
897 2328 1002 2434 ἐφην,
1025 2331 1089 2427 τῆς
1112 2325 1257 2430 χάριτος
1279 2329 1318 2406 ἐν

120 2447 255 2550 Ἀδάμ·
295 2451 429 2554 εἴρηται
453 2450 519 2551 μέν
536 2451 608 2555 γὰρ
626 2454 674 2536 ὡς
692 2450 810 2559 ἐκείνῳ
830 2454 889 2532 καὶ
912 2451 1043 2560 πρώτῳ
1062 2457 1107 2558 τῇ
1126 2449 1318 2552 ἀνθρώπου

120 2572 233 2679 φύσει
259 2573 350 2680 τά,“
367 2573 576 2682 Αὐξάυεσθε
597 2575 657 2654 καὶ
681 2574 910 2674 πληθύνεσθε
935 2576 993 2654 καί
1021 2573 1317 2678 κατακυριεύσατε
1331 2589 1473 2642 0⁰³⁴&

119 2704 143 2743 “
162 2696 304 2795 αὐτῆς·”
345 2699 391 2778 νῦν
410 2693 446 2779 δὲ
473 2699 564 2778 οὕτω
586 2701 702 2807 φησὶν
721 2697 839 2807 δράμεν
857 2703 948 2808 αὐτῷ
973 2696 1020 2780 τίι
1048 2699 1166 2779 πάντα
1192 2703 1314 2778 ὑπιτι·
1329 2728 1382 2765 ver.
1395 2713 1420 2764 8·

62 2861 106 2900 ιο
119 2816 291 2921 ταγμένυι.
337 2820 464 2901 οὐκοῦν
494 2820 559 2903 τόν
587 2831 651 2902 τοῦ
686 2820 898 2924 πράγματος
931 2822 1053 2925 καιρόν
1083 2822 1202 2925 ἕτερον
1232 2821 1319 2902 ὄντα

119 2939 330 3045 ζητήσωμεν
347 2945 429 3023 καθ’
457 2942 499 3024 ὃν
517 2944 619 3025 ἐσται
647 2947 706 3026 καὶ
733 2943 865 3044 ἀληθές
891 2944 933 3024 τὸ
962 2947 1018 3051 ἐφ’
1037 2945 1121 3045 ἡμῖν
1138 2943 1319 3047 εἰρημένον

118 3062 221 3167 παρὰ
246 3075 310 3146 τοῦ
338 3066 538 3172 ψεύδεσθαι
565 3067 615 3168 μὴ
640 3065 774 3153 εἰδότος
793 3074 899 3150 Θεοῦ.
936 3068 1106 3174 ταύτητοί
1130 3077 1225 3174 φησι
1253 3067 1320 3168 τὴν

119 3187 326 3289 οἰκουμένην
358 3191 425 3289 τὴν
450 3192 667 3292 μέλλουσαν
702 3193 766 3270 οὐκ
804 3191 976 3293 ἀγγέλοις
1012 3197 1158 3291 μᾶλλον
1188 3193 1317 3273 ὑπατε-

118 3309 251 3416 τάχθαι
268 3313 352 3415 παρ’
373 3315 492 3410 αὐτοῦ,
512 3316 736 3416 δεδωρῆσθαι
755 3311 792 3393 δέ
810 3322 916 3394 τοῦτο
935 3321 1007 3399 τοῖς
1026 3316 1082 3395 ἐπὶ
1099 3318 1164 3413 τῆς
1181 3319 1260 3416 γῆς.

62 3463 105 3525 ²5
170 3433 259 3515 Ὅτι
283 3434 322 3515 δέ
339 3439 420 3537 περὶ
446 3439 511 3534 τῆς
539 3435 748 3534 μελλούσης
775 3436 859 3535 ἡμῖν
882 3438 1085 3537 οἰκουμένης
1112 3443 1145 3518 οἰ
1173 3471 1317 3535 μυστα-

120 3559 236 3658 γονγοί
253 3559 489 3661 διαλέγονται,
507 3565 584 3642 πῶς
607 3555 652 3638 ἀν
674 3560 871 3640 ἐνδοιάσειέ
892 3593 970 3655 τις;
1000 3557 1219 3666 ἀφιστάντες
1245 3560 1318 3665 γὰρ

116 3686 193 3759 τῶν
217 3680 469 3781 ἐνεστηκότων,
491 3679 603 3783 ζητεῖν
628 3683 861 3764 ἀναπείθουσι
888 3681 934 3762 τδι
958 3682 1112 3782 ἐσόμενα
1140 3687 1199 3764 καὶ
1226 3694 1249 3730 “
1261 3686 1318 3764 ἐπὶ
1330 3703 1439 3754 Pfflffi.
1449 3717 1487 3768 τι·

117 3813 142 3854 “
159 3802 203 3884 τὸ
229 3812 401 3909 βραβεῖον
422 3809 486 3903 τῆς
505 3803 579 3884 ἀνω
599 3802 790 3904 κλήσεως”
814 3804 1020 3908 ἐπείγεσθαι
1047 3810 1120 3887 δεῖν
1147 3814 1314 3905 συμβου-

116 3927 267 4008 λεόουσι
291 3931 351 4009 καὶ
374 3927 529 4028 τὴντῶν
547 3928 659 4030 ἁγίων
677 3928 807 4008 ἐλπίδα
831 3931 945 4034 διψῆν
964 3930 1046 4008 καθ’
1067 3927 1112 4030 ἦν
1128 3927 1175 4008 τὰ
1198 3927 1318 4010 πάντα

59 4081 102 4138 30
116 4052 238 4134 αὐτοῖς
271 4051 560 4157 ιίποταχθήσεται
593 4052 650 4131 καί
683 4050 1004 4152 κατακυριεόσουσι
1036 4054 1100 4150 τῆς
1128 4056 1206 4154 γῆς.
1258 4054 1318 4132 καί

116 4172 226 4259 αὐτὸς
243 4208 265 4253 ο
251 4173 413 4278 Σωτηρ
431 4175 640 4275 διεμέμνητο
664 4174 784 4275 λέγων
810 4181 832 4220 “
848 4171 1086 4277 Μακάριοι
1055 4207 1088 4252 οι
1115 4181 1239 4276 πραεῖς
1263 4208 1318 4254 οτι
1332 4185 1357 4236 S
1365 4183 1460 4238 Μ

117 4309 141 4348 “
160 4298 259 4378 αι’ποι
288 4296 605 4403 κληρονομήσουσι
632 4294 699 4398 τὴν
717 4298 821 4398 γῆν.”
858 4297 910 4381 τίς
935 4294 1048 4376 οὖν
1020 4331 1090 4399 αροι
1116 4299 1216 4377 ἐστὶν
1234 4332 1255 4377 ο
1241 4299 1316 4378 ““δι
1331 4263 1390 4315 ⁵

582 4473 606 4530 ⁶.
625 4495 654 4529 τι
667 4473 740 4544 prius
753 4490 807 4528 οαι.
821 4471 867 4528 Cr.
