<?xml version="1.0" encoding="UTF-8"?>
<!DOCTYPE html PUBLIC "-//W3C//DTD XHTML 1.0 Transitional//EN"
    "http://www.w3.org/TR/xhtml1/DTD/xhtml1-transitional.dtd">
<html xmlns="http://www.w3.org/1999/xhtml" xml:lang="en" lang="en">
 <head>
  <title>
</title>
<meta http-equiv="Content-Type" content="text/html;charset=utf-8" />
  <meta name='ocr-system' content='tesseract 3.04.00' />
  <meta name='ocr-capabilities' content='ocr_page ocr_carea ocr_par ocr_line ocrx_word'/>
</head>
<body>
  <div class='ocr_page' id='page_1' title='image "./sanctipatrisnos01pusegoog_0199.png"; bbox 0 0 3268 5130; ppageno 0'>
   <div class='ocr_carea' id='block_1_1' title="bbox 183 307 1524 618">
    <p class='ocr_par' dir='ltr' id='par_1_1' title="bbox 183 307 1524 618">
     <span class='ocr_line' id='line_1_1' title="bbox 331 307 1524 390; baseline -0.003 -18"><span class='ocrx_word' id='word_1_1' title='bbox 331 309 396 372; x_wconf 78' lang='lat'>186</span> <span class='ocrx_word' id='word_1_2' title='bbox 478 311 519 376; x_wconf 91' lang='lat' dir='ltr'>B.</span> <span class='ocrx_word' id='word_1_3' title='bbox 542 311 733 377; x_wconf 77' lang='lat' dir='ltr'><strong>cYRILLl</strong></span> <span class='ocrx_word' id='word_1_4' title='bbox 758 311 1024 378; x_wconf 79' lang='lat' dir='ltr'>ALEXANDR.</span> <span class='ocrx_word' id='word_1_5' title='bbox 1051 307 1333 376; x_wconf 64' lang='lat' dir='ltr'><strong>FRAGMENTA</strong></span> <span class='ocrx_word' id='word_1_6' title='bbox 1376 329 1408 372; x_wconf 85' lang='grc' dir='ltr'>τ.</span> <span class='ocrx_word' id='word_1_7' title='bbox 1425 308 1464 371; x_wconf 84' lang='lat'>18</span> <span class='ocrx_word' id='word_1_8' title='bbox 1478 328 1524 390; x_wconf 72' lang='lat' dir='ltr'>sq.</span> 
     </span>
     <span class='ocr_line' id='line_1_2' title="bbox 183 433 1499 618; baseline -0.001 -31"><span class='ocrx_word' id='word_1_9' title='bbox 183 433 317 608; x_wconf 42' lang='lat'>[⁸¹:21-</span> <span class='ocrx_word' id='word_1_10' title='bbox 354 527 437 616; x_wconf 85' lang='grc' dir='ltr'>’λρα</span> <span class='ocrx_word' id='word_1_11' title='bbox 463 523 521 594; x_wconf 81' lang='grc' dir='ltr'>οὖν</span> <span class='ocrx_word' id='word_1_12' title='bbox 545 527 593 593; x_wconf 78' lang='grc' dir='ltr'>ὡς</span> <span class='ocrx_word' id='word_1_13' title='bbox 620 529 657 595; x_wconf 81' lang='grc' dir='ltr'>δι’</span> <span class='ocrx_word' id='word_1_14' title='bbox 682 531 758 597; x_wconf 77' lang='grc' dir='ltr'>ἑνὸς</span> <span class='ocrx_word' id='word_1_15' title='bbox 784 527 1052 618; x_wconf 67' lang='grc' dir='ltr'>παραπτώματος</span> <span class='ocrx_word' id='word_1_16' title='bbox 1078 525 1126 593; x_wconf 79' lang='grc' dir='ltr'>εἰς</span> <span class='ocrx_word' id='word_1_17' title='bbox 1152 527 1276 592; x_wconf 83' lang='grc' dir='ltr'>πάντας</span> <span class='ocrx_word' id='word_1_18' title='bbox 1302 521 1499 612; x_wconf 69' lang='grc' dir='ltr'>ἀνθρώπους</span> 
     </span>
    </p>
   </div>
   <div class='ocr_carea' id='block_1_2' title="bbox 737 653 1123 744">
    <p class='ocr_par' dir='ltr' id='par_1_2' title="bbox 737 653 1123 744">
     <span class='ocr_line' id='line_1_3' title="bbox 737 653 1123 744; baseline -0.008 -24"><span class='ocrx_word' id='word_1_19' title='bbox 737 653 783 720; x_wconf 85' lang='grc' dir='ltr'>εἶτ</span> <span class='ocrx_word' id='word_1_20' title='bbox 811 657 994 744; x_wconf 80' lang='grc' dir='ltr'>κατάκριμα</span> <span class='ocrx_word' id='word_1_21' title='bbox 1021 667 1123 720; x_wconf 83' lang='grc' dir='ltr'>κ.τ.λ.</span> 
     </span>
    </p>
   </div>
   <div class='ocr_carea' id='block_1_3' title="bbox 158 825 1579 3028">
    <p class='ocr_par' dir='ltr' id='par_1_3' title="bbox 325 825 1578 2042">
     <span class='ocr_line' id='line_1_4' title="bbox 386 825 1526 932; baseline -0.005 -26"><span class='ocrx_word' id='word_1_22' title='bbox 386 827 620 928; x_wconf 72' lang='grc' dir='ltr'>Προσεπάγει</span> <span class='ocrx_word' id='word_1_23' title='bbox 640 835 718 912; x_wconf 82' lang='grc' dir='ltr'>ταῖς</span> <span class='ocrx_word' id='word_1_24' title='bbox 741 830 984 932; x_wconf 80' lang='grc' dir='ltr'>προκειμέναις</span> <span class='ocrx_word' id='word_1_25' title='bbox 1006 827 1152 909; x_wconf 80' lang='grc' dir='ltr'>ἐννοίαις</span> <span class='ocrx_word' id='word_1_26' title='bbox 1169 827 1190 903; x_wconf 83' lang='grc' dir='ltr'><strong>ὁ</strong></span> <span class='ocrx_word' id='word_1_27' title='bbox 1208 825 1400 906; x_wconf 72' lang='grc' dir='ltr'>θεαπείτιος</span> <span class='ocrx_word' id='word_1_28' title='bbox 1420 827 1526 902; x_wconf 83' lang='grc' dir='ltr'>Παῦ-</span> 
     </span>
     <span class='ocr_line' id='line_1_5' title="bbox 329 941 1526 1058; baseline -0.003 -24"><span class='ocrx_word' id='word_1_29' title='bbox 329 961 396 1034; x_wconf 79' lang='grc' dir='ltr'>λος</span> <span class='ocrx_word' id='word_1_30' title='bbox 420 953 524 1030; x_wconf 78' lang='grc' dir='ltr'>οἱονεὶ</span> <span class='ocrx_word' id='word_1_31' title='bbox 546 951 588 1030; x_wconf 79' lang='grc' dir='ltr'>τὸ</span> <span class='ocrx_word' id='word_1_32' title='bbox 614 953 864 1054; x_wconf 67' lang='grc' dir='ltr'>σνμπερασμα</span> <span class='ocrx_word' id='word_1_33' title='bbox 890 951 954 1031; x_wconf 86' lang='grc' dir='ltr'>καί</span> <span class='ocrx_word' id='word_1_34' title='bbox 977 957 1095 1058; x_wconf 85' lang='grc' dir='ltr'>φησιν</span> <span class='ocrx_word' id='word_1_35' title='bbox 1114 947 1207 1058; x_wconf 70' lang='grc' dir='ltr'>Ἀρι</span> <span class='ocrx_word' id='word_1_36' title='bbox 1236 947 1285 1029; x_wconf 80' lang='grc' dir='ltr'>οῦν</span> <span class='ocrx_word' id='word_1_37' title='bbox 1311 952 1355 1033; x_wconf 73' lang='grc' dir='ltr'>ἀς</span> <span class='ocrx_word' id='word_1_38' title='bbox 1383 941 1425 1026; x_wconf 84' lang='grc' dir='ltr'>δι’</span> <span class='ocrx_word' id='word_1_39' title='bbox 1455 947 1526 1031; x_wconf 64' lang='grc' dir='ltr'>ἔθος</span> 
     </span>
     <span class='ocr_line' id='line_1_6' title="bbox 328 1069 1556 1182; baseline 0.006 -32"><span class='ocrx_word' id='word_1_40' title='bbox 328 1073 616 1182; x_wconf 78' lang='grc' dir='ltr'>παραπιίματις</span> <span class='ocrx_word' id='word_1_41' title='bbox 651 1077 710 1154; x_wconf 78' lang='grc' dir='ltr'>καὶ</span> <span class='ocrx_word' id='word_1_42' title='bbox 737 1074 786 1154; x_wconf 90' lang='grc' dir='ltr'>τά</span> <span class='ocrx_word' id='word_1_43' title='bbox 816 1075 914 1182; x_wconf 81' lang='grc' dir='ltr'>ἑξῆς.</span> <span class='ocrx_word' id='word_1_44' title='bbox 960 1075 1238 1177; x_wconf 84' lang='grc' dir='ltr'>κατακεκρίμεθα</span> <span class='ocrx_word' id='word_1_45' title='bbox 1265 1070 1331 1170; x_wconf 78' lang='grc' dir='ltr'>μέν</span> <span class='ocrx_word' id='word_1_46' title='bbox 1359 1069 1442 1173; x_wconf 89' lang='grc' dir='ltr'>γάρ,</span> <span class='ocrx_word' id='word_1_47' title='bbox 1475 1072 1556 1158; x_wconf 74' lang='grc' dir='ltr'>ὧτε</span> 
     </span>
     <span class='ocr_line' id='line_1_7' title="bbox 327 1191 1527 1302; baseline -0.003 -27"><span class='ocrx_word' id='word_1_48' title='bbox 327 1202 509 1298; x_wconf 80' lang='grc' dir='ltr'>προεῖπον,</span> <span class='ocrx_word' id='word_1_49' title='bbox 535 1199 574 1276; x_wconf 89' lang='grc' dir='ltr'>έν</span> <span class='ocrx_word' id='word_1_50' title='bbox 596 1197 728 1296; x_wconf 77' lang='grc' dir='ltr'>Ἀδὰμ,</span> <span class='ocrx_word' id='word_1_51' title='bbox 753 1202 812 1278; x_wconf 76' lang='grc' dir='ltr'>καὶ</span> <span class='ocrx_word' id='word_1_52' title='bbox 835 1203 883 1282; x_wconf 84' lang='grc' dir='ltr'>ὡς</span> <span class='ocrx_word' id='word_1_53' title='bbox 905 1199 945 1278; x_wconf 81' lang='grc' dir='ltr'>ἐκ</span> <span class='ocrx_word' id='word_1_54' title='bbox 970 1199 1067 1302; x_wconf 81' lang='grc' dir='ltr'>ῥίζης</span> <span class='ocrx_word' id='word_1_55' title='bbox 1091 1202 1155 1296; x_wconf 88' lang='grc' dir='ltr'>τῆς</span> <span class='ocrx_word' id='word_1_56' title='bbox 1181 1195 1324 1298; x_wconf 77' lang='grc' dir='ltr'>πρῶτης</span> <span class='ocrx_word' id='word_1_57' title='bbox 1349 1199 1398 1277; x_wconf 77' lang='grc' dir='ltr'>εἰς</span> <span class='ocrx_word' id='word_1_58' title='bbox 1425 1191 1527 1273; x_wconf 89' lang='grc' dir='ltr'>ἀπαν</span> 
     </span>
     <span class='ocr_line' id='line_1_8' title="bbox 327 1317 1526 1428; baseline -0.003 -28"><span class='ocrx_word' id='word_1_59' title='bbox 327 1319 428 1420; x_wconf 78' lang='grc' dir='ltr'>διέβη</span> <span class='ocrx_word' id='word_1_60' title='bbox 445 1317 488 1400; x_wconf 85' lang='grc' dir='ltr'>τὸ</span> <span class='ocrx_word' id='word_1_61' title='bbox 510 1321 555 1427; x_wconf 82' lang='grc' dir='ltr'>ἐξ</span> <span class='ocrx_word' id='word_1_62' title='bbox 576 1323 698 1420; x_wconf 83' lang='grc' dir='ltr'>αὐτῆς,</span> <span class='ocrx_word' id='word_1_63' title='bbox 717 1320 906 1424; x_wconf 87' lang='grc' dir='ltr'>γενόμενος</span> <span class='ocrx_word' id='word_1_64' title='bbox 927 1325 948 1402; x_wconf 84' lang='grc' dir='ltr'><strong>ὁ</strong></span> <span class='ocrx_word' id='word_1_65' title='bbox 968 1322 1013 1428; x_wconf 79' lang='grc' dir='ltr'>ἐξ</span> <span class='ocrx_word' id='word_1_66' title='bbox 1032 1325 1121 1425; x_wconf 82' lang='grc' dir='ltr'>ἀρᾶς</span> <span class='ocrx_word' id='word_1_67' title='bbox 1149 1321 1311 1402; x_wconf 78' lang='grc' dir='ltr'>θάνατος·</span> <span class='ocrx_word' id='word_1_68' title='bbox 1343 1317 1526 1398; x_wconf 80' lang='grc' dir='ltr'>δεδικαιά-</span> 
     </span>
     <span class='ocr_line' id='line_1_9' title="bbox 325 1438 1526 1546; baseline -0.002 -24"><span class='ocrx_word' id='word_1_69' title='bbox 325 1448 419 1538; x_wconf 84' lang='grc' dir='ltr'>μεθα</span> <span class='ocrx_word' id='word_1_70' title='bbox 445 1442 484 1523; x_wconf 81' lang='grc' dir='ltr'>δέ</span> <span class='ocrx_word' id='word_1_71' title='bbox 511 1452 569 1523; x_wconf 79' lang='grc' dir='ltr'>καὶ</span> <span class='ocrx_word' id='word_1_72' title='bbox 598 1444 929 1544; x_wconf 81' lang='grc' dir='ltr'>ἀνεβλαατήσαμιν</span> <span class='ocrx_word' id='word_1_73' title='bbox 958 1452 1007 1528; x_wconf 84' lang='grc' dir='ltr'>είς</span> <span class='ocrx_word' id='word_1_74' title='bbox 1031 1449 1134 1546; x_wconf 77' lang='grc' dir='ltr'>ζωῆν,</span> <span class='ocrx_word' id='word_1_75' title='bbox 1162 1439 1404 1524; x_wconf 83' lang='grc' dir='ltr'>δικαιωθέντος</span> <span class='ocrx_word' id='word_1_76' title='bbox 1433 1438 1526 1542; x_wconf 76' lang='grc' dir='ltr'>ὑπὲρ</span> 
     </span>
     <span class='ocr_line' id='line_1_10' title="bbox 326 1563 1526 1676; baseline -0.002 -32"><span class='ocrx_word' id='word_1_77' title='bbox 326 1563 427 1662; x_wconf 74' lang='grc' dir='ltr'>ἡμῶν</span> <span class='ocrx_word' id='word_1_78' title='bbox 447 1573 512 1645; x_wconf 89' lang='grc' dir='ltr'>τοῦ</span> <span class='ocrx_word' id='word_1_79' title='bbox 530 1571 707 1670; x_wconf 82' lang='grc' dir='ltr'>Χριστοῦ.</span> <span class='ocrx_word' id='word_1_80' title='bbox 739 1569 941 1676; x_wconf 75' lang='grc' dir='ltr'>ἀφειδήσας</span> <span class='ocrx_word' id='word_1_81' title='bbox 966 1567 1033 1668; x_wconf 81' lang='grc' dir='ltr'>μέν</span> <span class='ocrx_word' id='word_1_82' title='bbox 1051 1568 1123 1670; x_wconf 89' lang='grc' dir='ltr'>γάρ</span> <span class='ocrx_word' id='word_1_83' title='bbox 1144 1572 1208 1668; x_wconf 85' lang='grc' dir='ltr'>τῆς</span> <span class='ocrx_word' id='word_1_84' title='bbox 1231 1567 1328 1672; x_wconf 76' lang='grc' dir='ltr'>αὐτῷ</span> <span class='ocrx_word' id='word_1_85' title='bbox 1355 1564 1526 1662; x_wconf 82' lang='grc' dir='ltr'>δοθείσης</span> 
     </span>
     <span class='ocr_line' id='line_1_11' title="bbox 326 1687 1578 1798; baseline -0.002 -32"><span class='ocrx_word' id='word_1_86' title='bbox 326 1689 476 1785; x_wconf 75' lang='grc' dir='ltr'>ἐντολῆς</span> <span class='ocrx_word' id='word_1_87' title='bbox 492 1690 514 1768; x_wconf 84' lang='grc' dir='ltr'><em>ὃ</em></span> <span class='ocrx_word' id='word_1_88' title='bbox 530 1687 737 1795; x_wconf 77' lang='grc' dir='ltr'>προπάτωρ,</span> <span class='ocrx_word' id='word_1_89' title='bbox 753 1691 1017 1795; x_wconf 60' lang='grc' dir='ltr'>προσκεκρουκε</span> <span class='ocrx_word' id='word_1_90' title='bbox 1034 1698 1087 1798; x_wconf 78' lang='grc' dir='ltr'>τῷ</span> <span class='ocrx_word' id='word_1_91' title='bbox 1104 1696 1186 1796; x_wconf 76' lang='grc' dir='ltr'>Θεῷ</span> <span class='ocrx_word' id='word_1_92' title='bbox 1204 1693 1262 1768; x_wconf 78' lang='grc' dir='ltr'>καὶ</span> <span class='ocrx_word' id='word_1_93' title='bbox 1281 1687 1524 1787; x_wconf 84' lang='grc' dir='ltr'>ῦπομεμένηκε</span> <span class='ocrx_word' id='word_1_94' title='bbox 1543 1721 1578 1761; x_wconf 88' lang='grc' dir='ltr'>ιο</span> 
     </span>
     <span class='ocr_line' id='line_1_12' title="bbox 326 1807 1527 1922; baseline 0.002 -35"><span class='ocrx_word' id='word_1_95' title='bbox 326 1807 374 1887; x_wconf 88' lang='grc' dir='ltr'>τά</span> <span class='ocrx_word' id='word_1_96' title='bbox 391 1811 431 1888; x_wconf 82' lang='grc' dir='ltr'>ἐκ</span> <span class='ocrx_word' id='word_1_97' title='bbox 449 1812 544 1896; x_wconf 90' lang='grc' dir='ltr'>θείας</span> <span class='ocrx_word' id='word_1_98' title='bbox 553 1815 674 1914; x_wconf 85' lang='grc' dir='ltr'>ἀργῆς·</span> <span class='ocrx_word' id='word_1_99' title='bbox 704 1816 909 1896; x_wconf 72' lang='grc' dir='ltr'>κατόλισθε</span> <span class='ocrx_word' id='word_1_100' title='bbox 926 1815 999 1918; x_wconf 85' lang='grc' dir='ltr'>γάρ</span> <span class='ocrx_word' id='word_1_101' title='bbox 1010 1821 1059 1900; x_wconf 85' lang='grc' dir='ltr'>είς</span> <span class='ocrx_word' id='word_1_102' title='bbox 1077 1813 1230 1922; x_wconf 81' lang='grc' dir='ltr'>φθοράν·</span> <span class='ocrx_word' id='word_1_103' title='bbox 1260 1809 1340 1891; x_wconf 85' lang='grc' dir='ltr'>τότε</span> <span class='ocrx_word' id='word_1_104' title='bbox 1351 1817 1409 1890; x_wconf 78' lang='grc' dir='ltr'>καὶ</span> <span class='ocrx_word' id='word_1_105' title='bbox 1422 1809 1527 1910; x_wconf 81' lang='grc' dir='ltr'>είυῆ-</span> 
     </span>
     <span class='ocr_line' id='line_1_13' title="bbox 328 1933 1525 2042; baseline 0.002 -30"><span class='ocrx_word' id='word_1_106' title='bbox 328 1941 420 2012; x_wconf 85' lang='grc' dir='ltr'>λατο</span> <span class='ocrx_word' id='word_1_107' title='bbox 443 1933 511 2032; x_wconf 87' lang='grc' dir='ltr'>τῆν</span> <span class='ocrx_word' id='word_1_108' title='bbox 528 1937 717 2038; x_wconf 74' lang='grc' dir='ltr'>ἀνθρώπου</span> <span class='ocrx_word' id='word_1_109' title='bbox 741 1938 856 2042; x_wconf 81' lang='grc' dir='ltr'>φύσιν</span> <span class='ocrx_word' id='word_1_110' title='bbox 874 1939 896 2036; x_wconf 88' lang='grc' dir='ltr'>ῆ</span> <span class='ocrx_word' id='word_1_111' title='bbox 915 1939 1083 2040; x_wconf 79' lang='grc' dir='ltr'>ἁμαρτία·</span> <span class='ocrx_word' id='word_1_112' title='bbox 1120 1939 1214 2017; x_wconf 79' lang='grc' dir='ltr'>οὕτω</span> <span class='ocrx_word' id='word_1_113' title='bbox 1241 1939 1299 2015; x_wconf 75' lang='grc' dir='ltr'>καὶ</span> <span class='ocrx_word' id='word_1_114' title='bbox 1324 1936 1525 2041; x_wconf 66' lang='grc' dir='ltr'>ἁμαρτωλοὶ</span> 
     </span>
    </p>

    <p class='ocr_par' dir='ltr' id='par_1_4' title="bbox 229 2055 1447 2159">
     <span class='ocr_line' id='line_1_14' title="bbox 229 2055 1447 2159; baseline 0 -21"><span class='ocrx_word' id='word_1_115' title='bbox 229 2081 315 2140; x_wconf 75' lang='grc'>91.</span> <span class='ocrx_word' id='word_1_116' title='bbox 330 2056 583 2152; x_wconf 68' lang='grc' dir='ltr'>κατεστάθησαν</span> <span class='ocrx_word' id='word_1_117' title='bbox 600 2069 628 2139; x_wconf 80' lang='grc' dir='ltr'>οἱ</span> <span class='ocrx_word' id='word_1_118' title='bbox 647 2069 784 2159; x_wconf 70' lang='grc' dir='ltr'>πολλοὶ,</span> <span class='ocrx_word' id='word_1_119' title='bbox 802 2062 988 2142; x_wconf 85' lang='grc' dir='ltr'>τουτέστιν</span> <span class='ocrx_word' id='word_1_120' title='bbox 1004 2067 1038 2141; x_wconf 74' lang='lat' dir='ltr'>oi</span> <span class='ocrx_word' id='word_1_121' title='bbox 1056 2059 1125 2140; x_wconf 90' lang='grc' dir='ltr'>ἀνά</span> <span class='ocrx_word' id='word_1_122' title='bbox 1141 2067 1267 2140; x_wconf 80' lang='grc' dir='ltr'>πᾶσαν</span> <span class='ocrx_word' id='word_1_123' title='bbox 1284 2055 1349 2158; x_wconf 83' lang='grc' dir='ltr'>τῆν</span> <span class='ocrx_word' id='word_1_124' title='bbox 1366 2061 1447 2159; x_wconf 89' lang='grc' dir='ltr'>γῆν.</span> 
     </span>
    </p>

    <p class='ocr_par' dir='ltr' id='par_1_5' title="bbox 324 2177 1577 2785">
     <span class='ocr_line' id='line_1_15' title="bbox 382 2177 1526 2288; baseline 0.004 -29"><span class='ocrx_word' id='word_1_125' title='bbox 382 2177 491 2259; x_wconf 84' lang='grc' dir='ltr'>Ἀλλ’</span> <span class='ocrx_word' id='word_1_126' title='bbox 520 2181 612 2262; x_wconf 87' lang='grc' dir='ltr'>ε’ίποι</span> <span class='ocrx_word' id='word_1_127' title='bbox 637 2215 690 2268; x_wconf 88' lang='grc' dir='ltr'>τις</span> <span class='ocrx_word' id='word_1_128' title='bbox 717 2184 763 2262; x_wconf 86' lang='grc' dir='ltr'>ἀν</span> <span class='ocrx_word' id='word_1_129' title='bbox 791 2189 865 2264; x_wconf 76' lang='grc' dir='ltr'>Ναὶ</span> <span class='ocrx_word' id='word_1_130' title='bbox 893 2186 1127 2288; x_wconf 75' lang='grc' dir='ltr'>παρώλισθεν</span> <span class='ocrx_word' id='word_1_131' title='bbox 1157 2187 1178 2263; x_wconf 85' lang='grc' dir='ltr'>ὁ</span> <span class='ocrx_word' id='word_1_132' title='bbox 1207 2182 1337 2281; x_wconf 85' lang='grc' dir='ltr'>Ἀδάμ,</span> <span class='ocrx_word' id='word_1_133' title='bbox 1367 2185 1425 2260; x_wconf 81' lang='grc' dir='ltr'>καὶ</span> <span class='ocrx_word' id='word_1_134' title='bbox 1457 2186 1526 2279; x_wconf 80' lang='grc' dir='ltr'>τῆς</span> 
     </span>
     <span class='ocr_line' id='line_1_16' title="bbox 327 2302 1577 2416; baseline 0.004 -30"><span class='ocrx_word' id='word_1_135' title='bbox 327 2302 422 2386; x_wconf 71' lang='grc' dir='ltr'>θείας</span> <span class='ocrx_word' id='word_1_136' title='bbox 450 2303 638 2407; x_wconf 73' lang='grc' dir='ltr'>ἀλογήσας</span> <span class='ocrx_word' id='word_1_137' title='bbox 663 2309 822 2407; x_wconf 88' lang='grc' dir='ltr'>έντολῆς,</span> <span class='ocrx_word' id='word_1_138' title='bbox 853 2313 975 2416; x_wconf 79' lang='grc' dir='ltr'>φθορᾷ</span> <span class='ocrx_word' id='word_1_139' title='bbox 1002 2311 1059 2388; x_wconf 77' lang='grc' dir='ltr'>καὶ</span> <span class='ocrx_word' id='word_1_140' title='bbox 1093 2303 1236 2415; x_wconf 77' lang='grc' dir='ltr'>θιυάτιρ</span> <span class='ocrx_word' id='word_1_141' title='bbox 1264 2303 1522 2406; x_wconf 77' lang='grc' dir='ltr'>κατεδικάζετο·</span> <span class='ocrx_word' id='word_1_142' title='bbox 1544 2331 1577 2391; x_wconf 85' lang='lat'>¹5</span> 
     </span>
     <span class='ocr_line' id='line_1_17' title="bbox 325 2421 1529 2536; baseline 0.005 -34"><span class='ocrx_word' id='word_1_143' title='bbox 325 2421 402 2504; x_wconf 78' lang='grc' dir='ltr'>εἶτα</span> <span class='ocrx_word' id='word_1_144' title='bbox 426 2433 505 2510; x_wconf 85' lang='grc' dir='ltr'>πῶς</span> <span class='ocrx_word' id='word_1_145' title='bbox 532 2436 729 2536; x_wconf 71' lang='grc' dir='ltr'>ἁμαρτωλοὶ</span> <span class='ocrx_word' id='word_1_146' title='bbox 757 2432 801 2509; x_wconf 86' lang='grc' dir='ltr'>δι’</span> <span class='ocrx_word' id='word_1_147' title='bbox 821 2431 929 2511; x_wconf 73' lang='grc' dir='ltr'>αὑτὸν</span> <span class='ocrx_word' id='word_1_148' title='bbox 958 2428 1214 2525; x_wconf 68' lang='grc' dir='ltr'>κατασταθῆναι</span> <span class='ocrx_word' id='word_1_149' title='bbox 1241 2438 1269 2509; x_wconf 80' lang='grc' dir='ltr'>π’</span> <span class='ocrx_word' id='word_1_150' title='bbox 1297 2431 1427 2508; x_wconf 80' lang='grc' dir='ltr'>πολλοί</span> <span class='ocrx_word' id='word_1_151' title='bbox 1437 2469 1446 2522; x_wconf 79' lang='lat'>3</span> <span class='ocrx_word' id='word_1_152' title='bbox 1487 2431 1529 2508; x_wconf 88' lang='grc' dir='ltr'>τί</span> 
     </span>
     <span class='ocr_line' id='line_1_18' title="bbox 324 2549 1525 2701; baseline 0.003 -73"><span class='ocrx_word' id='word_1_153' title='bbox 324 2549 416 2650; x_wconf 76' lang='grc' dir='ltr'>πρὸς</span> <span class='ocrx_word' id='word_1_154' title='bbox 442 2551 536 2701; x_wconf 60' lang='grc' dir='ltr'>ῆμρῖς</span> <span class='ocrx_word' id='word_1_155' title='bbox 561 2552 608 2632; x_wconf 87' lang='grc' dir='ltr'>τά</span> <span class='ocrx_word' id='word_1_156' title='bbox 635 2556 767 2634; x_wconf 83' lang='grc' dir='ltr'>ἐκείνου</span> <span class='ocrx_word' id='word_1_157' title='bbox 793 2557 1031 2655; x_wconf 75' lang='grc' dir='ltr'>πταίσματος</span> <span class='ocrx_word' id='word_1_158' title='bbox 1061 2561 1139 2637; x_wconf 83' lang='grc' dir='ltr'>πῶς</span> <span class='ocrx_word' id='word_1_159' title='bbox 1166 2551 1204 2632; x_wconf 77' lang='grc' dir='ltr'>δέ</span> <span class='ocrx_word' id='word_1_160' title='bbox 1232 2551 1327 2635; x_wconf 79' lang='grc' dir='ltr'>ὅλως</span> <span class='ocrx_word' id='word_1_161' title='bbox 1350 2557 1382 2632; x_wconf 78' lang='grc' dir='ltr'>οἱ</span> <span class='ocrx_word' id='word_1_162' title='bbox 1411 2550 1525 2651; x_wconf 79' lang='grc' dir='ltr'>μίρτω</span> 
     </span>
     <span class='ocr_line' id='line_1_19' title="bbox 326 2674 1525 2785; baseline 0.002 -34"><span class='ocrx_word' id='word_1_163' title='bbox 326 2674 552 2774; x_wconf 76' lang='grc' dir='ltr'>γεγενημένα</span> <span class='ocrx_word' id='word_1_164' title='bbox 569 2677 963 2776; x_wconf 87' lang='grc' dir='ltr'>καταδεδικάσμεθα</span> <span class='ocrx_word' id='word_1_165' title='bbox 916 2713 988 2758; x_wconf 94' lang='grc' dir='ltr'>συν</span> <span class='ocrx_word' id='word_1_166' title='bbox 1005 2679 1125 2785; x_wconf 73' lang='grc' dir='ltr'>αὐτῷ,</span> <span class='ocrx_word' id='word_1_167' title='bbox 1156 2676 1270 2756; x_wconf 86' lang='grc' dir='ltr'>καίτοι</span> <span class='ocrx_word' id='word_1_168' title='bbox 1285 2681 1379 2756; x_wconf 85' lang='grc' dir='ltr'>θεοῦ</span> <span class='ocrx_word' id='word_1_169' title='bbox 1394 2675 1525 2777; x_wconf 88' lang='grc' dir='ltr'>λέγον-</span> 
     </span>
    </p>

    <p class='ocr_par' dir='ltr' id='par_1_6' title="bbox 158 2798 1579 3028">
     <span class='ocr_line' id='line_1_20' title="bbox 158 2798 1526 2935; baseline 0.004 -65"><span class='ocrx_word' id='word_1_170' title='bbox 158 2819 313 2935; x_wconf 68' lang='grc' dir='ltr'>ρωιιιι.</span> <span class='ocrx_word' id='word_1_171' title='bbox 327 2828 388 2878; x_wconf 90' lang='grc' dir='ltr'>τος</span> <span class='ocrx_word' id='word_1_172' title='bbox 417 2799 530 2877; x_wconf 81' lang='grc' dir='ltr'>“Οῦκ</span> <span class='ocrx_word' id='word_1_173' title='bbox 552 2802 813 2880; x_wconf 78' lang='grc' dir='ltr'>ἀποθανοῦνται</span> <span class='ocrx_word' id='word_1_174' title='bbox 836 2802 984 2904; x_wconf 88' lang='grc' dir='ltr'>πατέρες</span> <span class='ocrx_word' id='word_1_175' title='bbox 1008 2799 1096 2904; x_wconf 73' lang='grc' dir='ltr'>ὑπὲρ</span> <span class='ocrx_word' id='word_1_176' title='bbox 1120 2799 1281 2896; x_wconf 87' lang='grc' dir='ltr'>τέκνων,”</span> <span class='ocrx_word' id='word_1_177' title='bbox 1310 2799 1390 2877; x_wconf 77' lang='grc' dir='ltr'>οὔτε</span> <span class='ocrx_word' id='word_1_178' title='bbox 1416 2798 1526 2876; x_wconf 86' lang='grc' dir='ltr'>τέκνα</span> 
     </span>
     <span class='ocr_line' id='line_1_21' title="bbox 159 2887 1579 3028; baseline -0.005 -26"><span class='ocrx_word' id='word_1_179' title='bbox 159 2887 316 3003; x_wconf 61' lang='grc' dir='ltr'>λαὀιιιιιι.</span> <span class='ocrx_word' id='word_1_180' title='bbox 329 2917 417 3020; x_wconf 60' lang='lat' dir='ltr'>{arip</span> <span class='ocrx_word' id='word_1_181' title='bbox 445 2920 617 3022; x_wconf 87' lang='grc' dir='ltr'>πατέρων,</span> <span class='ocrx_word' id='word_1_182' title='bbox 646 2923 826 3028; x_wconf 77' lang='grc' dir='ltr'>“ψυχη</span> <span class='ocrx_word' id='word_1_183' title='bbox 805 2960 828 3022; x_wconf 90' lang='grc' dir='ltr'>η</span> <span class='ocrx_word' id='word_1_184' title='bbox 856 2923 1116 3027; x_wconf 83' lang='grc' dir='ltr'>ἁμαρτάνουσα</span> <span class='ocrx_word' id='word_1_185' title='bbox 1145 2925 1234 3021; x_wconf 84' lang='grc' dir='ltr'>αῦτη</span> <span class='ocrx_word' id='word_1_186' title='bbox 1263 2924 1523 3001; x_wconf 80' lang='grc' dir='ltr'>ἀποθανεῖται·Ἰ</span> <span class='ocrx_word' id='word_1_187' title='bbox 1542 2953 1579 2993; x_wconf 78' lang='grc' dir='ltr'>ιο</span> 
     </span>
    </p>
   </div>
   <div class='ocr_carea' id='block_1_4' title="bbox 158 3029 1522 3194">
    <p class='ocr_par' dir='ltr' id='par_1_7' title="bbox 158 3029 1522 3194">
     <span class='ocr_line' id='line_1_22' title="bbox 158 3029 1522 3194; baseline 0.025 -82"><span class='ocrx_word' id='word_1_188' title='bbox 158 3029 185 3080; x_wconf 96' lang='grc'><strong>4</strong></span> <span class='ocrx_word' id='word_1_189' title='bbox 327 3041 382 3124; x_wconf 84' lang='grc' dir='ltr'>τίς</span> <span class='ocrx_word' id='word_1_190' title='bbox 410 3041 525 3120; x_wconf 81' lang='grc' dir='ltr'>οδν</span> <span class='ocrx_word' id='word_1_191' title='bbox 503 3077 549 3122; x_wconf 84' lang='grc' dir='ltr'>αν</span> <span class='ocrx_word' id='word_1_192' title='bbox 575 3044 714 3194; x_wconf 82' lang='grc' dir='ltr'>γένοιτρ</span> <span class='ocrx_word' id='word_1_193' title='bbox 742 3046 834 3149; x_wconf 86' lang='grc' dir='ltr'>πρὸς</span> <span class='ocrx_word' id='word_1_194' title='bbox 863 3049 957 3147; x_wconf 79' lang='grc' dir='ltr'>ἡμᾶς</span> <span class='ocrx_word' id='word_1_195' title='bbox 988 3051 1052 3147; x_wconf 86' lang='grc' dir='ltr'>τῆς</span> <span class='ocrx_word' id='word_1_196' title='bbox 1081 3045 1329 3146; x_wconf 79' lang='grc' dir='ltr'>ἀπολογίας</span> <span class='ocrx_word' id='word_1_197' title='bbox 1313 3078 1334 3122; x_wconf 91' lang='lat'>⁰</span> <span class='ocrx_word' id='word_1_198' title='bbox 1363 3041 1522 3144; x_wconf 52' lang='lat' dir='ltr'>svm?</span> 
     </span>
    </p>
   </div>
   <div class='ocr_carea' id='block_1_5' title="bbox 326 3165 1579 4177">
    <p class='ocr_par' dir='ltr' id='par_1_8' title="bbox 326 3165 1579 4134">
     <span class='ocr_line' id='line_1_23' title="bbox 327 3165 1523 3272; baseline 0.003 -31"><span class='ocrx_word' id='word_1_199' title='bbox 327 3165 455 3243; x_wconf 81' lang='grc' dir='ltr'>οὐκοῦν</span> <span class='ocrx_word' id='word_1_200' title='bbox 473 3165 637 3270; x_wconf 75' lang='grc' dir='ltr'>ψυχὴ</span> <span class='ocrx_word' id='word_1_201' title='bbox 594 3202 659 3267; x_wconf 85' lang='grc' dir='ltr'>μεν</span> <span class='ocrx_word' id='word_1_202' title='bbox 681 3169 703 3266; x_wconf 88' lang='grc' dir='ltr'>ῆ</span> <span class='ocrx_word' id='word_1_203' title='bbox 726 3169 985 3272; x_wconf 81' lang='grc' dir='ltr'>ἁμαρτάνουσα</span> <span class='ocrx_word' id='word_1_204' title='bbox 1010 3169 1100 3268; x_wconf 82' lang='grc' dir='ltr'>αῦτη</span> <span class='ocrx_word' id='word_1_205' title='bbox 1125 3172 1364 3248; x_wconf 79' lang='grc' dir='ltr'>ἀποθανεῖται·</span> <span class='ocrx_word' id='word_1_206' title='bbox 1401 3167 1523 3267; x_wconf 89' lang='grc' dir='ltr'>ἀμαρ-</span> 
     </span>
     <span class='ocr_line' id='line_1_24' title="bbox 327 3287 1525 3396; baseline 0.003 -32"><span class='ocrx_word' id='word_1_207' title='bbox 327 3289 438 3365; x_wconf 91' lang='grc' dir='ltr'>τωλοι</span> <span class='ocrx_word' id='word_1_208' title='bbox 456 3287 495 3367; x_wconf 79' lang='grc' dir='ltr'>δέ</span> <span class='ocrx_word' id='word_1_209' title='bbox 512 3290 711 3390; x_wconf 85' lang='grc' dir='ltr'>γεγόναμεν</span> <span class='ocrx_word' id='word_1_210' title='bbox 727 3290 848 3371; x_wconf 90' lang='grc' dir='ltr'>διά</span> <span class='ocrx_word' id='word_1_211' title='bbox 804 3328 867 3394; x_wconf 87' lang='grc' dir='ltr'>της</span> <span class='ocrx_word' id='word_1_212' title='bbox 885 3295 1070 3396; x_wconf 82' lang='grc' dir='ltr'>παρακοῆς</span> <span class='ocrx_word' id='word_1_213' title='bbox 1087 3299 1152 3372; x_wconf 90' lang='grc' dir='ltr'>τοῦ</span> <span class='ocrx_word' id='word_1_214' title='bbox 1171 3289 1292 3387; x_wconf 87' lang='grc' dir='ltr'>Ἀδάμ</span> <span class='ocrx_word' id='word_1_215' title='bbox 1311 3287 1370 3367; x_wconf 90' lang='grc' dir='ltr'>διά</span> <span class='ocrx_word' id='word_1_216' title='bbox 1388 3288 1525 3368; x_wconf 86' lang='grc' dir='ltr'>τοιόνδε</span> 
     </span>
     <span class='ocr_line' id='line_1_25' title="bbox 326 3407 1525 3520; baseline 0.006 -34"><span class='ocrx_word' id='word_1_217' title='bbox 326 3407 470 3510; x_wconf 85' lang='grc' dir='ltr'>τρόπον</span> <span class='ocrx_word' id='word_1_218' title='bbox 506 3415 678 3512; x_wconf 85' lang='grc' dir='ltr'>πεποίητο</span> <span class='ocrx_word' id='word_1_219' title='bbox 707 3414 772 3514; x_wconf 77' lang='grc' dir='ltr'>μέν</span> <span class='ocrx_word' id='word_1_220' title='bbox 801 3415 872 3520; x_wconf 83' lang='grc' dir='ltr'>γὰρ</span> <span class='ocrx_word' id='word_1_221' title='bbox 904 3419 962 3496; x_wconf 78' lang='grc' dir='ltr'>ἐπὶ</span> <span class='ocrx_word' id='word_1_222' title='bbox 990 3415 1180 3520; x_wconf 78' lang='grc' dir='ltr'>ἀφθαρσίᾳ</span> <span class='ocrx_word' id='word_1_223' title='bbox 1211 3417 1269 3493; x_wconf 76' lang='grc' dir='ltr'>καὶ</span> <span class='ocrx_word' id='word_1_224' title='bbox 1298 3412 1380 3518; x_wconf 76' lang='grc' dir='ltr'>ζωῇ,</span> <span class='ocrx_word' id='word_1_225' title='bbox 1409 3409 1454 3511; x_wconf 82' lang='grc' dir='ltr'>ἦν</span> <span class='ocrx_word' id='word_1_226' title='bbox 1483 3411 1525 3493; x_wconf 80' lang='grc' dir='ltr'>δέ</span> 
     </span>
     <span class='ocr_line' id='line_1_26' title="bbox 327 3533 1579 3646; baseline -0.001 -25"><span class='ocrx_word' id='word_1_227' title='bbox 327 3533 424 3640; x_wconf 70' lang='grc' dir='ltr'>αι’πῷ</span> <span class='ocrx_word' id='word_1_228' title='bbox 451 3534 548 3612; x_wconf 72' lang='grc' dir='ltr'>καὶὸ</span> <span class='ocrx_word' id='word_1_229' title='bbox 570 3537 650 3629; x_wconf 84' lang='grc' dir='ltr'>βίος</span> <span class='ocrx_word' id='word_1_230' title='bbox 674 3538 892 3640; x_wconf 68' lang='grc' dir='ltr'>ἀγιαπρετπῆς</span> <span class='ocrx_word' id='word_1_231' title='bbox 909 3540 947 3618; x_wconf 88' lang='grc' dir='ltr'>έν</span> <span class='ocrx_word' id='word_1_232' title='bbox 964 3544 1017 3646; x_wconf 76' lang='grc' dir='ltr'>τῷ</span> <span class='ocrx_word' id='word_1_233' title='bbox 1043 3538 1254 3644; x_wconf 79' lang='grc' dir='ltr'>παραδείσῳ</span> <span class='ocrx_word' id='word_1_234' title='bbox 1281 3540 1345 3634; x_wconf 87' lang='grc' dir='ltr'>τῆς</span> <span class='ocrx_word' id='word_1_235' title='bbox 1372 3538 1524 3640; x_wconf 81' lang='grc' dir='ltr'>τρυφῆς,</span> <span class='ocrx_word' id='word_1_236' title='bbox 1540 3569 1579 3628; x_wconf 85' lang='lat'>25</span> 
     </span>
     <span class='ocr_line' id='line_1_27' title="bbox 327 3652 1526 3764; baseline 0.003 -32"><span class='ocrx_word' id='word_1_237' title='bbox 327 3652 413 3738; x_wconf 79' lang='grc' dir='ltr'>ὅλος</span> <span class='ocrx_word' id='word_1_238' title='bbox 431 3652 476 3754; x_wconf 89' lang='grc' dir='ltr'>ῆν</span> <span class='ocrx_word' id='word_1_239' title='bbox 494 3659 553 3736; x_wconf 85' lang='grc' dir='ltr'>καὶ</span> <span class='ocrx_word' id='word_1_240' title='bbox 576 3656 635 3737; x_wconf 86' lang='grc' dir='ltr'>διά</span> <span class='ocrx_word' id='word_1_241' title='bbox 657 3660 790 3744; x_wconf 84' lang='grc' dir='ltr'>παντὸς</span> <span class='ocrx_word' id='word_1_242' title='bbox 808 3665 846 3740; x_wconf 90' lang='grc' dir='ltr'>έν</span> <span class='ocrx_word' id='word_1_243' title='bbox 864 3663 1041 3746; x_wconf 83' lang='grc' dir='ltr'>θεοπτίαις</span> <span class='ocrx_word' id='word_1_244' title='bbox 1068 3664 1088 3741; x_wconf 85' lang='grc' dir='ltr'>ἀ</span> <span class='ocrx_word' id='word_1_245' title='bbox 1113 3667 1205 3756; x_wconf 91' lang='grc' dir='ltr'>νοῦς,</span> <span class='ocrx_word' id='word_1_246' title='bbox 1223 3663 1261 3738; x_wconf 89' lang='grc' dir='ltr'>έν</span> <span class='ocrx_word' id='word_1_247' title='bbox 1279 3656 1436 3764; x_wconf 78' lang='grc' dir='ltr'>εὑδίαδὲ</span> <span class='ocrx_word' id='word_1_248' title='bbox 1464 3661 1526 3737; x_wconf 81' lang='grc' dir='ltr'>καὶ</span> 
     </span>
     <span class='ocr_line' id='line_1_28' title="bbox 327 3777 1521 3888; baseline 0.006 -32"><span class='ocrx_word' id='word_1_249' title='bbox 327 3777 470 3885; x_wconf 81' lang='grc' dir='ltr'>γαλήνῃ</span> <span class='ocrx_word' id='word_1_250' title='bbox 502 3779 545 3860; x_wconf 80' lang='grc' dir='ltr'>τὸ</span> <span class='ocrx_word' id='word_1_251' title='bbox 575 3787 695 3880; x_wconf 80' lang='grc' dir='ltr'>σῶμα,</span> <span class='ocrx_word' id='word_1_252' title='bbox 722 3785 990 3888; x_wconf 85' lang='grc' dir='ltr'>κατηρεμοιίσης</span> <span class='ocrx_word' id='word_1_253' title='bbox 1018 3783 1164 3883; x_wconf 86' lang='grc' dir='ltr'>ἀπιίαης</span> <span class='ocrx_word' id='word_1_254' title='bbox 1193 3788 1348 3886; x_wconf 84' lang='grc' dir='ltr'>αίσχρᾶς</span> <span class='ocrx_word' id='word_1_255' title='bbox 1378 3781 1521 3880; x_wconf 85' lang='grc' dir='ltr'>ἡδονῆς·</span> 
     </span>
     <span class='ocr_line' id='line_1_29' title="bbox 328 3900 1525 4058; baseline 0.002 -78"><span class='ocrx_word' id='word_1_256' title='bbox 328 3903 371 3980; x_wconf 87' lang='grc' dir='ltr'>οῦ</span> <span class='ocrx_word' id='word_1_257' title='bbox 397 3900 470 4049; x_wconf 76' lang='grc' dir='ltr'>γὰρ</span> <span class='ocrx_word' id='word_1_258' title='bbox 497 3901 541 4004; x_wconf 84' lang='grc' dir='ltr'>ἦν</span> <span class='ocrx_word' id='word_1_259' title='bbox 570 3902 729 3986; x_wconf 85' lang='grc' dir='ltr'>έκτόπων</span> <span class='ocrx_word' id='word_1_260' title='bbox 757 3906 960 4058; x_wconf 74' lang='grc' dir='ltr'>κινημάτων</span> <span class='ocrx_word' id='word_1_261' title='bbox 991 3904 1147 4010; x_wconf 83' lang='grc' dir='ltr'>θόρυβος</span> <span class='ocrx_word' id='word_1_262' title='bbox 1173 3909 1212 3986; x_wconf 87' lang='grc' dir='ltr'>έν</span> <span class='ocrx_word' id='word_1_263' title='bbox 1250 3907 1357 4011; x_wconf 77' lang='grc' dir='ltr'>αὐτῷ·</span> <span class='ocrx_word' id='word_1_264' title='bbox 1403 3903 1525 4002; x_wconf 83' lang='grc' dir='ltr'>ἐπειδὴ</span> 
     </span>
     <span class='ocr_line' id='line_1_30' title="bbox 328 4023 1524 4177; baseline -0.001 -71"><span class='ocrx_word' id='word_1_265' title='bbox 328 4024 367 4173; x_wconf 76' lang='grc' dir='ltr'>δέ</span> <span class='ocrx_word' id='word_1_266' title='bbox 395 4025 580 4107; x_wconf 81' lang='grc' dir='ltr'>πέπτωκεν</span> <span class='ocrx_word' id='word_1_267' title='bbox 615 4029 735 4134; x_wconf 77' lang='grc' dir='ltr'>ἀφ’</span> <span class='ocrx_word' id='word_1_268' title='bbox 714 4032 901 4177; x_wconf 70' lang='grc' dir='ltr'>αμαρτίαν,</span> <span class='ocrx_word' id='word_1_269' title='bbox 939 4064 997 4109; x_wconf 93' lang='grc' dir='ltr'>και</span> <span class='ocrx_word' id='word_1_270' title='bbox 1036 4029 1319 4110; x_wconf 83' lang='grc' dir='ltr'>κατῶλισθεν’</span> <span class='ocrx_word' id='word_1_271' title='bbox 1292 4062 1340 4110; x_wconf 83' lang='grc' dir='ltr'>εις</span> <span class='ocrx_word' id='word_1_272' title='bbox 1369 4023 1524 4132; x_wconf 90' lang='grc' dir='ltr'>φθοράν,</span> 
     </span>
    </p>
   </div>
   <div class='ocr_carea' id='block_1_6' title="bbox 328 4271 1525 4380">
    <p class='ocr_par' dir='ltr' id='par_1_9' title="bbox 328 4271 1525 4380">
     <span class='ocr_line' id='line_1_31' title="bbox 328 4271 1525 4380; baseline 0.001 -31"><span class='ocrx_word' id='word_1_273' title='bbox 328 4271 554 4373; x_wconf 85' lang='grc' dir='ltr'>ἀκαθαρσίαι,</span> <span class='ocrx_word' id='word_1_274' title='bbox 573 4274 686 4380; x_wconf 90' lang='grc' dir='ltr'>ἀνέφυ</span> <span class='ocrx_word' id='word_1_275' title='bbox 713 4272 750 4353; x_wconf 77' lang='grc' dir='ltr'>δὲ</span> <span class='ocrx_word' id='word_1_276' title='bbox 776 4307 834 4353; x_wconf 89' lang='grc' dir='ltr'>και</span> <span class='ocrx_word' id='word_1_277' title='bbox 856 4309 876 4354; x_wconf 93' lang='grc' dir='ltr'>ο</span> <span class='ocrx_word' id='word_1_278' title='bbox 894 4309 933 4353; x_wconf 88' lang='grc' dir='ltr'>εν</span> <span class='ocrx_word' id='word_1_279' title='bbox 950 4282 1024 4359; x_wconf 86' lang='grc' dir='ltr'>ταῖς</span> <span class='ocrx_word' id='word_1_280' title='bbox 1041 4271 1233 4373; x_wconf 84' lang='grc' dir='ltr'>μέλεσιν</span> <span class='ocrx_word' id='word_1_281' title='bbox 1213 4281 1314 4372; x_wconf 81' lang='grc' dir='ltr'>ημῶν</span> <span class='ocrx_word' id='word_1_282' title='bbox 1330 4271 1525 4374; x_wconf 85' lang='grc' dir='ltr'>ἀγριαίνων</span> 
     </span>
    </p>
   </div>
   <div class='ocr_carea' id='block_1_7' title="bbox 507 4521 1344 4594">
    <p class='ocr_par' dir='ltr' id='par_1_10' title="bbox 507 4521 1344 4594">
     <span class='ocr_line' id='line_1_32' title="bbox 507 4521 1344 4594; baseline 0.01 -21"><span class='ocrx_word' id='word_1_283' title='bbox 507 4521 548 4576; x_wconf 90' lang='grc' dir='ltr'>ι8.</span> <span class='ocrx_word' id='word_1_284' title='bbox 566 4523 729 4594; x_wconf 74' lang='grc' dir='ltr'>γεγενημένοι</span> <span class='ocrx_word' id='word_1_285' title='bbox 740 4524 859 4582; x_wconf 70' lang='lat' dir='ltr'><strong>habetet</strong></span> <span class='ocrx_word' id='word_1_286' title='bbox 873 4526 905 4580; x_wconf 86' lang='grc' dir='ltr'>Β.</span> <span class='ocrx_word' id='word_1_287' title='bbox 1173 4527 1216 4582; x_wconf 82' lang='lat'>2⁶.</span> <span class='ocrx_word' id='word_1_288' title='bbox 1235 4527 1297 4582; x_wconf 77' lang='grc' dir='ltr'>ὅλον</span> <span class='ocrx_word' id='word_1_289' title='bbox 1310 4526 1344 4582; x_wconf 88' lang='grc' dir='ltr'>Β.</span> 
     </span>
    </p>
   </div>
   <div class='ocr_carea' id='block_1_8' title="bbox 0 0 1638 5130">
    <p class='ocr_par' dir='ltr' id='par_1_11' title="bbox 0 0 1638 5130">
     <span class='ocr_line' id='line_1_33' title="bbox 0 0 1638 5130; baseline 0 0"><span class='ocrx_word' id='word_1_290' title='bbox 0 0 1638 5130; x_wconf 95' lang='lat' dir='ltr'> </span> 
     </span>
    </p>
   </div>
  </div>
 </body>
</html>
