3294 5150
157 355 329 441 xii.7sqq.
375 357 428 422 IN
455 358 518 424 ΕΡ.
541 359 569 422 Ι.
596 358 659 422 ΑΙ)
687 358 979 424 CORINTHIOS.
1018 357 1105 424 LIB.
1125 357 1167 424 V.
1291 360 1354 424 287

1404 461 1420 512 6
1449 461 1487 514 Μ.

159 554 232 600 των
264 524 629 624 ἀντικαταψιλοῦντες
660 519 825 605 εὐκόλως.
864 521 1053 601 ἀλλὰκαὶ
1083 525 1146 621 τῆς
1177 523 1304 628 σοφίας
1334 523 1354 601 ὁ
1381 461 1394 528 [
1422 475 1435 524 ⁵
1499 457 1512 526 ]

159 643 266 745 λόγος
294 646 352 722 καὶ
379 647 498 744 μέντοι
523 650 587 743 τῆς
612 647 763 747 γνώσεως
793 647 835 725 δι’
856 645 934 730 ἑνὸς
960 654 1025 726 τοῦ
1044 644 1255 744 Πνεύματος
1281 652 1356 730 τοῖς

160 768 255 845 ἑλεῖν
282 767 396 873 ἀξίοις
424 775 626 870 χορηγεῖται
650 766 749 871 παρὰ
776 776 841 848 τοῦ
867 766 1011 872 Πατρός
1039 769 1082 848 δι’
1109 773 1209 848 Υῖοῦ·
1248 769 1355 869 λόγος

158 891 312 991 γιιῦσιιίς
332 892 432 969 ε’στιν
450 890 536 970 όταν
554 925 607 974 τις
632 888 703 970 οἶδε
730 889 793 970 τδν
817 900 900 971 νοῦν
918 898 990 970 τῶν
1007 893 1110 971 θείων
1136 892 1271 993 λογίων
1297 895 1354 971 καῖ

126 1011 277 1099 είκανδς
304 1014 504 1119 ἀναπτύξαι
529 1013 698 1114 νοήματα,
724 1016 910 1118 εῦφραδῶς
938 1013 976 1095 δὲ
1004 1023 1116 1095 ταῦτα
1144 1015 1284 1121 διδάξαι
1313 1016 1355 1095 ού

159 1134 360 1233 δυνάμενος.
394 1140 451 1215 καὶ
473 1137 635 1217 τοῦτοδὲ
659 1140 797 1216 κάκεῖνο
816 1137 857 1216 δι’
878 1137 955 1222 ε’νδς
973 1147 1037 1217 τοῦ
1058 1138 1264 1238 Πνεῦματος
1281 1145 1354 1221 τοῖς

159 1258 272 1364 ἀξίοις
294 1267 497 1362 χορηγεῖται
522 1260 620 1364 παρὰ
641 1259 787 1363 Πατρός
811 1263 853 1341 δι’
873 1267 973 1356 Υίοῦ,
994 1259 1032 1344 δς
1051 1266 1195 1362 διαιρεῖν
1213 1262 1353 1361 λέγεται
1368 1295 1454 1343 ver-4·

159 1381 223 1466 τὰς
251 1383 439 1466 διακονίας·
480 1383 540 1466 οῦς
567 1383 631 1480 μέν
659 1382 730 1487 γὰρ
752 1389 824 1463 τιῖν
847 1385 959 1484 ἁγίων
980 1384 1198 1465 ἀποστόλων
1227 1388 1350 1482 διακη-

157 1504 296 1606 ρύττειν
324 1502 489 1586 ἐκέλευσε
516 1513 588 1589 τοῖς
616 1506 661 1613 ἐξ
686 1507 833 1607 αἵματος
851 1505 1007 1610 Ἰσραὴλ
1030 1507 1093 1586 τὸν
1111 1511 1174 1604 τῆς
1198 1509 1354 1588 πίστεως

105 1660 146 1701 10
159 1625 286 1729 λόγον·
325 1629 463 1731 ἐτέρους
492 1631 523 1707 δ’
554 1631 599 1708 αὖ
619 1637 695 1712 ταῖς
722 1665 795 1709 των
813 1637 924 1710 εθνων
943 1632 1179 1730 απονενέμηκε
1207 1628 1351 1733 χώραις.

158 1749 328 1854 ἐνήργηκε
353 1752 391 1832 δὲ
417 1755 475 1831 καὶ
500 1760 605 1833 τοῦτο
628 1753 685 1832 διά
711 1762 775 1833 τοῦ
792 1754 908 1854 Ἁγίου
928 1752 1148 1852 Πνεῦματος·
1189 1756 1246 1832 καὶ
1269 1760 1354 1853 γοῦν

159 1875 198 1953 έν
224 1883 300 1958 ταῖς
328 1875 484 1982 πράξεσι
511 1883 584 1956 τῶν
610 1878 722 1977 ἁγίων
739 1877 960 1956 ἀποστόλων
983 1877 1231 1980 γεγραμμένον
1247 1876 1352 1978 εῦρή-

160 2031 273 2096 σομεν
292 1997 347 2078 ότι
365 2010 387 2046 “
400 1998 709 2101 Λειτουργούντων
723 1999 762 2079 δὲ
780 2001 897 2079 αὐτῶν
915 2003 966 2106 τῷ
987 2002 1109 2108 Κυρίῳ
1129 2006 1186 2079 καὶ
1206 2034 1354 2099 νηστεν-
1366 2019 1433 2134 φας
1445 2017 1488 2097 ἓξ·

161 2130 183 2168 “
199 2118 312 2201 όντων
339 2118 435 2201 εἶπεν
457 2121 498 2201 τὸ
520 2127 667 2218 Πνεῦμα
694 2120 871 2224 τδἍγιον
888 2122 1101 2229 Ἀφορίσατε
1130 2120 1175 2222 δή
1203 2157 1263 2218 μοι
1290 2119 1354 2203 τόν
1394 2101 1483 2150 pam.
1498 2097 1521 2134 m

109 2263 147 2324 ¹5
161 2255 183 2293 ‘⁴
202 2243 396 2347 Βαρνάβαν
419 2251 476 2324 καὶ
503 2243 567 2325 τόν
586 2249 730 2324 Σαῦλον
758 2252 804 2328 εἷς
832 2244 875 2325 τό
901 2245 1007 2348 έργον
1035 2244 1055 2324 δ
1082 2247 1355 2349 προσκέκλημαι

161 2379 183 2416 “
201 2369 358 2452 αῦτούς·”
388 2369 538 2449 τέθειται
566 2368 605 2447 δὲ
632 2371 652 2448 ὁ
679 2370 871 2452 θεσπέσιος
892 2375 1041 2451 Παῦλος
1066 2375 1114 2452 εἰς
1142 2368 1355 2468 ἀποστολὴν

159 2491 281 2588 ε’θνῶν,
311 2495 369 2570 καὶ
398 2489 531 2590 ταύτην
561 2489 692 2596 ’έλαχεν
718 2493 784 2590 τὴν
814 2492 1005 2571 διακονίαν·
1046 2495 1104 2570 καὶ
1132 2490 1354 2572 πιστιόσεται

160 2615 311 2719 γράφων
326 2613 430 2698 αύτός
449 2625 470 2662 “
484 2613 570 2721 Ἐφ’
585 2614 675 2695 ὅσον
688 2614 752 2711 μέν
765 2615 826 2694 οῦν
841 2613 911 2714 ε’γάι
930 2617 1041 2693 ἐθνῶν
1054 2620 1123 2709 εἰμι
1137 2612 1354 2711 ἀπόστολος,
1368 2636 1523 2701 Rom.xi.1³.

161 2748 183 2785 ‘⁴
198 2737 264 2836 τὴν
292 2738 470 2818 διακονίαν
498 2772 568 2837 μου
596 2737 768 2845 δοξάζω.”
807 2738 935 2816 οῦκοῦν
962 2736 1115 2836 διανέμει
1140 2735 1205 2834 μέν
1229 2734 1355 2820 όΥἶὸς

106 2887 147 2926 ²0
160 2857 223 2944 τάς
242 2862 427 2958 διακονίας,
446 2862 580 2964 ε’νεργεῖ
601 2859 698 2940 δὲτὸ
716 2863 838 2965 χρῆμα
857 2857 899 2939 τό
918 2865 1067 2958 Πνεῦμα
1085 2857 1127 2939 τδ
1139 2857 1261 2961 Ἅγιον
1278 2859 1353 2957 μετ’

158 2983 336 3090 ἐξουσίας·
379 2989 526 3081 Πνεῦμα
553 2981 625 3085 γοίρ
653 2985 731 3062 έστι
758 2992 823 3063 τοῦ
851 2988 952 3062 Υίοῦ.
992 2981 1093 3062 ἀλλά
1124 2986 1182 3061 καὶ
1210 2981 1255 3060 τά
1283 2989 1356 3062 τῶν

159 3101 325 3214 δυνοίμεων
344 3109 567 3210 ἐνεργήματα,
584 3106 748 3185 τουτέστι
766 3106 831 3191 τάς
848 3105 907 3185 διά
923 3112 995 3185 τῶν
1013 3106 1126 3208 ἁγίων
1146 3105 1353 3205 θεοσημίας,
1368 3157 1420 3194 ver.
1433 3155 1472 3196 ιο,

158 3226 302 3312 ὁαῦτδς
329 3231 413 3329 ἡμῖν
430 3230 657 3329 ἀποπεραίνει
675 3227 780 3312 Θεός·
815 3228 933 3308 πάντα
958 3228 1043 3330 γάρ,
1062 3232 1109 3312 ὡς
1136 3228 1238 3334 ἔφην,
1257 3227 1356 3332 παρά

159 3349 304 3451 Πατρός
323 3355 364 3431 δι’
385 3357 476 3431 Υίοῦ
494 3355 531 3430 ἐν
553 3351 744 3450 Πνεῦματι,
761 3356 819 3431 καὶ
838 3353 894 3458 ἐφ’
914 3350 1031 3432 ἀπασι
1060 3358 1134 3435 τοῖς
1156 3357 1351 3452 κατορθου·

105 3488 144 3549 25
157 3472 275 3571 μένοις
300 3473 322 3572 ἡ
351 3473 435 3574 ἀγία
465 3476 523 3552 καὶ
553 3475 742 3573 ὁμοούσιος
772 3472 885 3577 Τριάς
917 3474 1111 3582 δοξάζεται.
1153 3474 1253 3578 ἀθρει
1284 3474 1355 3579 γάρ
1370 3505 1413 3561 66
1429 3504 1477 3561 M.

193 3729 220 3784 6.
238 3730 304 3802 τοῖς]
321 3736 350 3794 -Ι-
365 3729 495 3820 ε’λεῖνιίοί.
509 3747 526 3800 3
539 3731 631 3854 ωριτε)
645 3730 697 3787 Ed.
837 3743 861 3802 7.
880 3731 969 3818 napd]
981 3738 1010 3795 -ί-
1025 3735 1071 3785 τοῦ
1083 3731 1135 3822 Εφ.
1221 3798 1252 3819 ·»
1268 3731 1294 3785 8.
1312 3730 1356 3786 οὓς

156 3799 222 3925 effi
230 3800 636 3952 τάῒρλεῦῗόινδθγδίὶντιῦῗόθνέσι
654 3798 1355 3942 διακηρύτετ-είῦ,έκῦλῖῦίίὶεπτῦεῦνιτῦγ-ςχῦίίῦῦςελιῦῦλθγῦῦαίδλ.

159 3955 203 3994 11.
221 3942 263 3994 καὶ
294 3957 349 3994 nus
361 3949 531 4011 assumptum
544 3957 576 3994 ex
593 3939 628 3996 H.
816 3957 910 4008 11-14.
930 3941 972 3995 καὶ
983 3940 1167 4013 γοῦν-ἅγιον]
1180 3939 1303 4010 λέγοντος
1317 3939 1355 3993 H.

161 4025 203 4076 14.
219 3957 323 4081 τδν]ρ-λ-
337 4031 366 4063 τε
380 4010 417 4065 H.
499 4025 541 4077 15.
560 4012 605 4063 τόν
617 4027 671 4063 om.
687 4008 723 4064 H.
803 4024 897 4079 15-21.
915 4010 1043 4066 είς-υίοῦ
1054 4028 1108 4064 om.
1121 4009 1158 4063 H.
1238 4025 1281 4063 22.
1296 4031 1355 4064 του-

156 4078 230 4136 τέστι
242 4097 296 4134 om.
311 4080 349 4136 H.
421 4095 464 4150 23.
477 4078 606 4151 ό-θεός]
620 4080 696 4136 αὐτὸς
708 4082 722 4134 ό
735 4080 800 4135 Θεός
810 4082 879 4134 ποιεῖ
893 4080 930 4134 H.
974 4081 1009 4136 ὣς
1019 4081 1087 4150 ἔφην
1099 4097 1152 4133 om.
1167 4077 1205 4134 H.
1278 4093 1321 4149 25.
1338 4077 1354 4146 ἡ

157 4149 218 4222 ἁγία
233 4149 269 4204 H.
284 4149 406 4237 ἡγίασται
419 4151 453 4206 Α.
466 4149 517 4204 Ed.
565 4148 710 4221 δοξάζεται]
730 4150 816 4240 pergit
833 4149 1027 4220 aliquantulum
1043 4150 1146 4203 diverse
1160 4147 1206 4202 Hz
1224 4148 1314 4203 πίστιν
1326 4150 1355 4202 δέ

157 4219 266 4274 ἐνταῦθα
277 4221 350 4289 λεγει
361 4220 392 4274 οῦ
404 4221 450 4289 τὴν
461 4218 546 4292 ψιλὴν
556 4224 654 4291 γνῶσιν
665 4217 695 4289 ἣν
706 4220 748 4274 καλ
758 4241 791 4273 τα
803 4218 933 4290 ἀκάθαρτα
944 4218 1074 4288 πνεύματα
1085 4220 1100 4272 ἔ
1117 4239 1177 4272 ουσι
1188 4216 1355 4274 πιστεύοντες

158 4289 199 4344 ὅτι
211 4291 284 4344 ἔστιν
296 4291 370 4354 Θεδς,
382 4289 451 4344 ἀλλὰ
463 4290 553 4345 πίστιν
564 4290 613 4344 ὧδε
628 4289 739 4359 νοιγτέον,
751 4291 782 4344 οδ
797 4291 876 4358 μόνον
886 4291 916 4344 τό
932 4293 1073 4344 πιστεῦσαι
1089 4242 1126 4344 είς
1140 4291 1186 4342 τόν
1197 4289 1272 4350 θεόν,
1284 4289 1356 4342 ἀλλὰ

158 4361 201 4418 καὶ
212 4363 248 4432 τῷ
260 4363 343 4414 ποιεῖν
354 4362 436 4416 πόντιε
449 4361 481 4413 τὰ
498 4359 596 4429 ἀρεστὰ
608 4361 676 4432 αύτῷ
694 4362 735 4414 καὶ
750 4358 863 4432 γνησίως
878 4359 956 4414 αι’ντδν
967 4359 1068 4428 ἀγαπᾶν
1079 4360 1120 4413 καὶ
1132 4357 1281 4427 ε’ρτγρεῖσθαι
1292 4358 1356 4413 κατὰ

158 4429 250 4500 ψυχὴν
261 4430 303 4484 καὶ
320 4428 422 4498 ἕτοιμον
438 4427 502 4484 εἶναι
520 4433 566 4485 τοῦ
582 4428 738 4500 πορεύεσθαι
755 4431 820 4499 μετὰ
834 4430 929 4498 Κυρίου
940 4433 987 4484 τοῦ
1000 4432 1076 4484 Θεοῦ.
1101 4428 1125 4483 εί
1135 4430 1186 4499 γὰρ
1198 4427 1226 4482 ε’ν
1237 4429 1307 4500 μόνῳ
1318 4431 1355 4500 τῷ

158 4497 290 4556 πιστεύειν
305 4499 345 4554 ὅτι
363 4501 437 4556 ἴστιιι
448 4501 515 4556 θεός
527 4499 541 4568 ἢ
553 4499 642 4556 πίστις
659 4503 753 4554 νοεῖται
771 4501 812 4555 καὶ
829 4503 906 4555 τοῦτο
922 4499 949 4554 έν
960 4500 1032 4568 τόξει
1049 4505 1101 4554 τῶν
1112 4498 1187 4554 θείων
1203 4500 1356 4570 λελόγισται

159 4571 336 4642 χαρισμάτων,
345 4571 372 4624 τί
382 4569 417 4640 μὴ
426 4571 467 4625 καί
480 4569 552 4640 ἡμεῖς
563 4571 588 4624 οί
598 4571 797 4627 πεπιστευκότες
809 4573 862 4626 τοῖς
874 4568 964 4642 ὄρεσιν
975 4569 1140 4640 ε’πιτάττομιν
1148 4569 1354 4641 μετακινεῖσθαις
