3294 5150
149 378 204 420 xv.
219 375 271 436 24,
284 357 335 424 28.
381 355 434 420 IN
458 355 524 420 ΕΡ.
549 356 576 420 Ι.
604 355 977 420 ADCORINTHIOS.
1015 354 1103 420 LIB.
1120 355 1160 418 V.
1284 355 1348 417 305

1442 451 1479 500 M.

149 519 325 616 ἀμείνους,
344 521 393 603 ὡς
411 519 512 625 ἔφην,
529 524 602 598 τῶν
619 519 856 623 ἀρχαιοτέρων
875 525 908 599 οἱ
926 521 963 599 ε’ν
978 524 1139 626 Χριστῷ·
1168 515 1349 621 τοιγάρτοι
1378 453 1428 516 [⁷⁵
1490 450 1502 514 ]

149 641 400 743 καὶ-πρώτους
428 639 555 726 αὐτοὺς
580 641 855 730 ἀναβιώσεσθῶ
880 649 1007 748 φησιν,
1030 641 1105 723 οἷον
1130 639 1248 725 ἰόντας
1273 644 1347 720 κατ’

148 761 250 866 ἴχνος
267 770 312 868 τῇ
331 763 478 844 πάντων
491 767 595 868 ἀρχῇ,
611 763 670 844 διά
687 798 742 844 τοι
758 762 903 845 τὸεῖναι
921 765 1230 870 προσεχεστέρονς
1248 767 1349 870 αὐτῇ,

148 888 210 965 καὶ
237 890 520 989 προτετιμῆσθαι
547 885 660 991 ταύτῃ
685 920 739 966 τοι
766 894 838 968 τῶν
856 887 995 966 ἄλλων.
1028 889 1240 992 ιἀτεμφαόνει
1258 886 1349 967 δέτι

111 1029 133 1089 5
149 1017 312 1088 τοιοῦτον
328 1014 386 1089 καὶ
405 1009 509 1093 αὐτὸς
528 1011 548 1088 ό
570 1009 702 1109 Κύριος
719 1010 820 1107 ἡμῶν
837 1012 980 1109 Ἰησοῦς
998 1009 1160 1114 Χριστός
1179 1015 1216 1090 ἐν
1233 1044 1350 1113 παρα-

147 1138 281 1222 βολαῖς
309 1134 568 1234 εὖαγγελικαῑς·
613 1132 683 1236 ἔφη
713 1131 785 1234 γάρ
819 1132 873 1211 ότι
907 1131 988 1217 τοὺς
1019 1133 1172 1235 ἐργάτας
1203 1139 1251 1217 εὶς
1286 1133 1350 1213 τὸν

147 1256 348 1351 ἀμπελῶνα
365 1255 612 1354 μισθούμενος·
642 1255 897 1356 οἰκοδεσπότης
919 1256 956 1337 δὲ
982 1257 1092 1339 οὗτος·
1118 1267 1139 1303 “
1151 1257 1262 1362 ὀψίας
1283 1290 1345 1358 γε·
1361 1259 1486 1374 {ffb-

149 1389 173 1425 “
190 1379 380 1479 γενημένης
399 1381 468 1484 ἔφη
491 1385 542 1485 τῷ
560 1376 737 1485 ἐπιτρόπῳ
761 1381 869 1458 αὐτοῦ
899 1376 1073 1459 Κάλεσον
1095 1380 1176 1462 τοὺς
1198 1379 1349 1481 ε’ργάτας

149 1513 174 1548 “
192 1505 250 1580 καὶ
269 1503 401 1586 ἀπόδος
421 1504 538 1586 αὐτοῖς
559 1500 622 1580 τόν
640 1501 775 1602 μισθόν
794 1500 991 1608 ἀρξάμενος
1009 1501 1081 1582 ἀπὸ
1100 1511 1172 1582 τῶν
1185 1503 1350 1607 ἐσχάτων

91 1647 134 1688 10
149 1634 174 1672 “
193 1624 259 1708 ἕως
277 1632 350 1705 τῶν
366 1626 549 1729 πρώτων.”

153 1833 234 1904 Εἶτα
261 1841 299 1907 τό
326 1843 431 1922 τὲλου,
450 1844 528 1908 ὅταν
547 1840 687 1930 παραδῷ
716 1840 773 1906 τόν
802 1840 967 1918 βασιλείαν
994 1845 1042 1926 τῷ
1062 1841 1137 1926 Θεῷ
1162 1842 1213 1905 καὶ
1235 1841 1348 1930 Πατρὶ,
1363 1857 1400 1908 24

185 1967 264 2030 ὅταν
283 1967 471 2054 καταργήσῃ
490 1970 597 2031 πᾶσαν
616 1965 719 2054 ἀρχὴν
739 1963 789 2029 καὶ
808 1969 916 2032 πᾶσαν
935 1966 1084 2034 ἐξουσίαν
1105 1967 1157 2032 καί
1177 1967 1325 2042 δύναμιν.

211 2123 545 2225 Παραδοθήσεσθαί
569 2131 684 2229 φησιν
706 2133 753 2233 τῷ
772 2131 848 2232 Θεῷ
879 2136 937 2204 καὶ
959 2131 1066 2229 Πατρλ
1092 2123 1145 2216 τὴν
1163 2127 1350 2213 βασιλείαν

151 2243 254 2348 παρὰ
272 2256 335 2326 τοῦ
348 2253 450 2344 Υἱοῦ,
468 2246 736 2348 κατηργημένης
755 2250 868 2350 ἀρχῆς
887 2247 1032 2345 ἀπάσης
1049 2253 1121 2325 τῶν
1139 2246 1351 2348 ἀκαθάρτων

98 2405 137 2465 ¹5
152 2367 366 2464 πνευμάτων
398 2374 456 2450 καὶ
494 2371 603 2450 αι’σοῦ
635 2379 699 2450 τοῦ
736 2370 892 2450 θανάτου
924 2368 1053 2449 λοιπόν
1084 2371 1350 2472 ἀπρακτοῦντος

152 2490 319 2573 εἰσάπαν.

146 2705 254 2773 Ὀταν
282 2707 318 2772 δὲ
346 2709 492 2798 &nomn-*3
515 2709 605 2794 αὐτῷ
625 2710 664 2774 τό
690 2710 806 2790 πάντα,
831 2709 903 2774 τότε
931 2707 983 2772 καί
1011 2707 1109 2772 αὐτὸς
1134 2704 1245 2774 ὀΥἰόο
1270 2707 1348 2771 ὑπο·
1363 2721 1402 2774 ο8

205 2835 379 2906 τατάοεται
406 2838 454 2918 τῷ
481 2835 677 2902 ὑποτάξαντι
705 2836 794 2918 αὐτῷ
821 2835 860 2899 τὰ
888 2833 1003 2912 πάντα,
1031 2833 1083 2896 ἵνα
1112 2828 1132 2922 ᾗ
1158 2832 1175 2896 ὁ
1201 2831 1283 2896 Θεὸς
1309 2830 1348 2895 τὰ

206 2959 311 3023 πάντα
338 2959 373 3022 ἐν
399 2963 508 3025 πᾶσιν.

95 3147 139 3188 20
211 3101 358 3202 Ἐπειδὴ
377 3136 467 3186 τινες
486 3100 711 3208 ἐξευτελίᾷιν
728 3109 917 3204 πειρῶνται
935 3102 978 3182 τό
995 3137 1036 3203 γε
1055 3103 1110 3206 ἐφ’
1130 3102 1266 3183 ἑαυτοῖς
1287 3097 1351 3181 τόν

154 3223 245 3305 Υἱὸν
278 3226 444 3325 λε’γοντες
478 3225 712 3330 παραδιδόναι
743 3228 795 3333 τῷ
826 3226 944 3328 Πατρὶ
975 3224 1041 3322 τὴν
1072 3224 1264 3319 βασιλείαν
1293 3227 1352 3302 καὶ

156 3345 419 3428 ὑποτάττεσθαι
443 3351 490 3434 ὡς
514 3349 653 3452 μειζόνι,
672 3349 817 3429 λεκτέον
840 3349 894 3429 ότι
924 3347 1050 3432 όΥὶός
1079 3349 1258 3444 ὑπέμεινεν
1284 3344 1350 3444 τὴν

156 3471 361 3551 ἐθελούσιον
381 3473 532 3552 κε’νωσιν
550 3472 706 3574 γεγονὼς
732 3475 812 3552 καθ’
833 3473 936 3572 ἡμᾶς,
955 3474 1012 3551 καὶ
1036 3470 1111 3550 οἷον
1128 3470 1172 3577 ἐξ
1198 3469 1351 3574 όψωμά

156 3625 228 3672 των
253 3595 378 3674 ἑαυτὸν
395 3595 630 3694 ταπεινιόσας,
652 3595 868 3700 σάμμορφος
891 3593 940 3674 ιόν
961 3599 1019 3674 καὶ
1043 3594 1123 3678 ἴσος
1150 3597 1200 3699 τῷ
1220 3593 1348 3691 Ποτρί·

97 3749 141 3809 25
157 3720 216 3796 καὶ
241 3717 431 3819 κε’κρυπται
455 3718 520 3815 μὲν
534 3721 571 3799 ε’ν
591 3724 683 3826 Θεῷ,
703 3719 1048 3824 ἀποκαλυφθήσεται
1073 3716 1186 3817 γεμὴν
1204 3717 1242 3794 ε’ν
1261 3714 1350 3820 δόξῃ

156 3839 248 3920 κατά
266 3839 329 3920 τόν
348 3845 411 3938 τῆς
429 3841 636 3926 συντελείας
654 3851 718 3922 τοῦ
737 3851 800 3921 νῦν
818 3848 944 3926 αἰῶνος
962 3839 1095 3944 καιρὸν,
1116 3847 1176 3918 νῦν
1194 3841 1232 3917 ἐν
1251 3838 1350 3942 δεξόᾳ

156 3964 353 4063 καθήμενος
370 3973 434 4044 τοῦ
454 3963 611 4067 Πατρός.
641 3971 670 4043 εἰ
689 3963 726 4044 δέ
746 3963 1020 4066 καταβιβάζεται
1038 3967 1101 4061 τῆς
1120 3971 1183 4042 νῦν
1201 3959 1350 4057 ε’νοόσης

156 4087 253 4194 αὐτῷ
272 4092 386 4186 τιμῆς,
405 4088 569 4188 δευτέραν
588 4085 658 4190 ἀρα
684 4085 833 4166 κε’νωσιν
852 4087 1047 4192 ὑφίσταται
1063 4119 1073 4180 ;
1105 4091 1133 4164 εἰ
1153 4083 1190 4163 δὲ
1209 4085 1266 4162 καὶ
1284 4080 1349 4178 τὴν

156 4211 349 4306 βασιλείαν
370 4213 608 4321 παραδίδωσι,
627 4217 705 4295 πῶς
724 4209 862 4315 ἔρχεται
892 4219 913 4254 “
927 4207 1017 4305 μετά
1045 4213 1117 4285 τῶν
1144 4206 1256 4306 ἁγίων
1284 4207 1515 4303 dy.1b.xvi.27.

100 4373 143 4430 30
157 4342 179 4382 “
197 4331 317 4434 γὲλων
335 4336 372 4412 ἐν
390 4341 435 4438 τῇ
461 4331 550 4440 δόξῃ
573 4343 637 4413 τοῦ
657 4332 802 4438 Πατρός
823 4335 930 4411 αὐτοῦ
947 4331 976 4424 ;”
1007 4332 1133 4409 οὐκοῦν
1153 4332 1211 4408 καὶ
1233 4327 1351 4407 ἀνεθέ-

196 4517 237 4552 ιτ.
259 4499 331 4554 Haec
344 4497 399 4554 duo
412 4517 479 4570 quae
491 4509 639 4571 sequuntur
651 4499 750 4554 scholia
764 4498 840 4554 nobis
854 4495 1005 4568 suppeditat
1020 4495 1056 4550 H.
1184 4509 1226 4565 27.
1246 4493 1352 4563 ἱνοόσης

157 4569 226 4624 eod.
370 4569 411 4623 28.
431 4567 493 4640 δρα]
510 4569 549 4624 lta
563 4569 629 4624 cod.

201 4671 271 4716 VOL.
289 4673 340 4716 111.
745 4670 766 4714 11
781 4671 796 4714 r
