3284 5130
306 330 370 394 ιιι
607 327 647 392 Β.
671 327 883 392 omnm
913 327 1203 394 ALEXANDR.
1306 329 1503 411 ..ιη-ιγ.

273 497 425 596 ἁπαρῆν
443 499 516 577 τοῖς
533 490 715 573 Ἰουδαίων
734 494 923 596 ῦπηρέταις
945 492 1081 599 ἀναμὶξ
1102 491 1192 596 πρὸς
1214 491 1256 573 τὸ
1274 498 1349 575 τοῖς
1366 491 1500 592 ἄρχου·

137 631 260 745 sm}
307 649 370 696 σιν
387 615 607 715 ἀποκομίσαι
631 612 695 697 τόν
712 618 868 717 Ἰησοῦν,
887 620 920 696 οί
945 616 1010 716 μέν
1032 615 1143 696 ἄλλοι
1168 626 1189 662 “
1201 614 1329 699 πάντες
1356 611 1504 719 ἀφέντες

136 709 255 860 ζζη5’
308 751 330 788 “
348 739 457 820 αὐτόν
481 740 648 844 έφνγον,”
668 739 759 822 κατά
786 737 828 820 τδ
855 742 1114 843 γεγραμμένον,
1134 740 1271 842 Πέτρος
1299 737 1336 820 δέ
1362 742 1406 844 τῇ
1434 771 1504 834 μα·

138 846 208 898 ”ffi‘
223 859 262 898 ¹⁰·
307 864 417 970 χαίρῳ
443 862 485 944 τὸ
513 873 577 943 τοῦ
598 863 759 968 Μάλχον
787 862 954 968 διέκοψεν
982 865 1099 944 ὠτίον.
1140 860 1228 971 ᾤετο
1255 862 1327 965 γὰρ
1356 867 1427 942 δεῖν
1444 859 1504 940 διὰ

307 985 441 1071 παντὸς
469 985 656 1084 ἐπαμύνειν
674 984 809 1088 τρόπον
826 992 878 1093 τῷ
897 987 1011 1094 οἰκείῳ
1037 986 1257 1094 διδασκάλῳ,
1276 991 1303 1065 εἰ
1327 988 1384 1064 καὶ
1411 977 1541 1090 ἀπᾴ-5

308 1115 445 1191 δονσαν
469 1112 565 1216 αύτῷ
589 1117 775 1194 παντελῶς
796 1111 945 1189 έποιεῖτο
964 1109 1030 1210 τὴν
1047 1110 1261 1213 ἐγχείρησιν.
1301 1105 1504 1215 ἀφικομένῳ

307 1242 498 1337 τοιγαροῦν
524 1241 597 1313 τῶν
622 1233 748 1313 ἄλλων
777 1232 993 1336 γοργότερον
1018 1231 1195 1337 προσάγει
1223 1231 1288 1328 τὴν
1315 1239 1454 1327 πεῦσιν,
1473 1237 1504 1309 εἰ

307 1363 426 1440 πλεῖοι
443 1359 561 1438 αῦτῶν
590 1363 735 1464 ἀγαπᾷ,
756 1360 814 1436 καὶ
840 1365 947 1437 τοῦτο
974 1363 1024 1441 είς
1051 1358 1169 1460 τρίτον
1190 1356 1325 1458 γέγονε.
1364 1388 1502 1455 συγκα-

308 1475 442 1564 τανεύει
467 1481 505 1562 δέ
528 1478 665 1584 Πέτρος
694 1484 752 1560 καὶ
775 1484 922 1583 ἀγαπῶν
946 1483 1125 1583 ὁμολογεῖ,
1147 1485 1211 1580 τῆς
1233 1479 1503 1583 ἐνυπαρχούσης

308 1607 404 1714 αύτῷ
422 1605 611 1689 διαθέσεως
630 1602 738 1684 αὐτὸν
756 1601 844 1684 εἶναι
867 1603 984 1706 λέγων
1002 1601 1066 1686 τόν
1083 1603 1258 1707 μάρτυρα·
1293 1605 1348 1709 ἐφ’
1368 1599 1504 1708 ἑκάστη
1521 1645 1564 1686 ιο

280 1729 347 1810 οδέ
374 1736 446 1808 τῶν
469 1731 670 1828 ὁμολογιῶν
693 1727 873 1833 διαφόρως
900 1728 1018 1808 ἀκούει
1042 1733 1106 1827 τῆς
1133 1734 1205 1807 τῶν
1233 1733 1389 1829 λογικῶν
1415 1761 1505 1829 προ-

309 1854 434 1946 βάτων
451 1853 598 1956 έχεσθαι
618 1852 818 1957 φροντίδος.

367 1972 480 2072 Οἶμαι
499 1973 537 2055 δέ
556 1972 682 2076 ἔγωγε·
718 1979 845 2080 χρῆναι
864 1975 936 2079 γάρ
954 1976 1065 2060 ὅντως
1083 1979 1176 2082 φημὶ
1195 1979 1253 2055 καὶ
1272 1973 1338 2073 τὴν
1357 2007 1506 2073 κεκραμ-

309 2099 417 2198 μένην
436 2102 473 2178 έν
490 2097 627 2182 τούτοις
655 2101 875 2200 διερευνῆσαι
906 2099 1073 2180 διάνοιαν·
1111 2101 1175 2179 ούκ
1200 2101 1274 2202 εἰκῇ
1302 2097 1506 2202 γεγράφθαι

310 2226 369 2303 καὶ
393 2230 516 2321 ταῦτα,
533 2222 647 2301 ῶδίνει
666 2221 711 2301 δέ
729 2256 764 2302 τι
785 2223 899 2303 πάλιν
917 2226 937 2303 5
955 2220 1076 2326 λόγος,
1095 2226 1154 2302 καὶ
1172 2228 1244 2303 τῶν
1267 2219 1505 2324 προκειμένων
1522 2260 1563 2320 ¹5

310 2349 331 2426 5
349 2355 430 2431 νοῦς
448 2344 519 2450 έχει
541 2378 575 2424 τι
593 2343 737 2430 πάντως
755 2345 797 2426 τὸ
815 2348 1045 2451 ένδομνχοῦν·
1078 2344 1100 2446 ἢ
1119 2344 1190 2448 γὰρ
1210 2347 1273 2426 ούκ
1292 2348 1364 2448 έρεῖ
1378 2379 1431 2430 τις
1449 2347 1507 2425 εῦ-

309 2470 430 2574 λόγως
450 2468 576 2549 Μόνον
604 2472 719 2576 έρωτᾷ
745 2470 809 2550 τὸν
828 2468 985 2569 Σίμωνα,
1008 2471 1121 2550 καίτοι
1148 2476 1221 2548 τῶν
1242 2468 1371 2549 ἀλλων
1397 2503 1505 2572 παρε-

307 2595 461 2676 στώτων
494 2599 676 2694 μαθητῶν,
708 2592 767 2672 διὰ
804 2595 912 2674 ποίαν
941 2595 1083 2690 αίτίαν;
1130 2593 1167 2673 τί
1197 2593 1231 2673 δ’
1262 2591 1307 2672 ἀν
1336 2592 1507 2687 βούλοιτο

309 2723 443 2819 δηλοῦν
476 2717 518 2798 τό
553 2719 660 2798 Βόσκε
695 2715 742 2798 τῦι
773 2719 867 2826 ἀρνία
898 2753 972 2821 μιν,
1004 2718 1062 2796 καὶ
1095 2717 1141 2796 τὰ
1172 2715 1310 2799 τούτοις
1338 2716 1486 2820 ἀδελφά
1492 2749 1503 2814 ;

143 2841 429 2944 1119Δ·ςφαμέν
448 2841 511 2920 οῦν
538 2840 592 2920 ὅτι
621 2840 887 2945 κεχειροτόνητο
915 2839 980 2939 μέν
1003 2839 1072 2939 ἥδη
1099 2838 1191 2940 πρὸς
1215 2839 1281 2939 τὴν
1299 2841 1395 2919 θείαν
1416 2842 1503 2919 ἀπο-
1521 2878 1564 2920 20

310 2962 450 3063 στολὴν
481 2966 570 3059 ὁμοῦ
606 2970 680 3046 τοῖς
715 2963 843 3066 ἑτέροις
872 2969 1048 3063 μαθηταῖς
1077 2965 1098 3043 5
1129 2962 1321 3046 θεσπέσιος
1353 2964 1503 3066 Πέτρος·

142 3105 242 3183 8:11³&
310 3088 417 3172 αὐτὸς
447 3085 516 3190 γὰρ
545 3086 671 3170 αύτοῦς
697 3089 716 3166 5
741 3087 874 3191 Κύριος
899 3088 999 3187 ἡμῶν
1017 3090 1160 3188 Ἰησοῦς
1184 3083 1383 3187 ὁΧριστδς
1411 3088 1505 3166 ἀπο·
1552 3115 1557 3126 ·

143 3186 177 3220 n
190 3184 227 3234 ¹³⁸
310 3210 467 3293 στόλους
487 3207 653 3308 ὠνόμασε
671 3210 763 3291 κατά
782 3210 824 3291 τῦ
842 3211 1104 3315 γεγραμμένον·
1146 3209 1264 3310 ἐπειδὴ
1283 3209 1320 3288 δέ
1337 3213 1503 3313 πραχθῆ-

312 3367 369 3412 ναι
397 3333 605 3431 συμβέβηκε
632 3332 678 3413 τὰ
707 3339 769 3432 τῆς
788 3337 969 3415 Ἰουδαίων
994 3338 1200 3433 ἐπιβουλῆς,
1223 3335 1286 3413 καί
1310 3366 1345 3412 τι
1373 3332 1508 3448 μεηοξῦ

312 3458 523 3554 διεπταίσθη
553 3458 611 3535 καὶ
639 3487 799 3558 γεγονεν·
839 3456 982 3567 ἀκράτῳ
1007 3458 1079 3560 γὰρ
1101 3460 1236 3554 δείματι
1265 3459 1509 3561 καταληφθεὶς
1522 3498 1563 3559 ²5

254 3603 263 3610 ”
314 3581 334 3660 5
362 3580 555 3664 θεσπέσιος
574 3579 711 3683 Πέτρος
733 3581 918 3682 ἠρνήσατο
946 3584 1023 3686 τρὶς
1052 3581 1116 3661 τὸν
1136 3580 1281 3683 Κύριον·
1325 3580 1508 3681 θεραπεύει

280 3704 356 3784 br5
373 3702 562 3799 πεπονθὸς,
582 3710 639 3782 καὶ
657 3706 866 3785 ἀνταπαιτεῖ
885 3707 1056 3789 ποικίλως
1081 3704 1146 3804 τὴν
1165 3711 1213 3788 είς
1232 3706 1352 3806 τρίτον
1371 3704 1504 3798 όμαλο·
1549 3707 1551 3710 ’

205 3853 209 3860 “
255 3851 264 3859 ”
312 3829 405 3930 γίαν,
424 3827 667 3921 ἀντίσταθμον
685 3824 810 3930 ῶσπερ
830 3829 948 3937 έκείνῳ
966 3837 1072 3908 τοῦτο
1090 3831 1196 3912 τιθεὶς
1219 3831 1277 3908 καὶ
1296 3828 1509 3930 ἀντίρροπον

313 3958 387 4035 τοῖς
414 3953 642 4046 πταίσμασιν
659 3951 840 4056 έξαρτύων
864 3950 929 4053 τὴν
949 3951 1209 4053 ἐπανόρθωσιν.
1237 3948 1280 4031 τό
1308 3948 1380 4052 γάρ
1408 3948 1508 4058 λόγῳ

315 4072 549 4156 διαπταισθέν
567 4077 624 4152 καὶ
642 4077 681 4154 έν
697 4080 824 4178 φιλοῖς
843 4076 925 4180 έχον
942 4077 1080 4180 ῥήμασι
1098 4082 1171 4156 τῶν
1189 4072 1424 4175 ἐγκλημάτων
1442 4072 1510 4172 τὴν
1522 4115 1564 4172 30

315 4199 474 4297 δύναμιν,
505 4196 596 4278 κατὰ
629 4198 692 4279 τὸν
724 4199 807 4280 ἴσον
837 4201 913 4300 δοίη
943 4235 997 4284 τις
1025 4197 1070 4279 ἀν
1103 4201 1330 4279 ἀπολύεσθαι
1358 4194 1507 4299 τρόπον.

350 4491 376 4544 5.
394 4477 558 4545 έπαναμίνειν
570 4479 602 4534 Ε.
877 4481 903 4536 8.
921 4484 1012 4536 πλεῖον
1025 4482 1104 4538 habet
1117 4483 1149 4538 E.
1197 4483 1288 4555 γέγονε
1301 4479 1334 4534 Ε.
1346 4479 1443 4550 γίνεται
1457 4478 1509 4538 Ed.

318 4563 359 4603 12.
377 4547 501 4619 ίρχεσθοι
514 4548 547 4602 Ε.
728 4563 821 4623 17-19.
840 4551 1007 4622 ἐρατᾷ-μον
1019 4571 1073 4608 om.
1088 4553 1119 4608 E.
