3284 5130
121 340 185 406 xix.
199 361 253 428 30.
402 342 460 406 IN
491 342 524 406 s,
547 339 805 406 ιοΑΝΝαΜ.
851 340 947 407 mn.
971 342 1051 408 xn.
1283 347 1327 412 υτ

121 538 227 606 τορος
255 503 324 606 τὴν
356 503 494 612 ψυχὴν,
526 506 586 586 ίνα
621 506 680 585 καὶ
713 506 823 605 ήμεῖς,
853 505 970 611 ἀρχὴν
1002 504 1178 604 λαβόντες
1209 511 1257 592 ὡς
1288 511 1327 589 ἐν

121 629 234 734 ἐκείνη
265 630 325 708 καὶ
354 631 398 710 δι’
427 629 569 730 ἐκείνης,
596 626 767 730 λαμπρὰς
793 627 931 734 ἔγαμεν
958 629 1022 714 τὰς
1049 632 1208 728 ἐλπίδας,
1238 637 1358 736 ἀρα-(1

120 749 236 851 ρότως
264 753 475 851 διακείμενοι
506 755 564 833 καὶ
596 751 882 850 πεπιστευκότες,
916 752 972 833 ὅτι
1002 752 1067 834 τὸν
1095 759 1159 855 τῆς
1189 754 1326 860 σαρκὸς

122 874 376 974 ὑπομείναντες
401 874 557 956 θάνατον
575 877 614 956 ἐν
631 877 760 980 χερσὶν
777 873 935 974 ἐσόμεθα
954 881 1060 974 θεοῦ,
1079 880 1137 959 καὶ
1162 878 1259 960 πολὺ
1282 879 1326 980 δή

90 999 209 1080 5λίαν
230 1000 270 1078 ἐν
287 999 473 1098 ἀμείνοσιν
493 1000 585 1102 ήπερ
606 997 695 1099 ἦμεν
711 997 802 1097 μετὰ
823 997 970 1103 σαρκός.
1010 998 1065 1081 διὸ
1090 1005 1150 1082 καὶ
1168 1005 1188 1082 ὁ
1207 1002 1327 1110 σοφὸς

122 1121 208 1220 ἡμῖν
225 1120 436 1204 ἐπιστέλλει
456 1128 605 1207 Παῦλος
628 1121 683 1202 ὅτι
711 1129 870 1225 κρεῖττον
892 1121 935 1202 τὸ
959 1126 1141 1205 ἀναλῦσαι
1169 1132 1227 1208 καὶ
1254 1127 1327 1208 σῦν
1370 1147 1467 1198 th

121 1249 278 1353 Χριστῷ
296 1243 398 1327 εἶναι.
1373 1226 1412 1276 '³'

116 1487 182 1554 Ὠι
220 1487 257 1555 δὲ
293 1489 498 1572 ἐξέπνευσεν,
523 1490 654 1578 έσχίσθιι
690 1491 728 1558 τὸ
764 1491 999 1568 καταπέτασμα
1028 1496 1085 1558 τοῦ
1116 1497 1195 1557 ναοῦ
1227 1495 1325 1568 μέσον

506 1615 573 1686 ἀπὸ
600 1616 727 1682 ἀνωθεν
754 1618 819 1681 έιοο
847 1617 948 1682 κάτω.
1339 1704 1356 1749 e

71 1831 108 1874 10
177 1788 224 1866 Τῦ
244 1788 282 1866 ἐν
300 1793 352 1897 τῷ
371 1795 445 1896 ναῷ
465 1785 732 1895 καταπέτασμα
750 1786 858 1887 ὀθόνη
876 1821 929 1873 τις
948 1785 994 1888 ἦν
1012 1786 1197 1890 καθιεμένη
1216 1795 1323 1890 διαμ-

120 1907 205 2016 πάξ
220 1915 270 1995 εῖς
288 1909 376 1992 αὐτὸ
394 1920 458 1991 τοῦ
476 1912 574 1992 οίκου
591 1910 634 1992 τὸ
653 1913 886 2012 μεσαίτατον,
905 1915 964 1990 καὶ
981 1911 1232 2015 σνσκιάῷυσά
1250 1949 1328 1999 πως

122 2032 168 2112 τὰ
196 2034 373 2138 ἐσωτέρω,
401 2039 460 2115 καῖ
485 2034 647 2136 βάσιμον
664 2034 788 2139 ὥσπερ
807 2033 906 2142 μόνῳ
927 2041 1067 2117 τιθεῖσα
1094 2041 1147 2142 τῷ
1174 2037 1332 2142 ἀρχιερεῖ

120 2157 189 2259 τήν
217 2159 389 2262 ἐνδατέρω
415 2158 565 2262 σκηνήν.
604 2162 646 2240 οῦ
674 2159 746 2263 γάρ
773 2159 819 2260 δή
842 2166 916 2244 τοῖς
946 2157 1139 2240 ἐθέλουσιν
1168 2160 1328 2245 ἀνίπτοις

121 2286 245 2386 ἐφεῖτο
270 2285 383 2364 ποσὶν
410 2285 467 2364 ἐπὶ
493 2283 536 2365 τὸ
565 2282 639 2364 ἐσσι
672 2281 879 2369 διάττοντας
910 2283 957 2363 τὰ
990 2281 1077 2385 ἀγια
1108 2289 1182 2364 τῶν
1215 2285 1329 2386 ἁγίων

73 2443 107 2501 ¹5
122 2403 346 2512 ἀφυλάκτως
380 2407 479 2511 ὁρᾶν.
526 2407 810 2510 ἀναγκαιοτάτην
840 2405 878 2487 δέ
909 2405 1059 2515 σφόδρα
1090 2404 1157 2507 τὴν
1189 2408 1228 2487 ἐκ
1256 2414 1330 2487 τῶν

121 2529 459 2630 καταπετασμάτων
477 2528 649 2630 διατομὴν
670 2534 728 2611 καὶ
757 2533 777 2611 ὁ
798 2536 948 2616 Παῦλος
973 2531 1057 2629 ἡμῖν
1075 2527 1266 2615 ἐπιδεικνὺς
1288 2532 1326 2610 ἐν

120 2660 175 2762 τῷ
191 2653 285 2758 πρὸς
297 2655 489 2757 Ἐβραίους
500 2654 571 2762 ἔφη
584 2652 769 2758 γράμματι
794 2665 814 2702 “
828 2653 948 2752 Σκηνὴ
967 2653 1040 2756 γὰρ
1051 2650 1325 2756 κατεσκευάζετο
1338 2647 1495 2772 θξθζοξ·

121 2779 187 2878 “ή
215 2779 354 2882 πρώτη,
373 2778 449 2879 ἥτις
477 2779 619 2882 λέγεται
648 2779 745 2879 άγία·
781 2776 872 2877 μετὰ
890 2775 927 2858 δέ
951 2774 993 2858 τὸ
1021 2776 1183 2881 δεύτερον
1211 2811 1322 2856 κατα·
1374 2803 1429 2850 ²·4·

121 2913 143 2950 “
161 2901 338 3001 πέτασμα
362 2903 480 3002 σκηνὴ
503 2904 525 3004 ή
548 2901 724 3004 λεγομένη
748 2899 834 3002 άγια
857 2900 979 3003 ἁγίων,
1004 2909 1166 3006 χρυσοῦν
1191 2901 1327 3006 ἔχουσα

70 3037 144 3104 ιο“
164 3024 409 3129 θυμιατήριον,
430 3030 489 3107 καὶ
516 3025 583 3127 τὴν
602 3023 757 3121 κιβωτὸν
782 3028 846 3125 τῆς
875 3023 1044 3126 διαθήκης
1070 3035 1325 3127 περικεκαλυμ-

122 3161 145 3197 “
164 3149 277 3249 μένην
303 3146 481 3230 πάντοθεν
508 3150 658 3256 χρυσίῳ,
686 3152 724 3229 ἐν
753 3145 777 3255 ᾗ
806 3147 968 3248 στάμνος
995 3148 1017 3248 ή
1045 3153 1166 3254 χρυσῆ
1191 3148 1328 3253 ἔχουσα

123 3284 146 3320 “
166 3270 210 3353 τὸ
243 3273 373 3371 μάννα,
406 3277 465 3353 καὶ
497 3278 535 3354 αῖ
570 3271 707 3357 πλάκες
744 3276 809 3371 τῆς
846 3270 1014 3373 διαθήκης
1051 3274 1109 3352 καὶ
1139 3270 1161 3371 ἡ
1193 3271 1327 3376 ῥάβδος

125 3407 148 3444 “
167 3393 315 3498 Ἀαρὼν
342 3396 366 3495 ή
395 3395 681 3497 βλαστήσασα.”
719 3397 805 3476 ἀλλ’
837 3405 860 3443 “
874 3401 922 3480 εῖς
957 3393 1022 3494 μέν
1052 3394 1119 3495 τὴν
1148 3394 1324 3498 πρώτην,”
1372 3406 1412 3456 1b.
1424 3405 1480 3456 Μ·

124 3521 235 3626 φησί,
253 3529 277 3566 “
292 3517 431 3619 σκηνήν
453 3518 610 3599 εἰσίασιν
627 3525 661 3600 οῖ
686 3523 784 3622 ἱερεῖς
800 3517 865 3604 τὰς
887 3520 1052 3622 λατρείας
1074 3520 1328 3617 ἐπιτελοῦντες,

70 3669 110 3730 25
124 3655 147 3691 “
168 3650 218 3728 είς
242 3643 280 3723 δέ
301 3641 368 3743 τήν
386 3643 553 3747 δευτέραν
575 3639 685 3741 μόνος
703 3645 723 3723 ὁ
746 3639 928 3747 ἀρχιερεὺς
956 3641 1008 3723 ἀπ
1084 3650 1149 3722 τοῦ
1169 3645 1328 3723 ἐνιαυτοῦ

124 3779 148 3816 “
168 3769 213 3847 οῦ
241 3769 350 3872 χωρὶς
379 3767 541 3865 αἵματος,
573 3764 593 3846 ὃ
617 3765 819 3872 προσφέρει
842 3766 931 3869 ι’πτέρ
958 3801 996 3846 τε
1025 3767 1151 3846 ἐαυτοῦ
1175 3768 1233 3846 καὶ
1255 3772 1361 3846 τῶνῙ)

124 3902 147 3940 “
168 3899 235 3972 τοῦ
267 3897 358 3970 λαοῦ
388 3890 634 3993 ἀγνοημάτων,
665 3899 771 3971 τοῦτο
802 3893 996 3990 δηλοῦντος
1027 3897 1091 3969 τοῦ
1121 3889 1327 3985 Πνεῦματος

122 4025 147 4062 “
167 4022 234 4095 τοῦ
259 4013 396 4115 Ἀγίου,
423 4010 531 4114 μήπω
559 4018 837 4121 πεφανερῶσθαι
855 4012 921 4113 τὴν
940 4019 1011 4093 τῶν
1030 4013 1142 4112 άγίων
1164 4009 1257 4106 ὁδὸν,
1276 4009 1328 4088 έτι

123 4151 147 4188 “
167 4143 233 4238 τῆς
261 4138 405 4241 πρώτης
437 4141 574 4238 σκηνῆς
601 4137 754 4243 ἐχούσης
780 4135 952 4216 στάσιν.”
994 4134 1039 4234 ἦν
1067 4132 1132 4233 μέν
1164 4130 1236 4235 γὰρ
1264 4133 1327 4211 οῦκ

66 4294 110 4352 3ο
124 4263 348 4370 ἀμφίλογον,
366 4261 420 4342 ὅτι
442 4267 520 4347 ταῖς
538 4261 696 4366 πρώτως
718 4268 782 4340 τοῦ
805 4267 891 4339 ναοῦ
913 4258 1036 4362 θύραις
1053 4253 1329 4360 περιτετάνυστο

164 4457 191 4513 5.
211 4438 277 4510 ἢπερ
290 4439 322 4494 Ε.
430 4440 455 4502 8,
469 4457 495 4510 9.
515 4439 589 4494 Haec
601 4445 692 4493 extant
704 4437 731 4492 in
745 4437 773 4492 F.
790 4435 855 4509 [sub
868 4435 993 4491 asterisco
1005 4433 1113 4490 exhibet
1125 4433 1210 4488 versio
1223 4432 1330 4504 Syriam

130 4508 344 4582 Hemcleensis}
521 4511 547 4564 8.
567 4509 660 4634 ι’σέίθη
675 4510 707 4564 Ε.
906 4524 947 4562 12.
967 4507 1056 4578 ὥσπερ
1069 4513 1239 4577 assumptum
1253 4521 1285 4559 ex
1300 4501 1332 4556 Ε.

128 4601 175 4656 3ο.
195 4581 346 4652 ἀμφίλογον
361 4579 391 4635 E.
404 4579 555 4650 ἀμφίβολον
568 4579 591 4635 Ε
614 4621 620 4634 .
