3280 5142
110 369 202 434 xviii.
217 389 268 454 17.
304 369 361 434 IN
390 370 425 437 S.
449 369 708 437 JOANNEM.
754 369 935 436 LIRXI.
979 371 1187 437 cAP.X11.
1271 367 1317 434 31

113 534 242 618 παιδὸς
272 536 295 636 ῆ
328 534 480 639 τήρησις
509 538 574 617 οῦκ
604 538 791 617 ἀκίνδυνον
818 537 923 616 ἐτίθει
959 543 1033 620 τοῖς
1069 537 1111 616 ού
1142 533 1319 640 πρότερον

115 660 357 762 ἐγνωσμένοις
384 659 450 762 τῆν
479 666 527 746 είς
559 659 602 741 τὸ
631 659 718 740 ε’ίσω
749 659 996 764 παραδρομήν.
1031 663 1089 740 καί
1119 664 1317 758 βιασθῆναι

115 783 184 886 μέν
210 783 254 865 τὸ
288 785 436 887 γύναιον
460 785 518 866 ὑπ’
538 784 666 888 ἀνδρὸς
693 781 738 885 ἦν
761 784 877 884 δήπου
903 783 1048 868 πάντως
1075 786 1117 863 οῦ
1145 782 1345 900 χαλεπὸν,Ι

115 917 191 990 τῶν
210 909 323 1012 γεμῆν
340 909 542 990 τελούντων
560 915 608 994 είς
621 909 772 1016 ἀταξίαν
790 908 1026 1011 ἐγκλημάτων
1045 909 1108 988 οῦκ
1118 907 1349 1012 ἐλεύθερον.ο

84 1035 275 1138 5εἴργεται
300 1035 428 1132 τοίνυν,
447 1036 494 1118 ὦς
519 1033 564 1140 ἐξ
586 1032 754 1135 ἀνάγκης,
773 1035 887 1113 καίτοι
911 1036 995 1114 λίαν
1018 1032 1141 1113 ἀλύων
1159 1035 1179 1113 5
1197 1039 1315 1133 μαθη-

117 1156 194 1257 τής,
212 1155 337 1262 μέχρις
355 1156 400 1237 ἀν
419 1159 461 1237 οῦ
479 1158 630 1262 μετρίως
646 1163 878 1258 λελυπῆσθαι
896 1157 955 1239 διά
976 1157 1110 1258 ταύτην
1128 1155 1237 1238 αὐτὸν
1254 1155 1321 1257 τήν

118 1283 237 1363 αἰτίαν
264 1281 438 1382 ἐννοήσας
466 1283 486 1362 5
518 1283 644 1388 ἕτερος,
677 1281 986 1381 συνεισκεκόμικεν
1017 1283 1141 1389 ἐαυτῷ,
1170 1289 1215 1387 τῇ
1247 1287 1322 1365 τοῖς

118 1413 270 1486 πυλῶσι
305 1405 600 1513 προσεδρευούση
632 1406 814 1508 λαλήσας,
847 1411 906 1487 καὶ
935 1403 1041 1512 χάριν
1072 1403 1226 1506 αἰτήσας
1258 1413 1322 1485 τοῦ

119 1531 367 1634 συζηλοῦντος
390 1532 486 1640 αὐτῷ
509 1531 576 1632 τῆν
597 1529 857 1632 συνεισβολήν.

1336 1696 1492 1754 α1028ι

74 1841 112 1882 10
122 1827 213 1898 Λὲτει
240 1823 298 1892 οὗν
317 1829 365 1913 τῷ
386 1828 503 1918 Πέτρῳ
527 1829 547 1893 ίι
575 1827 729 1896 παιδίσκη
757 1829 776 1895 ίι
806 1829 956 1920 θυρωρός
972 1828 1028 1894 W*
1058 1829 1111 1894 καί
1134 1827 1172 1896 οὐ
1198 1827 1234 1893 ὲκ
1258 1827 1324 1892 τῶν
1341 1850 1375 1914 ιη

109 2037 116 2046 ,
169 1971 328 2048 μαθιιτῶν
347 1963 378 2036 εἷ
399 1977 457 2038 τοῦ
482 1969 659 2059 ἀνθρώπου
683 1973 821 2055 τούτους
850 1973 939 2048 λὲτει
963 1969 1089 2038 ἐκεῖνος
1107 1971 1175 2038 Οὐκ
1200 1965 1276 2048 εἰμί.

183 2163 487 2267 Προηγγελκύτος
514 2163 582 2264 ἤδη
611 2169 662 2273 τῷ
690 2165 817 2274 Πέτρῳ
844 2164 911 2265 τῆν
935 2172 983 2250 είς
1010 2167 1131 2266 τρίτον
1153 2162 1328 2263 ἐσομένην

125 2287 324 2396 ἐξιέρνησιν
341 2296 405 2368 τοῦ
431 2294 598 2393 Σωτῆρος
623 2290 724 2388 ἡμῶν
742 2295 918 2393 Χριστοῦ,
936 2294 995 2370 καὶ
1020 2288 1075 2369 ὅτι
1098 2291 1184 2391 πρὶν
1203 2287 1329 2388 ὄρνιθα

128 2417 300 2516 φωνῆσαι
324 2411 389 2493 τὸν
406 2412 498 2521 ᾠδὸν
515 2412 684 2515 ἀτονήσει
708 2449 785 2499 πως
809 2419 891 2517 περὶ
914 2413 982 2514 τήν
997 2416 1133 2511 πίστιν,
1151 2411 1330 2519 ἐξηγεῖται

80 2561 117 2617 15
130 2537 261 2617 λοιπὸν
288 2535 358 2616 ἀνά
384 2537 489 2640 μέρος
516 2539 538 2615 5
565 2537 757 2623 θεσπίσας
783 2536 1070 2641 Εῦαγγελιστῆς,
1095 2536 1178 2618 ὅποι
1205 2540 1330 2615 τεκαὶ

130 2662 231 2745 ὅπως
256 2659 300 2742 τῦ
327 2667 479 2764 πρᾶγμα
504 2659 726 2743 τετέλεσται.
766 2661 1039 2744 διαπυνθάνεται
1064 2661 1183 2742 τοίνυν
1207 2661 1229 2759 ἡ
1257 2665 1366 2748 τοῖςλ

130 2791 301 2866 πυλῶσιν
322 2787 566 2888 ἐνιδρυνθεῖσα
593 2784 695 2888 γυνὴ,
712 2783 762 2885 μῆ
787 2786 858 2891 ἀρα
882 2822 936 2872 τις
960 2786 1013 2888 εἴη
1037 2793 1110 2867 τῶν
1130 2785 1332 2866 τελούντων

131 2915 171 2990 ἐν
188 2913 364 3010 μαθηταῖς
388 2918 452 2989 τοῦ
475 2908 542 3010 τὴν
559 2909 681 2990 ἀδικον
698 2912 934 3009 ’ωτομεῖιοντος
952 2913 1084 3016 κρίσιν.
1125 2909 1333 3016 ἀποφάσκει

133 3034 173 3115 δέ
195 3037 216 3113 5
237 3034 386 3136 Πέτρος,
404 3037 464 3114 καὶ
489 3033 614 3138 ὥσπερ
637 3069 672 3115 τι
696 3041 769 3115 τῶν
785 3035 1023 3140 ἐγκλημάτων
1040 3033 1331 3138 ἀποσκευάζεται,

82 3191 121 3232 20
134 3160 256 3261 λέγων
273 3163 352 3238 Οὐκ
373 3166 452 3265 εἰμὶ,
470 3162 528 3238 καὶ
553 3159 632 3265 οὐχὶ
657 3157 701 3260 δῆ
724 3159 867 3244 πάντως
891 3163 1105 3244 καταδείσας
1129 3159 1172 3239 τὸ
1196 3161 1334 3238 ἁλῶναι

133 3281 259 3388 τυχὸν,
291 3281 370 3362 οῦδέ
407 3281 474 3383 τῆν
505 3287 569 3380 τῆς
604 3285 775 3383 ἀληθείας
812 3283 1010 3389 ἀνάῤῥησιν
1040 3282 1332 3386 παραιτούμενος,
1389 3285 1416 3330 7
1486 3285 1490 3334 1

135 3405 239 3486 ἀλλὰ
257 3405 299 3487 τὸ
316 3413 390 3487 πᾶν
409 3409 528 3487 ὁτιοῦν
548 3409 732 3506 ὑπομεῖναι
750 3410 899 3488 καὶτῶν
917 3407 1143 3509 ἀβουλήτων,
1165 3415 1193 3488 εἰ
1215 3406 1333 3514 τύχοι,

136 3533 303 3636 δεύτερον
324 3529 450 3637 ὥσπερ
476 3567 512 3613 τι
539 3537 599 3613 καὶ
625 3535 744 3614 ὀπίσω
768 3537 876 3617 τιθεὶς
899 3542 964 3614 τοῦ
988 3539 1146 3614 συνεῖναι
1168 3535 1367 3641 Χριστῷ.ο

136 3658 182 3764 ἐξ
207 3655 354 3758 ἀγάπης
386 3656 449 3736 οὖν
475 3655 545 3759 ἄρα
576 3655 620 3736 τὸ
651 3662 828 3756 πταῖσμα,
858 3660 915 3738 καὶ
941 3657 1042 3762 ῥίζαν
1068 3691 1145 3741 πως
1172 3657 1243 3762 ἔχει
1271 3656 1338 3755 τὴν

87 3806 125 3866 ²5
140 3781 331 3888 φιλοθεῖαν
348 3781 371 3881 ἦ
390 3780 552 3885 ἄρνησις,
571 3783 635 3860 οῦκ
654 3780 698 3888 ἐξ
712 3783 881 3884 ἀκριβοῦς
899 3779 964 3881 μέν
981 3783 1065 3862 λίαν
1083 3783 1340 3879 συμβαίνουσα

140 3911 336 4010 λογισμοῦ,
363 3903 530 4005 μνωμένη
558 3906 592 3985 δ’
623 3906 686 3984 οὖν
714 3904 809 4002 ὅμως
836 3909 888 4013 τῷ
914 3913 1072 3987 συνεῖναι
1099 3911 1269 3986 ποθοῦντι
1296 3899 1339 3980 τὸ

139 4028 442 4132 σπουδαζόμενον.
1321 4025 1327 4032 ’

510 4231 554 4287 25.
571 4215 618 4286 μίν
629 4224 798 4288 assumptum
810 4233 843 4272 ex
856 4215 889 4273 Ε.
902 4215 974 4272 cat.
