3304 5150
522 948 663 1024 ΤΟΥ
729 945 976 1022 ΑΥΤΟΥ
1042 941 1271 1019 ΑΓΙΟΥ

657 1237 1142 1348 ΚΥΡΙΛΛΟΥ

571 1542 898 1593 ΑΡΧΙΕΠΙΣΚΟΠΟΥ
928 1540 1231 1592 ΑΛΕΞΑΝΔΡΕΙΔΣ

510 1853 912 1914 ΑΠΟΣΠΑΣΜΑΤΑ
957 1852 1116 1912 ΟΛΙΓΑ
1160 1851 1288 1910 ΤΙΝΑ

319 2136 408 2207 ΕΙΣ
436 2136 549 2206 ΤΗΝ
578 2134 719 2206 ΠΡΟΣ
747 2133 1066 2205 ΚΟΡΙΝΘΙΟΥΣ
1093 2131 1410 2204 ΕΠΙΣΤΟΛΗΝ
1436 2135 1483 2206 Β.
1518 2143 1538 2201 5

590 2441 802 2519 ΤΟΜΟΣ
843 2443 876 2518 Α
918 2440 1117 2518 ΛΟΓΟΣ
1158 2443 1205 2516 Α.

135 2705 214 2782 Κεφ.
230 2699 269 2768 α’.
335 2695 466 2761 Παῦλος
492 2696 677 2763 ἀπόστολος
703 2694 813 2759 Ἰιιοοῦ
837 2696 974 2784 Χριστοῦ
1002 2693 1055 2758 διό
1083 2696 1265 2770 θελήματος
1292 2693 1383 2774 Θεοῦ,
1412 2695 1466 2759 καὶ

706 2819 865 2896 Τιμόθεος
892 2819 910 2886 ό
937 2819 1093 2906 ἀδελφός.

356 2991 405 3070 ‘0
435 2995 754 3072 ΣΟΦΩΤΑΤΟΣ
773 2988 980 3073 ἀπόστολος
999 2996 1149 3074 Παῦλος
1167 2987 1501 3094 προκεχειρισμένος

302 3117 351 3197 εἰς
374 3114 555 3192 διακονίαν
572 3112 638 3214 τὴν
655 3116 711 3194 ἐπὶ
730 3120 884 3221 Χριστῷ
911 3111 971 3194 διδ
998 3110 1185 3220 θελήματος
1204 3116 1290 3194 Θεοῦ
1315 3113 1506 3217 παρῆχθαί
1518 3149 1562 3190 το

304 3242 430 3341 φησιν,
447 3233 513 3332 τὴν
538 3241 610 3315 τῶν
628 3239 939 3342 ψευδοπροφητῶν
966 3241 1024 3318 καὶ
1048 3235 1363 3344 φευδαποστὸλων
1388 3234 1501 3340 δόξαν

304 3360 352 3440 ὡς
368 3359 535 3456 δυσσεβῆ
554 3360 838 3460 παρωθούμενος,
851 3367 978 3440 λαλῶν
997 3359 1034 3438 δὲ
1053 3363 1090 3440 ἐν
1103 3359 1296 3458 Πνεῦματι,
1315 3362 1373 3438 καὶ
1391 3357 1502 3437 αι’κτδν

304 3478 397 3623 ἔχων
423 3481 719 3580 ε’νηυλισμενον’
701 3516 739 3560 εν
762 3480 832 3588 ιδίηι
859 3480 1027 3588 ψυχῇ
991 3516 1055 3562 τον
1072 3485 1230 3582 Ἰησοῦν·
1270 3485 1318 3566 ὡς
1346 3480 1501 3586 φάσκειν

138 3616 248 3671 1corvi
249 3605 356 3700 ῐπῆ
385 3602 449 3700 μέν
475 3609 617 3683 “Δοκιῦ
646 3601 754 3683 δὲ’
710 3603 810 3754 καχὼ
831 3611 979 3704 Πνεῦμα
1000 3604 1147 3685 Θεοῦ
1123 3606 1247 3709 εχειν,”
1277 3639 1328 3704 πη
1311 3605 1426 3684 δέ’
1429 3610 1500 3684 ‘Ei

135 3700 327 3802 ῦιιιηιλῦΨ
305 3725 490 3825 “δοκιμὴν
514 3725 645 3828 ζητεῖτε
668 3736 732 3808 τοῦ
757 3730 795 3808 ἐν
816 3728 893 3827 ἐμοὶ
920 3736 1121 3813 λαλοῦντος
1138 3729 1339 3831 Χριστοῦ.”
1369 3731 1501 3807 δοῦλον
1518 3757 1559 3814 15

137 3829 161 3882 ³'
306 3848 431 3932 εαυτδν
449 3846 536 3930 εἶναι
530 3852 731 4004 ’φησιν’
689 3860 810 3948 αυτοῦ,
831 3886 943 3932 καιτοι
960 3860 1032 3932 τῶν
1049 3851 1147 3933 όλων
1166 3851 1501 3958 κατεξουσιάζοντος

305 4009 369 4054 του
352 3978 483 4054 Θεοῦ
512 4008 570 4055 και
598 3972 841 4080 κατάρχοντας
867 3974 1005 4125 μόνοη·
1031 3976 1165 4122 εἴρηται
1186 3972 1258 4078 γὰρ
1280 3974 1370 4077 πρὸς
1393 3972 1501 4054 αὐτόν

190 4107 274 4158 “¹¹¹¹-
306 4110 327 4147 “
340 4096 429 4179 Ὅτι
460 4097 506 4178 τὰ
541 4099 739 4200 σύμπαντα
769 4103 883 4178 δοῦλοι
919 4097 1005 4179 σά·”
1045 4105 1123 4183 πῶς
1156 4099 1217 4178 οὖν
1249 4099 1312 4178 οὐκ
1344 4101 1501 4245 ἐνηργῶς

306 4219 466 4372 φυσιηῆν
479 4255 518 4302 τε
536 4223 632 4330 αὐτῷ
650 4257 708 4302 και
695 4223 871 4322 ἀληθῶς
890 4219 1257 4324 θεοπρεπεστοὶτην
1215 4256 1278 4322 της
1297 4218 1502 4324 κυριότητος

305 4343 470 4445 ἀπονέμει
489 4343 622 4453 δόξαν;
1516 4379 1560 4422 20

137 4184 180 4238 91

376 4528 403 4584 6.
422 4529 464 4584 Ita
478 4530 515 4584 Η.
688 4548 730 4601 13.
749 4531 930 4600 ι’νηυλισμίνον
941 4531 1090 4589 emendavi.
1104 4530 1290 4604 δγκυλισμίνον
1302 4531 1364 4604 (sic)
1379 4531 1430 4587 Ed.
