3280 5142
296 321 341 385 64
600 319 640 384 B.
664 316 876 384 OYRILLI
907 317 1196 384 ALEXANDR.
1340 316 1406 382 xix.
1418 331 1451 402 5,
1463 315 1498 378 6.

296 485 409 568 οὕτως
433 481 663 588 οῖκτροτάτης
687 517 726 564 τε
749 489 807 564 καὶ
826 482 1040 584 ἀτιμοτάτης
1059 485 1153 568 θέας.
1194 487 1227 563 οῖ
1252 481 1290 564 δέ
1309 484 1499 588 ἀφεστᾶσι

296 614 453 688 τοσοῦτο
475 616 540 687 τοῖι
563 610 621 688 καὶ
643 612 752 688 είπεῖν
769 641 804 687 τι
823 611 881 688 καῖ
899 611 1032 712 δρᾶσαι
1051 605 1310 714 φιλάνθρωπον
1328 609 1380 686 ἐπ’
1400 605 1499 713 αύτῷ

297 733 355 812 καὶ
381 737 454 811 πεῖν
473 737 522 816 εἰς
544 729 775 838 χρηστότητα
800 731 1000 812 τελούντων
1022 729 1194 836 ἀφασθαι
1222 736 1422 833 λογισμῶν,
1448 731 1499 814 ὡς

297 857 356 935 καὶ
392 853 575 955 ὠμότητος
613 861 875 958 θηριοπρεποῖις
914 855 1096 941 πεσόντας
1132 855 1291 936 ἐπέκεινα
1326 851 1417 957 πρὸς
1452 849 1498 932 τὸ

297 979 415 1083 μεῖφιν
444 979 610 1081 αἴρεσθαι
641 987 706 1059 τοῖν
739 986 850 1060 κακοιῖ
883 983 941 1058 καῖ
975 978 1192 1082 θερμοτέραν
1218 983 1399 1059 ποιεῖσθαι
1429 973 1533 1076 τήν5

297 1103 481 1202 καταβοὴν
499 1102 736 1212 ἀπηνεοπάτιρ
754 1101 898 1212 θανάτῳ
924 1101 1228 1205 καταδικάζοντας,
1248 1106 1306 1182 καὶ
1327 1099 1374 1181 τά
1398 1100 1494 1183 πύν·

297 1261 371 1308 των
389 1227 566 1333 αἴσχιστα
586 1234 713 1309 παθεῖν
731 1226 1005 1330 ἀναγκάζοντας.
1041 1235 1144 1309 ποῖον
1162 1224 1233 1331 γάρ
1252 1228 1344 1307 οὕτω
1368 1225 1499 1330 πικρὸν
1627 1162 1634 1285 δ

263 1349 343 1432 δάν
370 1350 509 1455 γένοιτο
537 1350 791 1454 κολαστήριον,
818 1355 866 1437 ὡς
891 1352 912 1431 ό
939 1354 996 1433 ἐπὶ
1026 1350 1141 1458 ξύλου
1162 1349 1344 1455 σταυρός,
1375 1349 1499 1450 μόνοις

298 1472 346 1574 δέ,
366 1477 413 1560 ὡς
432 1475 535 1568 εἰκὸς,
555 1473 622 1576 τὴν
639 1479 704 1576 τῆς
722 1474 903 1576 τοσαύτης
927 1476 1142 1572 δυσσεβείας
1168 1474 1284 1581 ἀρχὴν
1300 1479 1499 1581 προσῆψεν

297 1599 318 1678 ὁ
337 1600 553 1706 σοφοῖτατος
566 1597 842 1702 Εύαγγελιστὴς
860 1607 933 1683 τοῖς
947 1601 1128 1680 Ἰουδαίων
1141 1606 1370 1701 καθηγηταῖς.
1397 1598 1497 1702 ἀθρει
1516 1636 1561 1678 ιο

297 1719 369 1826 γάρ
392 1722 489 1808 ὅπως
513 1721 604 1820 μετὰ
628 1725 784 1827 δριμείας
811 1720 935 1828 ὥσπερ
956 1727 1020 1823 τῆς
1042 1721 1282 1828 ἐπιτηρήσεως
1301 1723 1398 1827 λέγει
1415 1719 1498 1804 ΙὈτε

298 1843 347 1927 νύν
367 1843 398 1927 εί
417 1883 446 1927 ιν
465 1845 562 1928 αύτδν
576 1855 602 1928 οί
616 1851 775 1957 ἀρχιερεῖς
797 1855 856 1928 καῖ
878 1857 904 1928 οἱ
924 1849 1093 1954 ύπήρεται,
1108 1846 1326 1954 ἐκραύγασαν
1344 1847 1499 1950 λέγοντες

298 1970 492 2080 Σταύρωσον
514 1967 713 2080 σταύρωσον.
751 1977 816 2052 τοῦ
839 1969 911 2073 γάρ
936 1973 1107 2072 ἀγελαίου
1133 1969 1297 2070 πλήθους
1324 1969 1391 2051 κάν
1408 1979 1499 2074 γοῦν

297 2096 448 2197 μετρίως
469 2103 544 2180 τοῖς
565 2093 656 2175 κατά
676 2101 841 2199 Χριστοῦ
859 2092 1050 2199 γεγονόσιν
1068 2097 1344 2198 ε’περυθριῶντος
1362 2103 1496 2180 κακοῖς·

298 2218 530 2320 διεμέμνηντο
557 2217 628 2321 γάρ
656 2219 746 2304 ἴσως
770 2226 843 2301 τῶν
869 2220 953 2322 παρ’
974 2221 1082 2300 αὑτοῦ
1110 2217 1324 2328 παραδόξως
1352 2232 1492 2302 τετελε·
1516 2248 1557 2308 15

298 2343 454 2442 σμένων·
489 2344 589 2424 αὐτοὶ
614 2346 673 2424 καῖ
697 2349 833 2446 πρῶτοι
857 2348 921 2444 τῆς
949 2343 1202 2449 καταῤῥήσεως
1229 2343 1409 2450 ἀρχονται,
1437 2347 1497 2424 καὶ

299 2469 348 2550 εῖς
366 2464 538 2552 ἐκτύπους
557 2465 772 2571 ἀγριότητας
790 2465 854 2548 τόν
872 2473 944 2547 τῶν
960 2467 1028 2548 ὑπὸ
1048 2475 1149 2573 χεῖρα
1168 2473 1269 2548 λαῶν
1287 2469 1498 2548 ἀνακαίουσι

243 2671 245 2676 ,
298 2587 423 2689 θυμόν.
474 2589 607 2694 ἀληθές
644 2593 707 2672 οὖν
744 2593 815 2695 ἀρα
850 2590 893 2672 τό
929 2592 1112 2695 εἰρημένον
1147 2591 1248 2693 παρά
1286 2596 1383 2672 Θεοιῖ
1416 2595 1499 2694 περὶ

128 2707 202 2784 fl'ier.
215 2749 240 2784 x.
299 2714 417 2795 αύτοῖν
441 2717 479 2796 ἐν
504 2717 707 2821 προφήταις
735 2715 855 2796 “’Ὀτι
883 2721 915 2796 οἱ
943 2716 1106 2815 ποιμένες
1133 2716 1416 2820 ήφρονεύσαντο,
1439 2718 1499 2794 καὶ

130 2813 170 2848 ²¹⁸
300 2848 323 2885 “
340 2835 405 2919 τὸν
425 2837 560 2941 Κύριον
578 2841 642 2919 οὐκ
669 2838 899 2946 ἐξεζήτησαν·
936 2838 994 2919 διὰ
1021 2847 1128 2919 τούτο
1155 2841 1219 2920 ούκ
1241 2837 1368 2939 ἐνόησε
1393 2846 1498 2920 πιῖσα
1515 2877 1557 2917 20

131 2987 288 3044 loma
301 2962 362 3062 “vj
398 2961 500 3061 νομὴ,
535 2966 593 3043 καὶ
629 2964 994 3067 διεσκορπίσθησαν.”
1045 2966 1103 3044 καὶ
1137 2961 1275 3064 ἀληθής
1313 2963 1333 3043 ό
1370 2962 1494 3065 λόγος.

299 3084 419 3185 ἐπειδὴ
443 3084 516 3188 γάρ
540 3089 604 3187 τῆς
629 3093 702 3167 τοῖν
723 3088 929 3190 ἡγουμένων
947 3088 1123 3189 ποδηγίας
1147 3089 1211 3168 ούκ
1233 3088 1359 3194 ἐτνχον
1383 3093 1430 3172 εῖς
1454 3085 1497 3168 τό

299 3211 491 3311 ἐπιγνῶναι
511 3209 677 3314 Χριστόν
700 3214 733 3291 οί
762 3216 871 3312 νομῆς
900 3214 937 3292 ἐν
958 3210 1058 3319 τάξει
1087 3211 1246 3310 κείμενοι,
1265 3211 1460 3307 τουτέστιν,
1478 3213 1498 3290 ὁ

299 3335 467 3433 ἀγελαῖος
500 3333 621 3440 ὄχλος,
650 3334 810 3416 διόλωλέ
836 3370 875 3416 τε
905 3339 964 3416 καὶ
997 3334 1225 3416 κατεύλισθον
1256 3340 1306 3420 εῖς
1337 3334 1499 3437 ὀλέθριον

300 3456 477 3549 ἀβουλίαν
495 3457 561 3558 τὴν
578 3460 636 3538 ἐπὶ
655 3464 821 3567 Χριστῷ.
862 3461 1100 3562 ἀναμετρείτω
1119 3457 1191 3561 γάρ
1208 3492 1262 3543 τις
1280 3463 1309 3539 εί
1328 3457 1498 3555 βούλεται
1513 3490 1554 3550 ²5

265 3635 270 3640 -
299 3576 366 3679 τήν
396 3585 460 3681 τής
488 3582 703 3675 δυσσεβείας
727 3581 855 3688 ἀρχὴν,
877 3585 936 3662 καὶ
958 3591 1036 3668 ταῖς
1063 3589 1134 3662 τῶν
1158 3581 1362 3684 ἡγουμένων
1389 3581 1500 3682 αὐτὴν

300 3703 473 3805 ἀναθήσει
503 3712 688 3810 κεφαλαῖς.
740 3709 856 3786 αύτοῖν
886 3703 958 3808 γάρ
991 3707 1014 3806 ή
1049 3709 1086 3787 ἐν
1115 3710 1241 3812 ἀρχαῖς
1273 3706 1498 3808 ἀνοσιωτάτη

300 3825 425 3929 γέγονε
453 3830 597 3934 σκέψις,
621 3831 721 3910 αὐτοὶ
748 3829 811 3910 τὸν
838 3827 1019 3932 προδότην
1045 3838 1120 3916 τοῖς
1147 3836 1249 3933 ίεροῖς
1275 3829 1499 3935 ἐκπριάμενοι

302 3950 465 4056 χρήμασι
486 3957 748 4053 καταπωλῆσαι
766 3956 900 4061 σφίσιν
919 3954 1124 4052 ἀνέπεισαν,
1145 3956 1245 4035 αὐτοὶ
1263 3955 1329 4056 τὴν
1347 3965 1500 4060 σπεῖραν

269 4084 376 4163 οτοῖς
404 4078 590 4182 ι’πηρέταις
617 4075 860 4186 σνζεύξαντες,
884 4079 1044 4182 καθάπερ
1071 4077 1152 4159 τινά
1177 4085 1250 4160 τῶν
1277 4079 1499 4179 ἀτιμοτάτων
1513 4123 1556 4179 30

302 4210 453 4306 ληστῶν
480 4207 715 4302 καταδεσμεῖν
747 4202 909 4284 ἐκέλευον
940 4205 1040 4285 αὐτοὶ
1068 4200 1222 4311 Πιλάτιρ
1249 4201 1498 4308 προσήγαγον,

293 4519 297 4526 .
339 4484 363 4524 ι.
382 4470 545 4542 οἰκτροτάτην
557 4473 590 4530 Ε.
603 4473 744 4545 ἀκροτάτης
756 4473 810 4531 Ed.
998 4490 1023 4529 2.
1041 4476 1155 4530 τοσοῦτο
1167 4474 1201 4531 Ε.
1213 4475 1341 4530 τοσοῦτον
1353 4471 1405 4532 Ed·
1460 4475 1502 4528 καὶ

300 4563 382 4621 εέπεῖν
392 4587 417 4620 τι
430 4563 462 4622 Ε.
475 4565 555 4622 εἰπεῖν
566 4589 595 4623 τε
608 4567 660 4624 Ed.
796 4585 836 4642 19.
856 4555 1031 4641 οίφρονεύααύ
1043 4569 1076 4628 Ε.
1202 4585 1245 4641 23.
1264 4570 1349 4640 νομεῖς
1361 4568 1394 4624 Ε.
