3278 5130
137 347 160 413 i.
170 369 201 433 9.
375 349 430 415 IN
459 347 718 416 EPISTOLAM
748 350 812 416 AD
843 350 1092 418 HEBRAEOS.
1266 355 1332 420 879

135 514 218 594 καθ’
239 513 330 612 ήμάς
347 513 548 616 ἀμοιρήσας
565 515 774 617 ἀγιασμοῦ;
802 517 862 596 καί
880 521 910 596 εἰ
932 512 1038 596 τοῦτό
1062 517 1163 596 ἐστιν
1181 515 1327 616 ἀληθὲς,
1344 453 1416 520 [no
1427 453 1489 521 u]

135 636 202 715 οῦκ
218 633 264 734 ἦν
282 637 456 740 ἁμαρτίας
473 636 668 741 ἐλεύθερος.

193 763 281 842 Πῶς
298 756 342 859 δὴ
361 761 424 839 οῦν
441 766 558 866 φησιν
577 763 597 842 5
614 759 831 868 σοφάτατος
851 768 1000 847 Παῦλος
1018 762 1083 843 τόν
1100 758 1191 842 Υἰὸν
1208 763 1326 843 ἀπαό·

134 881 265 983 γασμό
285 916 325 962 τε
349 879 437 964 εἰναι
453 888 518 984 τῆς
536 883 645 991 δόξης
661 893 726 966 τοῦ
746 883 901 989 Πατρός,
920 890 1127 990 χαρακτῆρα
1146 885 1184 966 δέ
1201 885 1330 985 ὁμοίως

98 1007 200 1104 ὅτῆς
217 1003 454 1090 ὑποστάσεως
477 1007 608 1105 αι’ποῦ,
640 1011 836 1116 διαμορφοῖ
855 1006 928 1112 γάρ
945 1005 1089 1092 πάντως
1107 1009 1128 1088 5
1145 1007 1330 1115 χαρακτὴρ

134 1128 192 1233 ἐφ’
210 1127 323 1236 ἐαυτῷ
348 1127 391 1208 τίι
414 1126 626 1235 ἀρχέτυπον·
665 1131 793 1211 οὐκοῦν
811 1129 890 1211 οὐδὲ
909 1129 1015 1215 αὐτὸς
1039 1128 1141 1232 ἀγιος
1159 1133 1179 1211 5
1200 1130 1329 1234 Πατήρ

134 1249 227 1331 κατά
255 1251 381 1358 φάσιν.
420 1251 496 1334 εἰτα
521 1254 576 1338 τίς
600 1254 621 1332 5
646 1253 801 1358 ἁγιάζων
825 1253 957 1348 αότόν;
985 1256 1164 1359 ἐῤῥιῦσθαι
1193 1251 1237 1354 δὴ
1265 1255 1328 1334 οῦν

133 1380 207 1458 τοῖς
235 1375 374 1456 ἐκείνων
401 1375 557 1460 εἰπόντες
586 1377 731 1475 ἐμέτοις,
762 1375 866 1479 ἀγων
890 1374 984 1458 κατά
1011 1377 1125 1484 φύσιν
1155 1377 1329 1482 ὑπάρχειν

134 1495 411 1600 ὁμολογήσομεν
445 1496 510 1579 τόν
545 1498 635 1580 Υῖῦν
671 1499 833 1603 καθάπερ
868 1498 993 1595 ἀμέλει
1024 1503 1084 1580 καί
1120 1496 1229 1579 αὐτόν
1264 1496 1328 1579 τόν

73 1658 121 1701 ιο
137 1622 292 1726 Πατέρα,
311 1622 483 1725 ἡγιᾶσθαι
505 1619 544 1702 δέ
571 1623 652 1703 τότε
672 1621 765 1703 κατὰ
790 1622 911 1727 σάρκα
938 1623 1068 1726 φαμὲν,
1087 1621 1146 1702 ὅτε
1173 1628 1346 1702 κεαενιῦ·4

132 1750 223 1824 σθαι
249 1745 393 1848 λέγεται
420 1745 685 1851 κεχρηματικὼς
708 1743 955 1855 ἀνθρωπος,ᾦ
982 1744 1073 1828 κατά
1098 1743 1240 1853 μέθεξιν
1261 1745 1328 1847 τήν

131 1866 233 1971 παρά
255 1873 351 1949 θεοῦ
376 1873 436 1949 καί
463 1870 506 1948 οῦ
533 1869 625 1951 κατά
653 1871 768 1976 φύσιν
795 1871 887 1950 ἰδίαν
914 1869 1053 1950 ἐνεστιν
1081 1871 1103 1949 5
1133 1865 1325 1971 ἀγιασμός.

131 1994 192 2071 καί
219 1990 430 2092 θαυμαστόν
449 1992 549 2073 οῦδέν
567 1998 597 2073 εἰ
621 1992 667 2072 τά
691 1997 754 2092 τῆς
782 1992 1056 2095 ἀνθροπτότητος
1077 1991 1149 2072 ἰδια
1167 1991 1260 2075 Θεὸς
1277 1989 1327 2071 οἰν

130 2115 152 2194 5
176 2113 298 2216 Λόγος
319 2121 505 2196 οἰκειοῦται
528 2114 744 2222 φιλαγάθως
772 2149 810 2196 τε
836 2113 912 2216 ἀμα
939 2118 997 2196 καί
1026 2120 1265 2212 οἰκονομικῶς.
1305 2115 1326 2194 5

72 2265 117 2326 15
130 2235 204 2339 γάρ
232 2237 328 2322 όλιος
354 2235 421 2339 τὴν
449 2237 601 2318 κε’νωσιν
632 2236 810 2339 ἐθελήσας
838 2242 976 2334 παθεῖν,
1005 2243 1082 2320 πῶς
1111 2234 1156 2315 ἀν
1184 2234 1326 2320 εἰκότως

129 2368 339 2464 παραιτοῖτο
363 2358 410 2440 τά
437 2361 544 2460 αότῆς
556 2392 568 2458 ;
603 2361 731 2441 οὐκοῦν
753 2367 783 2441 εἰ
809 2359 876 2459 μὲν
897 2366 1014 2440 νοοῖτο
1040 2361 1123 2440 καθ’
1152 2357 1278 2439 ἑαυτὸν
1304 2359 1325 2438 5

129 2485 170 2562 ἐκ
188 2488 284 2564 θεοῦ
302 2481 448 2587 Πατρός
466 2482 598 2585 Λόγος,
616 2482 819 2587 ἀπροσδεής
841 2485 921 2564 ἐστι
943 2480 1078 2566 παντὸς
1100 2484 1247 2584 ἀγαθοῦ,
1266 2484 1325 2562 καί

129 2605 219 2686 ἰδων
251 2608 360 2686 αὐτοῦ
388 2613 508 2712 φαμεν
538 2604 581 2687 τό
603 2605 724 2709 Ἅγιον
753 2610 912 2704 Πνεῦμα.
950 2601 1068 2704 ἐπειδή
1093 2601 1132 2685 δέ
1159 2606 1207 2686 ὡς
1235 2602 1327 2708 ἔφην

127 2728 254 2832 γε’γονε
281 2727 384 2836 σιίρξ
407 2727 514 2815 αῦτδς
537 2736 590 2836 τῷ
612 2730 688 2837 ἰδίῳ
707 2727 891 2827 Πνεάματι
917 2724 982 2808 τδν
1009 2728 1118 2807 αὐτοῦ
1144 2726 1326 2829 καταχρίει

68 2895 115 2938 αο
128 2851 229 2932 ναόν·
267 2854 405 2954 ἐνεργεῖ
426 2850 499 2956 γάρ
522 2853 542 2931 5
565 2850 695 2953 Πατήρ
720 2847 813 2954 άπερ
841 2848 886 2930 ἀν
913 2847 1094 2953 ἐργάζοιτο
1122 2850 1165 2929 δι’
1185 2848 1326 2934 οὐδενὸς

127 2975 249 3077 ἐτέρου
265 2973 364 3077 πλήν
382 2973 442 3054 διὰ
459 2973 571 3074 μόνου
588 2983 652 3055 τοῦ
669 2979 761 3055 Υἰοῦ
779 2976 818 3055 ἐν
835 2973 1002 3078 Ἰσραήλ.
1037 2975 1164 3053 οῦκοῦν
1183 2970 1326 3074 λέγεται

126 3097 194 3196 μὲν
212 3105 339 3193 λαβεῖν
360 3096 401 3178 τὸ
422 3103 570 3196 Πνεῦμα
588 3102 816 3196 οἰκονομικῶς
835 3100 883 3181 ὡς
905 3097 1106 3200 ἅνθρωπος·
1147 3097 1470 3232 ’(Ἰιγσοῦιιὲοαεε.8

127 3230 151 3269 “
167 3220 240 3322 γάρ
267 3219 331 3302 τόν
357 3219 430 3301 ἀπὸ
453 3218 628 3323 Ναζαρὲτ,
656 3222 782 3329 φησὶν,
812 3221 860 3305 ὡς
889 3219 1032 3324 ἔχρισεν
1061 3214 1169 3299 αῦτδν
1191 3218 1211 3297 5
1231 3215 1324 3302 θεός
1362 3197 1480 3247 1>·¹·³·

127 3353 151 3394 ‘⁴
170 3347 354 3445 Πνεῦματι
370 3344 475 3452 Ἁγίιρ
493 3346 552 3424 καί
566 3344 745 3446 δονάμει·”
771 3346 899 3424 δίδωσι
917 3342 955 3424 δέ
973 3346 1021 3428 ὡς
1035 3340 1127 3426 θεὸς
1145 3337 1232 3421 αὐτὸ
1250 3347 1325 3425 τοῖς

67 3499 112 3560 25
126 3478 232 3549 τοῦτο
250 3474 375 3565 λαβεῖν
392 3467 517 3574 ἀξίως.
549 3472 610 3547 καὶ
626 3475 716 3568 γοῦν
734 3474 807 3550 τοῖς
825 3466 939 3569 ἁγίοις
957 3464 1177 3548 ἀποστόλοις
1192 3463 1321 3567 ἐνεφό-

124 3624 224 3691 σησε
251 3591 370 3693 λε’γων
398 3601 421 3638 “
432 3589 572 3686 Λάβετε
593 3595 742 3689 Πνεῦμα
759 3587 923 3692 Ἀγιον,”
950 3588 1180 3694 προσεφώνει
1202 3583 1241 3666 δέ
1264 3589 1444 3666 naissum

124 3721 199 3797 τοῖς
216 3711 396 3794 Ἰουδαίων
410 3711 539 3811 ,δήμοις
560 3714 581 3792 5
603 3714 797 3797 θεσπέσιος
819 3709 957 3815 Πέτρος
983 3714 1065 3813 περί
1092 3712 1201 3790 αὐτοῦ
1229 3718 1251 3757 “
1265 3684 1457 3812 Tfiffotssss.

125 3845 149 3882 “
166 3835 266 3944 δεξίᾳ
283 3837 346 3916 οὖν
363 3843 427 3916 τοῦ
446 3839 542 3916 θεοῦ
566 3836 724 3942 ῦψωθείς
742 3833 807 3934 τήν
826 3868 863 3914 τε
881 3833 1100 3936 ἐπαγγελίαν
1117 3840 1180 3911 τοῦ
1200 3828 1320 3913 Πνεό-
1333 3801 1386 3864 Ap'
1399 3813 1472 3865 ἠδ’

125 3967 149 4005 “
166 3992 278 4056 ματος
311 3955 440 4054 λαβὼν
469 3955 571 4061 παρὰ
602 3964 668 4037 τοῦ
703 3955 849 4057 Πατρός
885 3954 1001 4060 ἐξέχεε
1038 3962 1144 4034 τοῦτο
1174 3951 1195 4032 5
1226 3955 1324 4050 ὑμεῖς

63 4105 111 4168 30
126 4091 148 4129 “
164 4080 319 4176 βλέπετε
343 4083 402 4162 καί
420 4081 593 4163 ambae?
632 4079 769 4162 ἀκούεις
787 4080 825 4157 ἐν
841 4075 977 4161 τούτοις
995 4079 1053 4157 καί
1071 4075 1173 4176 μάλα
1190 4080 1323 4180 σαφῶς

125 4205 301 4311 ῦψοῖσθαί
325 4237 363 4284 τε
390 4202 500 4284 αῦτῖιν
526 4209 572 4308 τῇ
600 4201 701 4310 δεξιᾷ
726 4207 791 4281 τοῦ
813 4204 919 4296 θεοῦ,
938 4206 1067 4293 λαβεῖν
1092 4232 1131 4278 τε
1160 4194 1236 4295 ἀμα
1263 4199 1322 4276 καί

159 4411 186 4468 6.
204 4411 278 4486 οῦδί]
292 4413 321 4469 δί
335 4413 409 4497 (απ.)
424 4412 470 4470 Cr.
613 4430 640 4486 9.
658 4410 856 4484 ὁμολογήσομεν
872 4410 988 4467 habete.
1096 4424 1139 4463 τι.
1158 4405 1320 4480 ἐν’Ῑσραήλ]

123 4482 283 4566 Ιιαςεαβαια
295 4500 407 4566 οιαιααρ
419 4485 447 4540 ἰν
463 4483 587 4566 πνεύματι
599 4493 635 4566 ,ια
653 4501 757 4608 οειῃαροι
774 4483 810 4565 εἰς
829 4481 859 4538 S.
873 4481 999 4564 Cyn'lluu.
1036 4477 1169 4536 Mundum
1181 4487 1275 4536 utrum
1287 4494 1321 4542 α,

121 4572 158 4610 αα
170 4571 223 4610 mu
234 4571 320 4627 ιριιιιι
332 4553 450 4611 cadmum
462 4555 641 4626 neghgenuus
656 4572 688 4610 eo
718 4563 823 4623 οτοαιιι,
836 4569 934 4608 αεεςιο.

690 4653 781 4721 3⁰2
