3284 5130
133 348 198 413 xix.
211 369 267 431 42.
413 349 471 414 IN
502 349 535 415 S.
559 348 581 412 J
586 349 815 416 OANNEM.
861 347 958 413 LIB.
982 346 1061 412 XII.
1273 345 1336 410 107

129 563 223 632 Ἐκεῖ
251 565 310 635 οὖν
337 569 390 635 διὰ
417 569 476 636 τείν
503 570 714 659 παρασκευήν
741 569 807 636 τῶν
830 567 1010 648 Ἰουδαίων,
1036 569 1087 634 ὅτι
1113 563 1203 639 ἑττὺο
1229 557 1269 628 εἶν
1296 563 1328 630 τί
1347 585 1385 640 42

456 692 624 776 μνημεῖον,
650 695 772 761 ἔθηκαν
797 695 854 761 τὸν
877 695 1012 759 Ἰυαοῡν

192 865 292 970 Οὐχὶ
308 863 421 964 μόνον
438 868 565 951 ἁπλῶς
583 866 639 948 ὅτι
656 866 862 968 κεκήδευταί
876 872 1002 971 φησιν,
1020 864 1133 969 ἤγουν
1152 864 1206 945 ὅτι
1224 867 1337 964 κῆπος

134 981 169 1080 ἦν
200 987 309 1091 ἐγγύς
337 998 402 1070 τοῦ
429 998 600 1091 σταυροῦ,
626 992 684 1070 καὶ
712 988 835 1071 καινὸν
863 993 901 1070 ε’ν
925 990 1021 1097 αύτῷ
1048 995 1230 1089 μνημεῖον,
1248 989 1333 1068 ἀλλ’

98 1139 119 1200 5
134 1109 192 1190 ὅτι
216 1113 275 1190 καί
300 1112 469 1215 κατετέθη
488 1119 602 1216 δηλοῖ,
621 1113 701 1195 οὐδὲ
721 1112 763 1194 τὸ
782 1112 902 1219 βραχύ
920 1119 992 1193 τῶν
1007 1111 1209 1215 γεγονότων
1227 1144 1335 1189 κατα-

133 1234 256 1315 λιπὼν
283 1236 514 1344 ἀνεξήγητον.
553 1235 816 1339 ἀναγκαιοτάτη
849 1236 922 1340 γὰρ
956 1235 1067 1320 ὄντως
1095 1242 1143 1320 εἷς
1175 1232 1242 1334 τὴν
1270 1243 1368 1314 roob

132 1362 337 1460 μυστηρίου
359 1363 567 1442 συναίνεσίν
584 1395 624 1441 τε
646 1365 705 1442 καὶ
722 1360 918 1458 σύστασιν,
938 1362 960 1461 ἡ
978 1363 1058 1461 περὶ
1082 1368 1147 1440 τοῦ
1172 1357 1336 1439 τεθνάναι

134 1482 302 1585 Χριστὸν
323 1485 501 1587 ὁμολογία
524 1489 583 1565 καὶ
609 1492 757 1588 γνῶσις.
798 1484 855 1563 διὰ
878 1492 983 1564 τοῦτο
1006 1487 1065 1562 καὶ
1083 1485 1103 1564 ὁ
1120 1481 1336 1589 σοφώτατος

136 1611 291 1691 Παῦλος
321 1606 387 1688 τὸν
416 1613 479 1707 τῆς
509 1611 666 1693 πίστεως
699 1609 783 1709 ἡμῖν
815 1606 948 1688 κανόνα
979 1604 1212 1710 διοριῷμενος
1242 1609 1335 1686 οὕτω

84 1767 121 1808 10
135 1731 255 1836 φησίν
274 1740 296 1778 “
312 1730 449 1833 Ἐγγύς
472 1766 543 1813 σου
561 1729 604 1812 τὸ
625 1732 727 1836 ῥῆμοί
748 1735 858 1830 ἐστιν,
875 1733 913 1811 ἐν
931 1738 983 1839 τῷ
1009 1731 1167 1830 στόματί
1186 1765 1257 1810 σου
1276 1732 1334 1810 καὶ
1379 1742 1483 1859 &ng-¹·

133 1866 156 1902 ‘¹
175 1857 215 1933 ἐν
231 1857 276 1960 τῇ
295 1857 422 1962 καρδία
440 1890 521 1953 σου,
540 1856 704 1936 τουτέστι
721 1854 764 1936 τὸ
787 1859 884 1960 ῥῆμα
901 1860 964 1955 τῆς
982 1854 1138 1940 πίστεως
1156 1852 1176 1934 ὃ
1194 1853 1330 1956 κηρύσ-
1446 1843 1452 1856 ’

134 1990 157 2026 “
177 2013 303 2078 σομεν,
323 1978 378 2059 ὅτι
402 1979 465 2060 ε’ἃν
482 1979 582 2086 εἴπης
605 1983 643 2061 ἐν
664 1986 716 2089 τῷ
740 1981 900 2080 στόματί
923 2015 993 2060 σου
1020 1980 1153 2082 Κύριος
1177 1979 1333 2078 Ἰησοῦς,

134 2113 157 2148 “
177 2104 238 2181 καὶ
260 2104 461 2210 πιστεύσῃς
478 2106 516 2183 ἐν
533 2109 579 2209 τῇ
602 2106 729 2210 καρδίᾳ
747 2139 818 2184 σου
836 2103 890 2183 ὅτι
909 2106 929 2184 ὁ
949 2101 1042 2187 Θεὸς
1070 2102 1210 2206 ἤγειρεν
1227 2101 1337 2182 αὐτὸν

134 2236 157 2274 “
176 2228 216 2306 ε’κ
240 2234 387 2331 νεκρῶν,
415 2225 584 2332 σωθήσῃ·
630 2230 757 2335 καρδίᾳ
785 2227 858 2331 γὰρ
883 2224 1088 2308 πιστεύεται
1120 2233 1168 2311 είς
1198 2229 1332 2305 δικαιο-

82 2383 119 2443 ¹5
134 2361 158 2396 “
177 2349 310 2450 σύνην,
351 2350 509 2452 στόματι
546 2349 585 2431 δὲ
626 2353 856 2454 ὁμολογεῖται
895 2358 944 2437 είς
980 2351 1193 2454 σωτηρίαν,”
1235 2347 1336 2429 ἀλλὰ

133 2477 195 2552 καὶ
224 2475 370 2575 ἑτέρωθί
393 2510 464 2555 που
490 2472 605 2556 πάλιν
634 2477 869 2579 “[1αρε’δωκα
892 2474 964 2577 γὰρ
983 2477 1065 2574 ύμῖν
1083 2475 1120 2553 ε’ν
1141 2472 1296 2576 πρώτοις
1315 2469 1460 2598 θοζνῦθῐ·

132 2609 157 2644 “
176 2601 236 2677 καὶ
264 2597 486 2702 παρέλαβον,
504 2599 560 2678 ὅτι
578 2597 741 2703 Χριστὸς
765 2601 938 2680 ἀπέθανεν
956 2598 1044 2700 ύπέρ
1061 2604 1135 2676 τῶν
1152 2599 1335 2700 ἁμαρτιῶν
1413 2564 1486 2614 ’Μ’

132 2731 157 2767 “
176 2723 278 2821 ἡμῶν
296 2720 388 2802 κατὰ
409 2721 475 2808 τὰς
499 2722 654 2828 γραφὰς,
674 2726 733 2802 καὶ
762 2722 816 2802 ὅτι
843 2721 968 2830 ἐτάφη,
988 2725 1045 2802 καὶ
1064 2720 1119 2800 ὅτι
1146 2719 1334 2824 ἐγήγερται

133 2853 157 2892 “
173 2851 221 2949 τῇ
248 2845 361 2952 ἡμέρᾳ
387 2853 431 2950 τῇ
454 2848 556 2952 τρίτη
581 2844 672 2925 κατὰ
693 2844 757 2929 τὰς
776 2845 955 2951 γραφάς.”
991 2847 1118 2924 οὐκοῦν
1136 2846 1329 2946 ἀναγκαιο-

81 2995 120 3037 ²0
133 2966 248 3066 τᾶτην
276 2975 334 3049 καὶ
361 2968 426 3069 τὴν
453 2974 534 3073 περὶ
561 2969 698 3049 τούτων
727 2970 811 3069 ἡμῖν
839 2968 1013 3076 ἐξήγησιν
1040 2971 1061 3050 ὁ
1089 2976 1152 3049 τοῦ
1185 2972 1334 3064 βιβλίου

132 3099 285 3172 ποιεῖται
309 3092 555 3197 συγγραφεύς.
597 3093 665 3172 ἔδει
690 3093 762 3195 γὰρ
790 3093 858 3173 ἔδει
885 3095 1065 3174 πιστεύειν
1085 3092 1139 3172 ὅτι
1167 3095 1224 3172 καὶ
1248 3093 1334 3172 ἀπέ-

133 3221 222 3294 θανε
255 3219 311 3294 καὶ
344 3216 473 3322 ε’τοίφη.
524 3213 654 3296 λοιπὸν
686 3215 759 3319 γὰρ
793 3215 1003 3316 εἰσβήσεται
1035 3215 1127 3310 μετὰ
1155 3224 1262 3296 τοῦτο
1291 3214 1334 3296 τὸ

133 3338 317 3419 πιστεύειν
334 3342 489 3440 ἀληθῶς,
509 3338 564 3419 ὅτι
586 3342 644 3418 καὶ
662 3338 708 3420 τὰ
725 3348 790 3419 τοῦ
809 3334 964 3421 θανάτου
983 3339 1175 3446 διαρρήξας
1197 3341 1331 3440 δεσμὰ,

133 3461 227 3566 πρὸς
244 3461 311 3562 τὴν
329 3463 419 3543 ἰδίαν
437 3467 486 3546 ὡς
498 3462 592 3547 Θεὸς
604 3464 819 3568 ἀνεφυίτησε
834 3462 937 3567 ζωήν.
971 3465 1013 3542 ού
1031 3463 1102 3565 γὰρ
1120 3461 1164 3563 ἦν
1183 3464 1333 3546 δυνατὸν
1378 3442 1502 3577 2322

81 3615 118 3675 25
134 3592 345 3690 κρατεῖσθαι
364 3584 473 3666 αὐτὸν
491 3586 560 3666 ὑπὸ
578 3595 642 3666 τοῦ
661 3582 828 3666 θανάτου.
864 3586 933 3688 ζωὴ
948 3586 1019 3691 γὰρ
1039 3587 1088 3666 ὧν
1102 3586 1193 3668 κατὰ
1208 3589 1333 3694 φύσιν,

132 3716 213 3794 πῶς
238 3709 283 3789 ἂν
302 3712 460 3808 ύπεμεινε
485 3708 550 3808 τὴν
576 3703 744 3812 φθορύν;
779 3709 855 3788 ὁδὲ
874 3713 912 3789 ἐν
937 3707 966 3818 ᾧ
991 3711 1104 3815 ζῶμεν
1127 3714 1185 3791 καὶ
1215 3714 1418 3800 κινού-(111).
1431 3737 1491 3788 xvii.

132 3840 228 3932 μεθα
247 3836 303 3912 καὶ
322 3832 442 3932 ἐσμὲν,
460 3839 536 3916 πῶς
555 3829 600 3911 ἂν
619 3840 692 3916 τοῖς
710 3837 774 3931 τῆς
798 3833 968 3937 ἡμετέρας
987 3835 1132 3941 φύσεως
1151 3836 1332 3940 ὑπηνέχθη
1380 3805 1418 3852 '⁸'

133 3954 267 4056 νόμοις,
294 3961 352 4035 καὶ
381 3958 459 4060 ούχὶ
488 3963 634 4054 μᾶλλον
661 3959 710 4040 ὡς
729 3952 821 4040 θεὸς
848 3956 1089 4061 ἐζωσγόνησεν
1114 3958 1268 4044 εὐκόλως
1290 3959 1332 4039 τὸ

132 4079 225 4184 ζωῆς
243 4079 403 4176 ε’πιδεές;

171 4265 214 4320 18.
234 4265 275 4318 καὶ
286 4264 325 4318 ὅτι
337 4265 382 4320 ε’τύ
406 4288 421 4334 η
434 4283 524 4320 ussum
545 4275 604 4322 tum
616 4285 649 4321 ex
662 4267 694 4322 E.
907 4283 946 4336 19.
966 4269 997 4336 τῇ
1011 4267 1083 4336 τρίτη
1096 4265 1177 4337 ίγμθρᾳ
1191 4265 1222 4322 Ε.
1235 4267 1282 4323 sed
1296 4269 1330 4324 cf.

133 4335 235 4406 Glaph.
253 4350 301 4407 135
315 4353 329 4390 e
343 4337 371 4406 (a
381 4267 472 4391 ίλιολ.
485 4284 553 4406 οὶιλ.
