3278 5130
327 337 393 400 350
447 335 486 400 Β.
504 332 693 398 CYRILLI
715 331 982 399 ALEXANDR.
1005 331 1287 398 FRAGMENTA
1333 353 1364 396 v.
1379 349 1409 410 α,
1424 351 1445 416 3
1461 353 1540 414 sqq.

207 534 250 590 ατ
267 533 314 592 n,
328 499 482 601 γεώδους
511 498 664 597 ταυτησὶ
698 495 904 600 παχύτητος
934 495 957 596 ή
991 496 1157 600 ἀγγέλων
1187 496 1309 602 φύσις.
1357 489 1540 599 οἰκοθομίμ

329 629 519 723 τοιγαροῦν
543 622 582 702 ἐκ
600 621 686 701 Θεοῦ
703 622 761 699 καὶ
786 621 1031 724 ἀχειροποίητον
1054 623 1160 702 οἰκίαι
1184 623 1242 699 καὶ
1266 617 1417 720 μήνκαὶ
1443 620 1538 699 αἰεί-

330 781 387 826 νιον
406 742 577 847 ὀνομάζει,
595 742 662 843 τήν
680 743 901 850 ἀφθαρσίαν.

298 989 313 1028 ε
377 959 436 1026 Καὶ
462 959 522 1050 τὰρ
549 961 585 1026 ὲν
611 963 720 1045 τούτῳ
746 961 949 1050 στενάζομεν,
975 957 1012 1028 τό
1040 957 1227 1050 οἰκητήριον
1254 959 1346 1038 ιἰμῶν
1374 958 1413 1024 τὸ
1440 957 1481 1028 ἐξ

590 1085 731 1174 οὐρανοῦ
755 1083 993 1152 ἐπενδύσασθαι
1018 1084 1263 1152 ἐπιποθοῦντες.
1553 1098 1573 1157 5

386 1247 459 1328 Διό
476 1257 583 1329 τοῦτο
606 1247 800 1358 στενάζιμει
819 1250 867 1332 ὡς
884 1246 1210 1351 καταβαρυνόμενοι
1227 1250 1273 1354 τῇ
1292 1252 1423 1353 φθορᾷ,
1444 1257 1536 1346 γλι-

328 1370 465 1476 χόμεθα
493 1371 531 1452 δέ
559 1370 600 1451 τό
627 1371 764 1451 ἀνωθεν
781 1373 840 1452 καὶ
864 1371 900 1478 ἐξ
920 1375 1046 1475 οόρανιῧ
1069 1373 1248 1480 οἰκητήριον,
1267 1371 1432 1451 τουτέστι
1461 1369 1536 1468 τήν

329 1497 549 1598 ἀφθαρσίαν,
568 1490 826 1576 ἐπενθήσασθαι.
866 1493 1062 1604 στενάζομεν
1087 1495 1149 1574 οὖν
1173 1495 1236 1574 σιἰκ
1260 1492 1437 1574 ἀπόθεσιν
1461 1503 1533 1574 τοῦ

329 1627 392 1697 νῦν
423 1617 525 1701 ὄντος
558 1620 808 1716 ἐπιθυμοῦντες
835 1619 961 1720 εὑρεῖν,
991 1619 1287 1722 ἐπαμφιείτασθαι
1315 1615 1352 1696 δέ
1378 1622 1532 1714 μᾶλλον

328 1744 424 1849 αὐτῷ
450 1739 517 1841 τήν
537 1741 746 1846 ἀφθαρσίαν
773 1739 955 1846 εὐχόμενοι
979 1742 1022 1821 τὸ
1054 1742 1322 1846 ἀχειροποίητον
1345 1741 1529 1846 οἰκητήριον,
1549 1791 1587 1830 10

220 1902 270 1936 ver.
284 1899 307 1950 θ·
330 1867 363 1945 εί
384 1898 428 1965 γε
457 1872 517 1944 καί
546 1859 755 1969 εἰθυσάμειοι
782 1869 814 1944 οὐ
838 1871 956 1969 γυμνοί
981 1857 1222 1971 εὑρεθησόμεθα.
1263 1868 1320 1944 κοιί
1336 1863 1407 1964 γάρ
1425 1865 1532 1943 ἐστιν

159 2014 216 2076 Sap.
224 2012 307 2075 ix.15.
329 1985 460 2087 ἀληθὲς
478 1985 533 2066 ότι
558 1999 579 2037 “
594 1987 762 2091 Φθαρτόν
780 1994 888 2084 σῶμα
909 1988 1055 2090 βαρύνει
1073 1986 1227 2093 φυχήν,”
1247 1984 1472 2086 πεποιήμεθα
1491 1985 1531 2066 δέ

328 2119 393 2191 τοῦ
420 2108 601 2213 στενάζειν
625 2108 691 2211 τήν
716 2109 885 2217 ἀφορμήν
908 2109 951 2191 τό
980 2111 1291 2213 καταβαριίνεσθαι
1321 2116 1366 2214 τῇ
1392 2116 1530 2216 φθορᾷ,

327 2233 529 2339 γλιχόμεθα
547 2233 586 2314 δέ
609 2236 645 2315 τό
667 2237 836 2340 οἰκητήριον
861 2235 898 2315 τί
917 2233 1053 2314 ἀνωθεν
1071 2237 1129 2313 καὶ
1153 2234 1190 2342 ἐξ
1215 2236 1342 2341 οὐρανοῦ
1359 2233 1531 2313 τουτέστι

325 2360 393 2458 τήν
411 2356 619 2465 ἀφθαρσίαν
640 2351 894 2439 ἐπαυλίσασθαι.
932 2355 1008 2437 εἶτα
1029 2358 1067 2438 τί
1088 2355 1130 2437 τό
1153 2354 1397 2438 ἐπειθόσασθαι
1420 2359 1535 2456 δηλοῖ
1548 2398 1586 2456 15

327 2482 519 2584 ήποίντως
546 2480 601 2561 ὅτι
628 2487 680 2588 τῷ
708 2489 771 2561 νῦν
796 2479 872 2560 όντι
901 2480 1045 2580 σώματι
1071 2478 1434 2584 προσπεριβαλέσθαι
1460 2480 1532 2580 τήν

328 2606 559 2714 όφθαρσίαν;
589 2603 787 2712 στενάζομεν
807 2604 881 2684 οὖν.

220 2856 313 2915 3sqq.
477 2817 517 2887 Εἰ
542 2845 576 2898 τε
604 2821 658 2887 καί
683 2821 895 2900 ἐνδυσάμενοι
922 2819 959 2888 οὐ
987 2822 1098 2899 τυμνοί
1124 2823 1377 2911 εὑρεθησόμεθα.

384 2990 439 3073 Τό
460 2999 505 3073 Εἰ
515 3029 560 3096 γε
573 2995 637 3073 οὐκ
655 2992 841 3097 ἐνδοιάζων
859 2992 967 3093 λέγει,
981 2994 1066 3071 ἀλλ’
1083 2993 1367 3100 ἀποφαινόμενος
1379 3000 1531 3092 μᾶλλον

330 3117 388 3194 καί
411 3116 593 3220 ἀραρότως
613 3117 696 3222 ἕχον
716 3114 927 3200 ἀποδεικνὺς
948 3116 1003 3197 ότι
1022 3114 1062 3196 τό
1081 3117 1126 3224 ἐξ
1146 3119 1296 3221 οὐρανοῦ
1314 3121 1372 3198 καὶ
1390 3118 1530 3199 ἀνωθεν
1546 3166 1585 3206 20

331 3238 530 3342 οἰκητήριον
565 3241 884 3346 ἐπαμφιεννιίμενοι
921 3247 986 3319 τοῦ
1022 3239 1323 3342 προϋποκειμένου
1360 3239 1530 3341 σκήνους,

330 3361 494 3441 τουτέστι
512 3371 576 3442 τοῦ
595 3362 719 3463 γηΐνου
732 3362 912 3462 σώματος,
926 3369 983 3444 οὐκ
1002 3361 1158 3462 ἐσόμεθα
1176 3367 1306 3469 γυμνοί.
1340 3365 1467 3444 οὐκοῦν
1486 3363 1529 3444 τό

332 3485 379 3563 Εἰ
396 3520 439 3585 γε
461 3485 614 3566 τέθεικεν
632 3488 709 3565 ἀντὶ
728 3494 794 3566 τοῦ
811 3484 930 3583 ὁπότε,
948 3487 991 3566 ἵν’
1013 3483 1035 3592 ᾖ
1052 3521 1087 3566 τι
1106 3494 1266 3567 τοιοῦτον
1284 3486 1326 3566 τό
1344 3487 1529 3590 εἰρημένον

329 3605 467 3686 Ὁπότε
487 3617 546 3688 καί
566 3604 786 3714 ἐνθυσοίμειοι,
800 3611 862 3689 οὐκ
881 3610 1057 3690 ἀπόθεσιν
1075 3619 1139 3689 τοῦ
1157 3609 1301 3711 πρώτου
1315 3607 1527 3707 πεισόμεθα,

331 3729 411 3808 οὔτε
429 3727 501 3828 μήν
519 3729 676 3830 ἐσόμεθα
693 3735 820 3834 γυμνοὶ
838 3741 901 3812 τοῦ
919 3732 1219 3835 προῦποκειμείιου
1237 3731 1418 3827 σώματος,
1438 3731 1527 3834 ὅπερ
1541 3769 1580 3827 ²5

228 3897 279 3930 ver.
292 3895 316 3945 η,
331 3851 519 3960 σαφηνίζει
544 3853 602 3934 διά
626 3861 699 3935 τῶν
726 3854 823 3962 ἑξῆς.
863 3857 1091 3936 καταπίνεται
1118 3854 1156 3936 δέ
1184 3855 1221 3937 τό
1250 3853 1350 3950 θνητόν
1378 3855 1441 3936 ini
1469 3855 1528 3950 τῆε

369 4079 392 4116 1.
411 4059 554 4150 rm'srmH.
681 4081 706 4119 2.
725 4063 770 4119 οὖν
782 4081 830 4152 ρτθ
842 4069 979 4136 τοιγαροῦν
993 4066 1048 4153 H..
1078 4066 1129 4156 μήν
1141 4067 1182 4120 καὶ
1194 4085 1248 4155 ατη.
1262 4066 1300 4121 H.
1428 4085 1455 4156 3.
1473 4067 1526 4138 ἀφ-

331 4131 454 4203 θαρσίαν]
471 4139 500 4197 ÷
515 4157 560 4189 νυν
576 4135 623 4203 μὶν
639 4135 691 4206 γὰρ
709 4135 737 4189 ἐν
754 4136 842 4191 αὐτοις
859 4136 931 4191 ὄντες
948 4137 989 4189 καὶ
1006 4158 1061 4193 τοις
1078 4159 1144 4190 ουτω
1161 4159 1260 4208 παχεσι
1273 4138 1394 4205 σώμασιν
1406 4159 1447 4191 ιισι
1459 4141 1527 4194 πολὺ

331 4205 455 4258 νοσοῦσιν
473 4205 503 4258 τό
520 4205 676 4276 εόφθαρτον,
689 4207 844 4274 στενάζομεν
856 4207 885 4260 τό
898 4205 1041 4276 οἰκητήριον
1052 4205 1122 4274 ήμῶν
1132 4209 1162 4262 τό
1174 4207 1204 4276 ἐξ
1216 4208 1325 4278 οὐρανοῦ
1335 4207 1527 4264 ε’πενδόσασθοι

330 4272 512 4330 ἐπιποθοῦντες
526 4275 563 4329 Η.
720 4291 800 4348 4-17.
820 4275 894 4330 Haec
906 4285 1043 4368 assumpta
1056 4294 1088 4330 ex
1102 4276 1139 4333 H.
1293 4294 1388 4348 19-22.
1406 4281 1443 4332 Τό
1456 4277 1526 4350 Etr.

330 4343 458 4398 -οὒκοῦν
469 4354 608 4415 assumpta
619 4363 652 4400 ex
666 4345 704 4400 H.
848 4362 890 4400 20.
909 4347 977 4417 ἔχων
990 4345 1059 4401 bod.
1208 4364 1251 4419 ²3·
1270 4369 1296 4402 τι
1307 4353 1335 4402 et
1346 4350 1377 4403 τὸ
1389 4361 1527 4421 assumpta

330 4429 363 4466 ex
377 4412 415 4466 H.
499 4429 543 4480 24,
553 4429 597 4486 25.
615 4415 829 4540 οὒκ-σώματοηφ
843 4417 888 4472 οὐκ
900 4416 1073 4486 όποτιθίμεθα
1087 4419 1117 4470 τό
1129 4422 1232 4489 πρῶτον
1246 4423 1322 4488 σῶμα
1333 4422 1392 4474 οὔτε
1404 4421 1528 4491 γινόμεθα

329 4483 421 4561 γυμνοὶ
432 4486 479 4536 τοῦ
490 4485 656 4562 προκειμένου
669 4488 788 4555 σώματος
831 4527 839 4542 .
928 4499 972 4557 25.
988 4486 1148 4559 ὅπερ-ἑξῆς
1159 4497 1297 4559 assumpta
1309 4507 1341 4542 ex
1356 4488 1393 4544 H.
1424 4489 1470 4544 hic
1482 4491 1528 4545 de·

331 4551 402 4613 sinit,
415 4550 537 4607 scholion
554 4571 654 4610 novum
669 4556 838 4612 Κοτατίνεται
853 4559 883 4612 τὸ
896 4557 1025 4628 incipient
1040 4556 1078 4613 H.
1125 4560 1287 4615 καταπίνεται
1299 4559 1328 4614 δε·
1340 4561 1370 4614 τὸ
1383 4560 1436 4615 inc.
1450 4559 1516 4619 Ser.
