3280 5142
313 317 357 380 24
618 320 658 385 B.
682 320 894 386 OYRILLI
923 315 1214 387 ALEXANDR.
1359 309 1450 376 xviii.
1465 327 1518 372 10.

313 482 537 581 ὡπλισμένοι
566 491 624 564 καὶ
653 485 788 594 ξύλοις,
807 491 865 567 καὶ
884 485 1011 571 ὅπλοις
1033 481 1300 590 ἐνηρμοσμένοι,
1318 483 1375 560 καὶ
1394 508 1516 558 συνει-
1617 549 1618 552 ,

312 606 479 706 λεγμένοι
505 607 597 688 κατά
620 608 817 712 πληθῦν,ἢ
843 610 987 695 πάντως
1016 614 1129 692 ἐκεῖνα
1153 607 1199 688 τά
1224 607 1268 687 δι’
1288 602 1339 685 ὧν
1362 602 1406 704 ἦν
1425 595 1520 681 εῖκδς

312 732 391 832 περὶ
419 737 492 811 τῶν
510 732 677 838 ἐσχάτων
698 739 922 816 κινδυνεῦσαι
950 733 1033 821 τοῦς
1135 732 1244 834 ητάς;
1279 731 1334 811 ὅτι
1361 725 1518 832 γὰρκαὶ

313 851 411 960 ξύλα
436 857 494 934 καὶ
520 857 700 962 μαχαίρας
724 859 980 962 ἐπεκομίζοντο,
999 857 1118 964 σαφές
1144 859 1228 958 ἡμῖν
1252 853 1475 951 κατέστησεν
1495 849 1517 927 ὁ

143 983 270 1115 {Q}
315 974 455 1082 Σωτήρ,
474 977 619 1083 ἑτέρωθί
640 1015 712 1062 που
730 979 822 1085 πρὸς
846 982 973 1067 αύτούς
991 982 1138 1086 εἰρηκώς
1166 991 1187 1028 “
1204 980 1271 1064 Ὡς
1290 981 1347 1060 ἐπὶ
1369 971 1517 1081 λῃστὴν
1533 1001 1552 1063 5

312 1111 336 1149 “
353 1100 523 1210 ἐξήλθετε
550 1104 641 1202 μετά
666 1112 852 1210 μαχαιρῶν
869 1109 928 1186 καῖ
953 1106 1076 1213 ξύλων
1094 1112 1299 1201 συλλαβεῖν
1326 1133 1396 1202 με;
1427 1098 1514 1178 καθ’

278 1233 335 1301 ᾶ“
353 1225 487 1329 ἡμέραν
504 1228 542 1307 ἐν
561 1234 612 1336 τῷ
633 1234 713 1336 ἱερῷ
737 1228 950 1334 ἐκαθεζῖιμην
978 1229 1159 1311 διδάσκων
1187 1231 1245 1308 καῖ
1273 1228 1336 1307 οῦκ
1359 1222 1514 1326 ἐκρατή-

313 1359 335 1396 “
353 1347 449 1430 σατέ
466 1353 544 1450 με.”
579 1350 724 1451 νομικὸν
741 1353 803 1434 οῦν
822 1353 893 1458 ἀρα
909 1363 973 1434 τοῦ
993 1353 1134 1458 Πέτρου
1153 1351 1194 1433 τὸ
1214 1354 1344 1453 κίνημα
1363 1350 1421 1430 καὶ
1439 1353 1516 1429 τοῖς
1621 1441 1622 1458 ἶ

312 1473 472 1577 ἀρχαίοις
497 1476 561 1556 ούκ
586 1479 725 1583 ἀπᾷδον
748 1483 907 1576 θεσμοῖς·
944 1478 964 1557 ὁ
989 1475 1027 1558 δέ
1048 1476 1180 1581 Κύριος
1207 1476 1306 1575 ἡμῶν
1323 1477 1468 1574 Ἰησοῦς
1493 1472 1516 1550 ὁ

311 1594 474 1699 Χριστὸς
498 1599 641 1704 ἐπείπερ
665 1602 796 1707 ἀφῖκτο
824 1599 871 1682 τά
896 1599 984 1705 ύπέρ
1013 1598 1123 1700 νόμον
1142 1597 1435 1701 εἰσηγησάμενος,
1454 1597 1515 1675 καῖ
1533 1623 1572 1664 10

312 1721 589 1825 ἀναμορφάσων
622 1724 714 1822 ἡμᾶς
745 1730 794 1808 εἰς
827 1723 1027 1829 ἡμερότητα
1059 1722 1125 1825 τήν
1157 1725 1239 1806 καθ’
1271 1719 1407 1821 ἑαυτὸν,
1438 1728 1517 1804 τοῖς

312 1843 404 1923 κατὰ
432 1844 543 1944 νόμον
567 1850 711 1954 ἐπιτιμᾷ
738 1846 941 1949 κινήμασιν,
961 1852 1009 1934 ὡς
1039 1850 1102 1930 οὐκ
1131 1849 1255 1954 έχουσι
1284 1847 1422 1927 τελείαν
1447 1855 1516 1926 τοῦ

312 1965 404 2047 κατά
426 1969 598 2070 ἀλήθειαν
616 1974 755 2074 ἀγαθοῦ
772 1972 839 2073 τήν
858 1972 1095 2077 κατόρθωσιν.
1132 1974 1174 2054 ού
1199 1971 1271 2075 γάρ
1289 1973 1327 2051 ἐν
1344 1977 1421 2054 ταῖς
1438 1976 1515 2050 τιῦν

311 2090 403 2171 ’ίσων
430 2094 701 2198 ἀντεπαγωγαῖς
728 2094 770 2177 τὸ
797 2097 942 2182 τελείως
969 2100 1069 2178 ἐστὶν
1098 2095 1247 2200 ἀγαθὸν,
1276 2093 1514 2202 ἀνεξικακίας

311 2214 349 2295 δέ
367 2222 514 2314 μᾶλλον
531 2227 609 2303 ταῖς
626 2218 797 2301 ἀνωτάτω
816 2223 1048 2332 διαφαίνεται.
1531 2233 1570 2295 ¹5

367 2339 590 2424 Ἐνδοιάσειε
617 2343 662 2424 δέ
683 2379 737 2430 τις
768 2348 827 2426 καὶ
853 2345 943 2445 μετὰ
972 2354 1085 2426 ταῦτα
1111 2343 1232 2450 τυχὸν,
1261 2346 1334 2448 ἐρεῖ
1362 2341 1401 2424 δέ
1428 2345 1511 2423 καθ’

311 2464 437 2546 ἔαυτόν
461 2463 552 2548 Εἶτα
575 2467 686 2550 πόθεν
713 2472 766 2576 τῷ
791 2468 921 2578 Πέτρῳ
946 2468 1131 2577 μάχαιρα;
1167 2465 1367 2574 ἐροῦμενδέ
1388 2466 1515 2567 πάλιν,

311 2588 366 2670 ὅτι
390 2588 555 2689 μάλιστα
580 2592 646 2692 μέν
663 2591 707 2675 τδ
732 2593 933 2693 ἀμύνεσθαι
952 2600 1024 2676 δεῖν
1043 2591 1134 2676 κατά
1153 2592 1264 2691 νόμον
1282 2593 1364 2677 τοῦς
1382 2593 1516 2673 ἀδικεῖν

310 2714 508 2820 ᾑρημένους
531 2717 757 2818 εὶσκεκόμικέ
774 2753 851 2801 πως
875 2724 934 2798 καὶ
958 2717 1025 2818 τήν
1043 2727 1107 2800 τοῦ
1132 2715 1285 2821 σιδήρου
1309 2718 1442 2822 χρείαν.
1480 2718 1519 2797 τί

311 2835 383 2942 γάρ
402 2846 431 2918 εἰ
457 2843 595 2948 σιδήρῳ
620 2875 673 2925 τις
696 2840 868 2942 πλήττειν
884 2841 992 2942 ἤθελε
1019 2841 1101 2927 τοῦς
1129 2840 1231 2923 ούδέν
1260 2839 1514 2941 ἀδικήσαντας,
1531 2879 1571 2920 ιο

311 2967 389 3047 πῶς
410 2962 456 3042 ἀν
473 2971 547 3044 τῶν
565 2965 656 3045 ’ίσων
674 2963 786 3066 ἦλθεν
801 2971 849 3050 εἰς
873 2973 999 3068 πεῖραν
1015 3000 1025 3060 ;
1058 2965 1158 3066 πλὴν
1175 2964 1277 3064 εἰκὸς,
1297 2962 1359 3045 ἀτε
1385 2963 1430 3063 δὴ
1453 2969 1516 3044 καὶ

144 3087 371 3168 mmmm}
400 3087 515 3188 μέσης
544 3089 669 3175 νυκτὸς
691 3095 765 3170 τῶν
787 3088 1050 3190 καταλυμάτων
1068 3089 1254 3174 ἐκθεόντας
1280 3087 1363 3173 τοῦς
1390 3090 1516 3190 ἁγίους

312 3212 553 3311 ἀποστόλους,
573 3215 675 3298 ὕλαις
700 3217 813 3295 τεκαὶ
837 3211 964 3314 κήποις
983 3217 1155 3313 ἐμβαλεῖν
1173 3212 1514 3318 προσδοκήσαντας,

311 3340 369 3417 καὶ
394 3339 526 3441 θηρίων
545 3339 680 3442 ἀγρίων
698 3339 829 3446 ἔφοδον
851 3337 1132 3435 ἀποβλέπεσθαι·
1175 3338 1308 3442 θηρίων
1333 3334 1372 3418 δέ
1394 3333 1441 3435 ἦν
1459 3335 1516 3416 ὅτι

310 3459 476 3562 μάλιστα
503 3463 638 3570 τροφὸς
667 3469 739 3544 τῶν
756 3463 938 3544 Ἰουδαίων
960 3464 982 3563 ἡ
1007 3462 1118 3568 χάρα.
1156 3463 1243 3543 ὅταν
1271 3459 1310 3540 δὲ
1337 3464 1395 3542 καὶ
1421 3458 1516 3563 πρὸς
1530 3497 1571 3563 25

310 3593 417 3666 τοῦτο
440 3587 548 3693 λέγῃς
567 3584 659 3668 Εἶτα
686 3587 726 3668 τί
749 3591 926 3693 μαχαίρας
946 3587 1014 3668 ἔδει
1038 3595 1110 3672 τοῖς
1134 3591 1335 3686 μαθηταῖς;
1371 3587 1413 3666 ού
1441 3584 1515 3688 γὰρ

311 3708 357 3790 ἀν
380 3711 573 3819 ἐξήρκεσεν
600 3709 864 3792 κινδυνεύουσιν
892 3715 912 3792 ὁ
940 3711 1115 3816 Χριστὸς,
1135 3711 1231 3791 ὥστε
1259 3709 1425 3810 δηλονύτι
1454 3712 1515 3789 καῖ

312 3840 423 3941 θῆρας
452 3837 664 3933 ἀποσοβεῖν,
682 3838 742 3917 καῖ
766 3833 832 3914 τὸν
848 3835 1005 3916 ἐντεῦθεν
1024 3837 1143 3921 αύτοῖς
1171 3832 1342 3942 ἐξελάσαι
1368 3831 1513 3940 φόβους

312 3967 368 4044 ναὶ
393 3961 438 4063 δή
467 3963 527 4042 καὶ
551 3969 668 4059 τοῦτο,
697 3957 827 4065 φαμέν,
852 3958 986 4062 ἀρεστά
1011 3995 1065 4045 τις
1091 3963 1170 4063 ἐρεῖ,
1199 3955 1348 4042 δυνατὸς
1371 3957 1443 4062 γὰρ
1465 3964 1515 4042 εἷς

311 4083 454 4168 ἅπαντα
473 4085 648 4190 Χριστός·
682 4082 782 4184 πλὴν
800 4085 1009 4188 εὑρήσομεν,
1027 4083 1080 4164 ὅτι
1105 4088 1163 4164 καὶ
1187 4083 1288 4187 ἔτερα
1316 4088 1514 4183 κατορθοῦν
1528 4128 1573 4185 30

279 4211 502 4320 δίσχύοντος
526 4218 590 4292 τοῦ
608 4215 784 4314 Χριστοῦ,
801 4213 879 4292 ταῖς
901 4210 982 4289 καθ’
1002 4208 1095 4308 ἡμᾶς
1116 4208 1318 4309 συνηθείαις
1341 4205 1462 4309 διέζων
1479 4212 1515 4287 οῖ

348 4510 372 4550 1.
391 4491 591 4620 ίνηρχοσμίνοις
603 4492 635 4548 Ε.
774 4508 815 4559 14.
833 4488 944 4564 ἀγαθὸν]
961 4495 990 4554 ÷
1005 4489 1033 4544 ἒν
1046 4485 1118 4544 Cast.
1264 4487 1306 4544 16.
1324 4487 1467 4544 ἐνδοιάσαι
1479 4487 1514 4546 Ε.

309 4563 437 4622 moedau
475 4563 502 4620 d.
668 4575 711 4635 27.
731 4562 922 4619 κινδυνεύουσιν
934 4569 1103 4633 assumptum
1116 4576 1149 4614 ex
1162 4576 1185 4614 a.
