3280 5142
115 367 185 433 xix.
197 369 228 435 6.
396 369 453 435 IN
484 369 518 434 S.
543 369 564 434 J
568 368 799 435 OANNEM.
844 367 941 432 ΙιΙΒ.
966 365 1046 432 XII.
1277 365 1318 428 65

116 534 179 612 καὶ
210 539 275 614 νῦν
306 535 626 639 μεμαστιγωμείνον
657 535 808 637 ὁρῶντες
839 535 897 614 καὶ
928 540 1005 618 ταῖς
1041 530 1141 634 παρὰ
1173 529 1319 611 πάντων

116 657 276 755 ἀτιμίαις
300 661 492 765 μονονουχὶ
515 657 692 760 μεθύοντα
716 659 1011 762 προσεκτείνουσι
1034 655 1100 757 τὴν
1118 653 1242 759 ὀργὴν,
1261 657 1319 734 καὶ

115 779 164 860 τά
194 781 240 889 ἐξ
265 783 420 886 ἀμέτρου
437 782 658 890 φθέγγονται
676 779 825 890 φθόνου.
865 781 1004 867 σκοπὸς
1025 779 1097 885 γὰρ
1115 782 1233 864 αὐτοῖς
1255 776 1319 858 τὸν

114 912 184 986 τοῦ
203 907 416 1006 ἀμπελῶνος
434 909 636 988 ἀποκτεῖναι
656 905 848 1007 δεσπότην·
887 903 1000 1014 ᾤοντο
1021 904 1094 1008 γὰρ
1112 905 1134 984 ἕ
1154 940 1204 985 ειν
1222 906 1319 984 ἀκιν-

82 1053 102 1112 5
118 1030 236 1115 δύνως
260 1028 326 1131 τὴν
344 1033 584 1135 κληρονομίαν
603 1033 722 1129 αὐτοῦ,
741 1032 800 1110 καὶ
817 1035 846 1111 εί
865 1030 1003 1133 γε’νοιτο
1021 1028 1131 1135 τυχὸν
1148 1031 1188 1110 ἐκ
1204 1029 1320 1129 με’σου

117 1151 298 1256 Χριστός,
316 1156 415 1236 αι’ττοὶ
442 1153 718 1258 καθηγὴσεσθαι
744 1153 857 1236 πάλιν
876 1158 934 1234 καὶ
955 1160 1032 1239 ταῖς
1053 1153 1153 1257 παρὰ
1173 1152 1320 1234 πάντων

119 1287 242 1376 τιμαῖς
267 1281 457 1388 ἐντρυφᾶν.
498 1277 584 1360 ἀλλ’
604 1282 652 1364 ῶς
677 1281 697 1359 ὁ
716 1279 878 1386 ψάλλων
896 1279 1013 1385 φησίν
1037 1289 1059 1326 “
1072 1279 1121 1358 ‘O
1146 1284 1404 1359 κατοικῶνοςε.
1417 1309 1443 1358 ii.
1455 1323 1478 1372 4·

120 1413 143 1450 ‘⁴
161 1404 202 1483 ἐν
230 1405 393 1508 οὐρανοῖς
416 1402 650 1506 ε’κγελάσεται
679 1401 818 1501 αύτούς,
849 1404 907 1482 καὶ
937 1403 960 1481 ό
983 1401 1115 1504 Κύριος
1142 1403 1315 1502 ε’κμυκτη·

121 1539 143 1574 “
161 1535 235 1631 ριεῖ
249 1527 411 1614 αύτούς.”
442 1528 484 1608 ού
496 1526 569 1632 γὰρ
587 1526 767 1628 ε’κβὲβηκέ
776 1561 811 1607 τι
829 1534 902 1607 τῶν
918 1525 1009 1606 κατά
1025 1526 1173 1630 γνώμην
1191 1527 1319 1624 αὐτοῖς,

71 1685 108 1726 10
120 1653 208 1731 ἀλλ’
228 1656 278 1736 είς
303 1658 378 1733 πᾶν
404 1652 610 1733 τούναντίον
636 1651 681 1758 ἐξ
705 1651 951 1758 ἀντιστρόφου
976 1653 1183 1752 μεταβολῆς
1205 1650 1228 1750 ἦ
1248 1657 1321 1731 τῶν

119 1775 346 1879 πραγμάτων
362 1775 630 1881 μετακεχωρηκε
649 1775 773 1883 φύσις.

121 2029 212 2104 Λέτει
244 2023 357 2096 αὐτοῖο
382 2031 401 2098 ὀ
427 2031 570 2096 Πιλάτου
599 2029 719 2108 Λάβετε
750 2023 841 2106 ὑμεῑο
872 2029 981 2110 αὐτὸν,
1013 2028 1066 2094 καί
1098 2027 1317 2120 σταυρώσατε·

359 2155 426 2232 ὲτὼ
452 2157 512 2247 τὰρ
538 2157 596 2244 οὐχ
622 2155 764 2246 εὑρίσκω
789 2155 825 2222 ὲν
852 2155 943 2241 αὐτῷ
969 2151 1084 2226 αἰτίαν.

1332 2257 1353 2320 d

180 2325 482 2429 Καταπλήττεται
501 2325 663 2412 Πιλοίτος
682 2334 711 2408 εί
729 2327 800 2432 ἀρα
816 2363 895 2413 πως
916 2330 974 2408 καὶ
998 2333 1047 2413 είς
1072 2337 1178 2410 τοῦτο
1202 2363 1322 2409 κατοι-

74 2483 109 2544 15
121 2451 272 2556 χήσεται
294 2449 432 2554 τόλμης
449 2459 522 2533 τῶν
538 2454 721 2534 Ἰουδαίων
739 2455 760 2532 ό
778 2456 902 2552 δῆμος,
923 2455 981 2533 καὶ
999 2452 1113 2552 ἡτῶν
1131 2453 1321 2558 ἀρχιερέων

120 2575 434 2682 ἀπανθρωτστάτη
460 2575 614 2678 πληθὺς,
640 2573 734 2657 ῶστε
764 2578 822 2656 καί
849 2574 913 2656 τόν
940 2577 1032 2657 ούτω
1061 2576 1212 2682 φρικτὸν
1239 2580 1318 2658 ε’πι-

121 2705 235 2782 θεῖναι
271 2699 427 2783 θοίνατσν
458 2700 510 2802 μὴ
543 2707 795 2806 παραιτεῖσθαι
826 2705 993 2807 Χριστῷ,
1027 2700 1140 2780 καίτοι
1171 2705 1236 2800 τῆς
1271 2707 1320 2786 είς

121 2833 231 2904 τοῦτο
257 2824 442 2926 καλούσης
471 2823 579 2906 αὐτόν
607 2827 720 2910 αίτίας
747 2821 943 2923 οὐδαμόθεν
972 2823 1223 2931 ἐξηυρημεῖιης.
1262 2823 1321 2906 διά

122 2947 196 3050 γάρ
211 2981 267 3028 τοι
279 2948 386 3030 τοῦτό
405 2956 510 3057 φησι,
524 2953 713 3055 μονονουχὶ
733 2951 791 3030 καὶ
809 2952 858 3033 ῶς
877 2949 1092 3051 ὑβρισμένος
1110 2949 1321 3053 ἀγανακτῶν

72 3069 211 3169 τσΈμὲ
235 3075 389 3174 ταυτησὶ
405 3077 468 3175 τῆς
486 3075 609 3155 ἀδίκου
626 3075 831 3180 μιαιφονίας
847 3069 1069 3172 ἐποιήσασθε
1087 3073 1291 3176 βραβευτήν
1307 3109 1317 3173 ;

119 3193 194 3297 ε’γῶ
222 3195 322 3299 παρὰ
349 3197 485 3282 πάντας
512 3197 595 3283 τούς
612 3199 801 3297 Ῥωμαίων
819 3193 948 3296 νόμους
967 3199 1026 3276 καὶ
1050 3203 1123 3278 τῶν
1145 3197 1320 3301 ἀνεγκλή-

119 3354 195 3400 των
230 3319 360 3419 ἕσομαι
394 3319 577 3426 φονειττὴς,
612 3328 690 3406 ταῖς
726 3319 765 3401 δὲ
799 3320 981 3422 ὑμετέραις
1015 3321 1318 3422 ἀναπεπεισμεῖνος

120 3449 259 3549 φωναῖς
276 3443 319 3524 τὸ
336 3446 489 3544 ἐμαυτοῦ
504 3443 714 3550 προήσομαι
731 3442 924 3550 χρήσιμον,
945 3447 1096 3530 καὶτοῖς
1115 3445 1200 3551 παρ’
1220 3449 1348 3548 ύμῶνο

120 3565 291 3667 αίτήσεσι
324 3569 584 3674 ῥιψοκινδύνως
620 3571 815 3672 ὑπηρετῶν,
848 3569 912 3649 οὐκ
944 3569 982 3648 ἐν
1012 3567 1159 3650 ἐλπίσιν
1188 3568 1319 3669 ἔσομαι

70 3731 86 3773 ι
91 3727 110 3790 5
121 3698 187 3770 τοῦ
204 3697 333 3772 παθεῖν
351 3690 397 3773 τό
414 3691 533 3788 δεινοί;
564 3697 593 3773 εί
610 3691 661 3793 μὴ
680 3691 752 3795 γάρ
769 3691 888 3774 σ’ίεσθε
902 3697 976 3773 τῶν
989 3683 1150 3775 ἀνοσίων
1167 3728 1202 3774 τι
1220 3700 1320 3800 δρᾶν,

121 3821 153 3895 εί
189 3811 240 3916 μὴ
275 3814 438 3922 χαλεπόν
470 3813 558 3898 εἶναι
590 3816 633 3897 τὸ
663 3822 815 3920 πρᾶγμα
847 3815 1047 3920 λογίζεσθε,
1079 3821 1174 3924 ὑμεῖς
1210 3820 1321 3918 αὐτοὶ,

120 3941 251 4045 φησὶν,
269 3945 302 4020 οἱ
329 3947 403 4025 τοῖς
431 3941 536 4026 θείοις
563 3943 801 4046 ε’παυχσῦντες
827 3939 1051 4042 μαθήμασιν,
1069 3945 1103 4020 οί
1122 3942 1179 4022 ε’πί
1204 3940 1323 4043 νόμων

120 4063 257 4162 είδήσει
286 4060 352 4162 τὴν
382 4063 499 4172 ὀφρύν
528 4064 669 4171 ἔχοντες
700 4062 863 4171 ὑψηλὴν,
890 4065 1030 4172 πήξατε
1059 4061 1123 4144 τόν
1152 4063 1322 4170 σταυρὸν,

119 4184 333 4286 τολμήσατε
350 4186 415 4268 τόν
433 4186 557 4294 φόνον,
576 4186 887 4291 ἀνοσιουργήσατε
911 4188 954 4268 δι’
974 4189 1121 4280 ἑαυτῶν,
1142 4188 1241 4268 αὐτοὶ
1258 4194 1322 4290 τῆς

65 4344 108 4404 30
119 4309 258 4392 ἑαυτῶν
276 4310 508 4417 καταχέοντες
526 4317 687 4419 κεφαλῆς
706 4310 752 4391 τὰ
769 4314 808 4393 ἐκ
825 4314 889 4412 τῆς
907 4309 1087 4412 τοσαύτης
1106 4315 1321 4409 δυσσεβείας
1335 4337 1489 4396 ο1047Α.

157 4557 184 4606 4.
203 4537 259 4606 ἕξιν
270 4539 303 4594 Ε.
530 4558 572 4597 22.
591 4543 620 4598 δι’
633 4559 687 4597 om.
701 4541 730 4596 F.
768 4539 865 4596 Statim
878 4541 1010 4614 ὑμετέραις
1024 4542 1086 4598 FLF.
1101 4541 1152 4598 Ed.
1166 4561 1221 4616 mg.
1234 4544 1322 4615 ἡμιτί·

120 4631 180 4682 ραις
194 4607 246 4664 Ed.

167 4711 239 4758 VOL.
258 4711 309 4756 ΙΙΙ.
726 4715 748 4758 K
