3284 5130
303 313 368 376 140
606 310 875 376 MYRILLI
905 309 1193 374 ALEXANDR.
1318 331 1371 372 xx.
1386 325 1502 392 22,23.
1630 93 1637 507 φ

302 472 520 579 ἐμφυσήσεις
548 476 605 554 καὶ
632 471 750 577 λέγων
769 475 907 566 Λάβετε
923 478 1061 580 Πνεῦμα
1071 472 1202 577 ’Ἀγιοκ
1242 475 1371 553 οὐκοῦν
1389 477 1419 550 εἰ
1443 477 1502 552 καὶ

303 596 506 702 ἀπελείφθη
534 603 680 698 θωμιῖς,
708 601 772 679 οῦκ
804 599 952 706 ἐξέπεσε
982 608 1046 678 τοῦ
1078 605 1217 696 λαβεῖν,
1245 596 1338 678 κατὰ
1366 594 1503 680 παντὸς

303 727 368 799 τοῦ
401 728 528 815 λαβεῖν
558 723 767 826 ὀφείλοντος
799 728 857 803 καὶ
889 723 1142 825 ἐντεταγμένου
1175 728 1227 829 τῷ
1258 724 1398 828 ἀριθμῷ
1430 727 1503 800 τῶν

304 843 543 943 τετιμημένων
567 854 631 926 τοῦ
657 847 868 947 Πνεῦματος
892 847 1091 951 τρέχοντος.
1636 927 1637 950 ,

360 964 457 1050 Δοῦς
475 966 514 1048 δέ
530 966 573 1048 τῦ
590 973 738 1070 Πνεῦμα
757 968 920 1074 Χριστός
929 968 994 1050 ηἈι
1008 1005 1095 1050 τινων
1114 966 1225 1076 ιἰφῆτι
1244 965 1308 1053 τῖις
1327 970 1534 1074 ιὶμιιρτίιιςό

272 1091 480 1198 λιῖφίιοιταί
502 1099 629 1198 φησιν·
664 1092 705 1173 ι’ίι
726 1130 815 1174 τινοιν
839 1093 987 1201 κρατῆτε,
1009 1092 1236 1200 κεκράτηνται,
1256 1093 1367 1171 καίτοι
1392 1090 1502 1190 μόνου
1636 1109 1637 1140 ¹

304 1223 368 1294 τοῦ
400 1214 491 1294 κατὰ
523 1216 639 1322 φύσιν
670 1215 771 1301 ὄντος
803 1223 901 1298 θεοῦ
938 1217 1133 1314 δυναμένου
1165 1247 1203 1294 τε
1239 1219 1296 1294 καὶ
1334 1213 1503 1321 ἐξουσίαν

303 1339 447 1445 ἔχοντος
471 1340 643 1421 ἀπολύειν
662 1342 836 1446 ἁμαρτίας
861 1339 944 1425 τοὺς
967 1338 1230 1443 ἡμαρτηκότας·
1268 1342 1335 1418 τίνι
1361 1335 1432 1442 γὰρ
1458 1337 1502 1418 ἂν

303 1468 362 1544 καὶ
389 1463 569 1566 προσήκοι
598 1464 639 1544 τῦ
666 1464 879 1570 χαρίζεσθαί
901 1500 977 1546 τισι
1004 1464 1051 1545 τὰ
1078 1465 1133 1571 ἐφ’
1158 1461 1287 1565 οἷσπερ
1315 1459 1360 1542 ἂν
1382 1463 1503 1541 ἁλοῖεν

304 1594 351 1670 εἰς
380 1585 443 1667 τὸν
467 1594 562 1668 θεῖον
589 1589 920 1690 πλημμελήσαντες
946 1589 1067 1689 νόμον,
1090 1595 1120 1670 εί
1147 1587 1197 1688 μὴ
1225 1591 1276 1694 τῷ
1303 1585 1366 1667 τὸν
1393 1586 1502 1684 νόμον
1518 1623 1559 1665 ιο

304 1711 492 1813 ὁρίσαντι;
527 1712 572 1819 ἐξ
596 1714 714 1791 αὐτῶν
742 1712 780 1792 δέ
807 1721 880 1794 τοῖν
903 1716 986 1793 καθ’
1010 1714 1102 1812 ἡμᾶς
1129 1712 1314 1816 α’θρητέον,
1335 1718 1365 1791 εὶ
1393 1715 1500 1809 δοκεῖ,

303 1841 369 1913 τοῦ
394 1832 508 1937 λόγου
532 1832 599 1933 τὴν
624 1835 785 1935 δύναμιν·
815 1840 869 1923 τίς
896 1845 971 1923 τοῖς
998 1838 1228 1936 θεσπίσμαοι
1255 1843 1328 1916 τῶν
1350 1838 1408 1916 ἐπὶ
1434 1840 1502 1938 γῆς

303 1957 491 2052 βασιλέων
512 1958 793 2065 ἐξουσιαστικῶς
820 1962 1016 2067 ἐπιφύεται,
1033 1963 1091 2041 καὶ
1119 1958 1317 2064 παραλύειν
1338 1963 1506 2066 ἐπιχειρεῖ

302 2080 350 2163 τὰ
380 2079 438 2161 διὰ
467 2087 530 2183 τῆς
562 2089 635 2163 τῶν
659 2085 885 2188 κρατούντων
914 2087 1181 2189 συντεταγμένα
1208 2083 1340 2192 ψήφου
1371 2119 1410 2165 τε
1443 2087 1501 2164 καὶ

273 2206 460 2309 ογνοίμης,
479 2213 507 2286 εί
526 2206 576 2307 μή
599 2208 670 2312 ἄρα
695 2243 749 2294 τις
773 2210 826 2310 ε’ίη
852 2209 962 2315 τυχῦν
979 2217 1053 2290 τῶν
1069 2208 1136 2310 τήν
1154 2211 1331 2304 βασιλίδα
1347 2243 1497 2314 περικει-
1516 2233 1557 2296 15

302 2331 420 2430 μένων
437 2329 544 2431 τιμήν
559 2365 598 2412 τε
627 2335 686 2412 καὶ
716 2331 851 2441 δόξαν;
882 2332 996 2414 τόπον
1015 2331 1088 2436 γὰρ
1113 2335 1151 2412 ἐν
1171 2332 1311 2415 ἐκείνοις
1340 2334 1404 2413 οῦκ
1430 2333 1502 2438 ἔχει

303 2458 367 2554 τῆς
393 2457 615 2558 παρανομίας
643 2455 689 2537 τὰ
715 2455 936 2560 ἐγκλήματα.
981 2454 1163 2559 τοιγάρτοι
1193 2456 1252 2572 καὶ
1283 2454 1405 2563 σοφὸν
1432 2456 1502 2560 ἔφη

135 2581 263 2698 fflms.
303 2576 429 2680 λόγιον
448 2589 470 2626 “
484 2577 644 2679 Ἀσεβὴς
673 2583 693 2660 ό
718 2580 836 2683 λέγων
853 2588 1007 2675 βασιλεῖ
1023 2580 1277 2684 Παραυομεῖς.”
1309 2577 1400 2659 κατὰ
1423 2579 1504 2660 τίνα

302 2712 492 2805 τοιγαροῦν
511 2704 581 2805 ἄρα
597 2702 734 2806 τρόπον
751 2739 789 2784 τε
809 2708 866 2784 καὶ
886 2703 1009 2806 λόγον,
1028 2702 1070 2782 τῦ
1093 2701 1185 2809 μόνη
1205 2702 1342 2806 πρέπον
1361 2703 1503 2810 ἀξίωμα

301 2826 448 2932 τῇθείᾳ
477 2827 586 2931 φύσει
615 2836 686 2912 τοῖς
715 2832 840 2909 ἑαυτοῦ
867 2835 1044 2929 μαθηταῖς
1070 2827 1274 2930 περιέθηκεν
1297 2830 1318 2907 ὁ
1344 2826 1472 2929 Σωτήρ
1486 2860 1497 2926 ;
1513 2861 1559 2906 ιο

302 2950 386 3028 ἀλλ’
408 2951 472 3029 οῦκ
497 2949 541 3028 ἂν
559 2949 712 3054 ἁμάρτοι
729 2960 794 3032 τοῦ
815 2952 1013 3056 πρέποντος
1033 2955 1053 3032 ὃ
1070 2953 1108 3030 ἐν
1128 2955 1249 3056 Πατρὶ
1269 2950 1399 3056 Λόγος,
1417 2953 1502 3055 έδρα

303 3072 340 3151 δέ
358 3081 465 3152 τοῦτο
483 3078 541 3152 καὶ
560 3073 709 3179 σφόδρα
728 3083 858 3162 καλῶς.
897 3075 987 3185 ᾤετο
1008 3076 1081 3178 γὰρ
1101 3079 1172 3155 δεῖν
1191 3073 1273 3158 τούς
1291 3073 1333 3155 τὸ
1351 3077 1445 3156 θεῖόν
1463 3111 1502 3156 τε

302 3199 361 3274 καὶ
394 3195 607 3277 δεσποτικὸν
641 3199 788 3304 ἔχοντας
820 3204 858 3280 ἐν
885 3204 1020 3284 ἑαυτοῖς
1053 3199 1121 3299 ἤδη
1158 3205 1317 3300 Πνεῦμα,
1349 3204 1406 3279 καὶ
1438 3208 1503 3280 τοῦ

304 3322 478 3424 διαφεῖναι
504 3318 569 3406 τοῖς
597 3356 704 3403 τινων
731 3325 906 3428 ἁμαρτίας
934 3323 1021 3405 εῖναι
1051 3325 1200 3426 κυρίους,
1229 3326 1289 3404 καὶ
1314 3320 1433 3427 ὧνπερ
1457 3321 1503 3403 οἲν

231 3531 232 3536 1
270 3440 508 3537 ᾶβούλωνται
536 3455 687 3550 κρατεῖν,
710 3458 774 3529 τοῦ
801 3449 1056 3533 ἐνοικισθέντος
1084 3450 1202 3532 αὐτοῖς
1230 3447 1358 3550 Ἀγίου
1388 3445 1559 3536 Πνεύ-τ5

303 3600 416 3666 ματος
444 3571 608 3673 ἀφιεῖιτος
637 3605 675 3651 τε
703 3575 761 3652 καὶ
790 3581 1005 3677 κρατοῦντος
1035 3572 1126 3654 κατὰ
1154 3570 1336 3672 βούλησιν
1363 3573 1502 3680 οἰκείαν,

302 3689 373 3772 κᾶν
390 3691 433 3771 δι’
454 3693 653 3796 ἀνθρώπων
671 3699 818 3794 τελῆται
836 3694 879 3777 τῦ
898 3705 1049 3800 πρᾶγμα
1067 3698 1189 3802 τυχόν.

359 3815 514 3920 Ἀφιῦισι
543 3816 658 3920 γεμήν
685 3821 861 3924 ἁμαρτίας
889 3821 966 3920 ἤτοι
997 3822 1210 3925 κατέχουσιν
1238 3827 1270 3901 οῖ
1296 3855 1498 3917 πνευματο·

304 3938 411 4049 φόροι
443 3939 535 4020 κατὰ
565 3939 629 4020 δύο
659 3941 824 4045 τρόπους,
860 3942 953 4022 κατα’
981 3978 1024 4047 γε
1054 3945 1212 4024 διάνοιαν
1239 3945 1337 4045 ἐμήν.
1381 3943 1403 4045 ἢ
1431 3943 1504 4045 γὰρ

301 4072 480 4144 καλοῦσιν
516 4064 573 4144 ἐπὶ
604 4062 655 4145 τό.
678 4065 872 4167 βάπτισμα
904 4065 988 4151 τοῦς
1020 4066 1071 4152 οῖς
1106 4065 1151 4147 όν
1182 4067 1252 4169 ἤδη
1284 4071 1343 4149 καὶ
1375 4065 1504 4148 τούτου
1517 4095 1563 4156 30

303 4197 422 4293 τυχεῖν
439 4187 616 4294 ὠφείλετο
638 4189 697 4268 διὰ
714 4188 781 4290 τὴν
799 4201 863 4271 τοῦ
885 4193 968 4287 βίον
993 4190 1196 4293 σεμνότητα
1219 4195 1278 4272 καὶ
1303 4191 1346 4272 τὸ
1368 4196 1502 4273 δεδοκι-

340 4397 366 4449 ό.
384 4399 498 4466 κρατεῖτε
511 4416 537 4468 ρ.
591 4399 741 4469 κεκρότηυτι
754 4399 786 4453 Ε.
901 4419 927 4472 9.
946 4423 1001 4456 τισι
1012 4419 1066 4457 οια.
1079 4421 1106 4473 p.
1223 4420 1265 4470 14.
1283 4403 1453 4476 ψόφου(εἰο)
1468 4401 1502 4459 Ε.

307 4481 348 4534 19.
366 4466 507 4552 πρέποντες
519 4467 552 4523 Ε.
677 4485 720 4560 23.
740 4470 820 4542 εἰιυτηῖ
833 4471 896 4540 (sic)
909 4491 935 4543 p.
1062 4489 1104 4542 24.
1123 4474 1253 4546 διαφεῖναι
1265 4473 1365 4529 habent
1377 4493 1405 4546 p.
1419 4471 1502 4530 cord.

304 4551 348 4608 27.
367 4539 470 4592 τελοιτο
482 4555 506 4592 a.
614 4557 657 4611 30.
676 4537 728 4610 αις]
746 4545 774 4604 †
789 4561 838 4612 περ
851 4559 876 4598 a.
