3280 5142
124 350 347 440 xvifi.35,3⁶.
403 352 460 417 IN
490 352 525 416 s,
549 352 806 418 JOANNEM.
852 352 947 418 υιυ.
971 353 1053 419 xn.
1285 355 1327 417 ω

125 514 216 610 ὁμοῦ
233 513 271 594 δὲ
290 518 430 596 κοίκεῖνο
449 516 640 616 διδάσκων,
661 516 718 597 ὅτι
735 518 819 596 λίαν
838 520 951 598 ἀδικεῖ
968 522 1032 618 τῆς
1057 517 1185 620 ἑτέρων
1203 522 1327 623 φωνῆς

125 636 269 743 ῦπέχειν
303 640 402 724 δίκας
437 637 683 742 ἐκβιαζόμενος
718 639 782 722 τὸν
813 641 866 722 ἐπ’
899 643 1012 722 οὐδενί
1048 646 1121 721 τῶν
1158 640 1328 722 τοιούτων

124 764 381 865 ἐληλεγμένου.

146 996 326 1086 Ἀιιεκρίθιι
354 999 372 1065 ὁ
399 998 541 1064 Πιλάτου
567 997 657 1064 λλιίτι
682 999 749 1074 ὲτὼ
770 994 930 1066 Ἰουδαῖός
958 995 1042 1080 είμι;
1076 996 1115 1064 τὸ
1142 996 1236 1064 ἔθνος
1263 997 1300 1064 τό
1340 1027 1378 1088 35

91 1141 111 1200 5
199 1123 257 1190 οὸν
286 1122 339 1188 καί
367 1120 397 1188 οί
424 1118 587 1212 ἀρχιερεῖς
612 1123 811 1212 παρέδωκάν
839 1147 875 1190 οε
902 1123 983 1201 ἐμοί·
1021 1121 1052 1188 τί
1077 1121 1257 1203 ἐποίιισατς

181 1293 363 1400 Ἐκφανὲς
387 1293 455 1396 ἤδη
480 1303 576 1375 ποιεῖ
596 1294 638 1375 τὸ
663 1302 736 1375 τιῦν
753 1295 934 1375 Ἰουδαίων
952 1292 1162 1400 λῃστήριον,
1182 1296 1240 1374 καί
1263 1290 1330 1392 τὴν

124 1421 200 1496 τῶν
229 1416 440 1520 κατηγόρων
467 1416 613 1518 πληθῦν
640 1421 831 1523 μονονουχὶ
858 1416 1101 1520 παρεκόμισεν
1129 1421 1177 1500 είς
1202 1416 1358 1516 με’σον.ο

125 1539 251 1636 ὅμοιον
270 1539 341 1644 γὰρ
367 1544 454 1621 ὡσεί
480 1542 581 1644 λε’γοι
607 1541 717 1648 τυχόν
736 1543 816 1622 Οῦκ
842 1543 919 1642 ε’μοί
943 1548 1090 1641 μᾶλλον
1109 1539 1261 1643 ἁρμόσει
1285 1538 1328 1620 τὸ

125 1662 254 1742 είδέναι
277 1662 323 1742 τὰ
345 1661 408 1762 σὰ,
428 1673 495 1772 εἶμί
521 1662 593 1768 γδιρ
619 1666 683 1744 οῦκ
701 1662 870 1756 Ἰουδαῖος,
890 1664 1021 1768 πρέποι
1046 1666 1080 1744 δ’
1101 1663 1146 1744 ἂν
1163 1663 1329 1763 μάλιστα

77 1829 113 1869 ιο
126 1793 201 1870 τοῖς
227 1787 411 1872 συνέθνοις
437 1792 496 1869 καὶ
520 1789 854 1893 συντεθραμμένοις,
872 1788 906 1868 οῖ
933 1792 992 1869 καί
1019 1788 1109 1873 ἴσως
1136 1785 1328 1891 ἐγνωκότες

126 1910 388 2017 τεθνηξόμενον
409 1912 554 2014 ἄγουσι.
599 1920 791 2015 κατηγορεῖ
811 1921 1003 2016 τοιγαροῦν
1026 1916 1091 2011 τῆς
1114 1912 1241 1992 ἑαυτοῦ
1266 1945 1324 1993 κε·

126 2038 262 2138 φαλῆς.
314 2033 357 2115 τῦ
385 2034 456 2138 γὰρ
483 2041 591 2116 εἰπεῖν
615 2037 661 2115 Τί
687 2037 861 2130 ἐποίησας,
889 2034 990 2115 οῦδίν
1018 2035 1137 2140 ἕτερον
1166 2033 1189 2136 ἢ
1222 2044 1329 2115 τοῦτο

125 2165 273 2255 μᾶλλον
306 2160 493 2260 ῦποδηλοῖ.
546 2156 690 2259 σπουδὴ
727 2159 766 2239 δὲ
802 2157 927 2260 πολλὴ
964 2166 1015 2267 τῷ
1053 2161 1144 2269 ἁγίιρ
1181 2161 1329 2262 γε’γονεν

127 2281 400 2386 Εῦαγγελιστῇ,
434 2284 494 2362 καί
525 2281 572 2360 τὰ
600 2283 653 2362 ἐπ’
685 2283 774 2388 αὐτῇ
806 2281 972 2381 μάλιστα
1002 2288 1048 2389 τῇ
1086 2283 1201 2385 κρίσει
1234 2280 1327 2362 κατὰ

77 2439 111 2497 ¹5
127 2401 265 2484 λεπτὸν
286 2403 534 2506 διηγήσασθαι
563 2408 621 2485 καί
650 2404 704 2484 ὅτι
728 2404 890 2489 Πιλάτος
909 2407 960 2486 Τί
983 2406 1179 2506 πεποίηκας
1207 2405 1329 2508 ἠρώτα

125 2526 191 2605 τὸν
209 2525 364 2627 Ἰησοῦν.
411 2527 457 2628 ἦν
482 2527 552 2631 γὰρ
580 2527 638 2608 διὰ
665 2527 793 2608 τούτου
820 2525 985 2627 μάλιστα
1012 2535 1138 2626 μαθεῖν
1166 2526 1329 2628 τὴντῶν

125 2649 363 2752 ἐγκλημάτων
381 2652 544 2754 ἀπορίαν,
565 2654 623 2731 καί
649 2650 703 2730 ὅτι
726 2651 1022 2758 παραδειχθέντος
1045 2649 1196 2748 οῦδενδς,
1215 2652 1328 2752 ἤγουν
1340 2685 1496 2741 ςΙΟθθΔ.

125 2774 359 2878 ἐλεγχθέντος
377 2775 438 2856 ε’πί
459 2809 535 2855 τισι
558 2782 623 2854 τοῦ
642 2779 810 2877 Σωτῆρος
828 2775 930 2875 ἡμῶν
948 2779 1123 2875 Χριστοῦ,
1143 2772 1328 2874 δυσσεβὴς

126 2901 186 2977 καὶ
205 2896 405 2998 ἀδικωτάτη
423 2898 555 2979 λοιπὸν
574 2898 596 2998 ἡ
616 2906 681 2979 τοῦ
699 2896 855 2978 θανάτου
872 2902 1001 3004 ψῆφος
1019 2898 1224 3000 ε’κβεβηκεν.

75 3131 301 3223 εοἈιτεκρίθιι
325 3134 452 3201 Ἰιιοοῦε
472 3134 514 3198 Ἠ
544 3130 691 3211 βασιλεία
719 3132 737 3196 ιί
765 3131 828 3207 ε’μιί
857 3133 915 3196 οὐκ
941 3131 1029 3199 ἔστιν
1056 3133 1092 3198 ὲκ
1119 3141 1176 3200 τοῦ
1204 3135 1326 3214 κόσμου
1342 3144 1381 3218 3⁶

178 3261 306 3325 τούτου·
342 3256 370 3324 εἰ
401 3259 438 3324 ὲκ
469 3263 526 3323 τοῦ
556 3259 677 3334 κόσμου
706 3259 821 3322 τούτου
852 3253 891 3321 ῆν
918 3258 938 3324 ιί
972 3259 1118 3336 βασιλεία
1147 3259 1165 3324 ιί
1195 3260 1269 3340 ἑμιί,
1296 3257 1327 3325 οί

178 3385 339 3472 ὑιτιιρέται
365 3381 395 3448 οἰ
422 3383 495 3459 ἐμοί
523 3381 717 3472 ιίτωνίζοντο
743 3381 783 3448 ἂν
806 3383 859 3448 ίνα
885 3381 929 3459 μιί
955 3383 1137 3472 παραδοθῶ
1159 3382 1227 3450 τοῖα
1244 3387 1328 3450 Ἰου-

179 3509 293 3574 δαίοιο·
331 3514 386 3576 νῦν
413 3508 449 3574 δὲ
477 3510 496 3574 εί
526 3507 672 3586 βασιλεία
701 3509 720 3573 ιί
747 3507 808 3585 ἑμιί
838 3507 897 3572 οὐκ
924 3509 1011 3576 ἔστιν
1036 3508 1200 3581 ἐντεῦθεν.

176 3678 323 3761 Ἔλυσε
353 3686 406 3787 τῷ
439 3677 593 3788 Πιλότιρ
626 3676 691 3760 τὸν
719 3677 849 3786 φόβον,
878 3677 939 3759 ἅτε
968 3678 1013 3780 δὴ
1044 3684 1109 3780 τῆς
1137 3687 1202 3760 τοῦ
1232 3679 1324 3758 Καί-

75 3847 111 3905 ²5
126 3839 243 3908 σαρος
276 3803 466 3898 βασιλείας
496 3801 814 3910 κεχειροτονημένῳ
844 3802 995 3910 φύλακι·
1042 3801 1131 3912 ᾤετο
1158 3802 1224 3903 μὲν
1256 3801 1362 3906 γδρί)

127 3929 229 4037 νόμιρ
254 3926 298 4027 δὴ
327 3925 470 4011 πάντως
497 3933 549 4035 τῷ
577 3928 660 4006 καθ’
681 3927 774 4026 ἡμᾶς
797 3931 1019 4026 μελετᾶσθαι
1043 3926 1144 4031 παρὰ
1161 3933 1328 4030 Χριστοῦ

126 4050 195 4152 τὴν
227 4051 413 4153 ἅνταρσιν,
442 4050 753 4155 πεφλυαρηκότων
790 4054 849 4129 καὶ
883 4059 990 4131 τοῦτο
1027 4058 1100 4130 τῶν
1133 4049 1325 4130 Ἰουδαίων.

126 4183 236 4255 τοῦτο
257 4173 328 4277 γὰρ
351 4171 395 4272 δὴ
423 4177 482 4252 καὶ
510 4174 742 4279 ῦττηνίττοντο
769 4173 936 4275 λε’γοντες
965 4183 987 4220 “
1003 4179 1048 4252 El
1070 4170 1121 4272 μὴ
1150 4170 1196 4271 ἧν
1224 4171 1327 4255 οὗτος
1372 4173 1475 4304 ῗξξίζο

127 4309 150 4348 “
170 4304 383 4391 κακοποιῶν,
402 4298 466 4376 οῦκ
489 4297 533 4376 ἅν
550 4331 612 4376 σοι
638 4296 892 4401 παρεδώκαμεν
910 4294 1048 4395 αῦτὸν,”
1069 4293 1135 4396 τὴν
1152 4295 1327 4400 ἅνταρσιν

164 4493 191 4547 6.
208 4495 352 4562 ληστηριον
366 4489 397 4546 Ε.
412 4489 463 4544 Ed.
476 4490 617 4559 μυστήριον
630 4491 658 4547 F.
671 4490 710 4547 ίσ.
723 4489 865 4560 μυστήριον
878 4489 930 4544 Ed.
942 4507 998 4560 mg.
1221 4490 1264 4546 28.
1283 4489 1327 4561 δὴ]

133 4575 158 4628 ÷
174 4565 306 4620 πόντοιο
318 4579 400 4633 συρτει
413 4561 457 4632 (ut
469 4561 548 4630 solet)
562 4561 594 4616 E.
