3294 5150
293 335 359 399 284
426 334 466 399 Β.
489 333 678 399 CYRILLI
703 331 969 396 ALEXANDR.
996 332 1279 398 FRAGMENTA
1322 334 1366 397 xi.
1381 354 1404 414 4
1419 353 1490 417 sqq.

138 431 193 498 [⁶³
205 433 244 482 M.
257 431 269 496 ]
295 504 388 614 αὐτῇ.
413 498 590 602 τηρείσθω
605 499 723 579 τοίνυν
735 499 793 576 καί
807 499 859 577 ἐπ’
876 497 973 603 αὐτῷ
985 494 1026 575 τὸ
1037 496 1174 598 πρέπον
1189 495 1247 576 διὰ
1260 493 1342 579 τοὺς
1355 493 1494 580 εἰδότας

294 619 384 724 ὑπὲρ
402 623 494 722 ἡμᾶς
512 619 577 720 τῆν
595 627 659 701 τοῦ
678 618 1008 722 δημιουργήσαντος
1026 617 1216 718 βούλησιν.

351 748 493 847 Χρῆτοι
512 740 624 846 γεμῆν
643 744 663 823 ὁ
682 739 876 825 θεσπίσας
897 746 1045 825 Παῦλος
1064 743 1225 848 εῦτεχνίᾳ
1244 739 1357 822 πόλιν
1374 742 1489 848 ἑτερᾳ·

295 868 367 973 ἕφῆ
387 865 543 971 μὲνγὰρ
562 869 637 947 κατ’
658 865 776 946 εἰκόνα
803 868 861 944 καί
884 865 1056 963 ὁμοίωσιν
1074 870 1171 945 Θεοῦ
1190 869 1409 965 πεποιῆσθαι
1428 864 1494 946 τὸν

295 990 421 1093 ἄνδρα·
458 987 607 1069 κατόπιν
625 987 664 1068 δὲ
691 993 755 1088 τῆς
782 988 891 1067 αὐτοῦ
919 991 1023 1086 τιμῆς
1048 1021 1086 1066 τε
1105 989 1164 1066 καί
1182 985 1291 1094 δόξης
1310 985 1384 1067 οἰον
1401 989 1527 1092 &fii-5

193 1154 246 1190 ver·
261 1145 283 1200 ⁷·
298 1120 387 1223 φθαι
410 1114 452 1194 τὸ
475 1117 579 1212 θῆλυ,
598 1111 851 1216 διισχυρίσατο
874 1115 1006 1216 σαφῶς
1027 1109 1172 1212 ἐπάγων
1190 1109 1232 1190 τὸ
1250 1111 1333 1218 ἑξῆς
1349 1110 1394 1190 ‘H
1413 1108 1492 1213 γυνίι

179 1259 284 1316 641.
296 1236 369 1340 γάρ
398 1243 493 1344 φησι
524 1231 608 1343 δόξα
639 1230 751 1342 ἀνδρός
782 1235 880 1315 ἐστιν·
924 1238 958 1315 οῦ
990 1231 1060 1343 γιὶρ
1088 1231 1217 1328 ἐκτίσθη
1247 1230 1322 1340 ιίνῆρ
1353 1229 1412 1314 δεδι
1438 1232 1493 1326 τῆν

196 1349 247 1384 '⁰¹'
259 1350 282 1399 ⁹'
296 1365 447 1464 γυναῖκα
464 1356 568 1440 ιἰλλδι
585 1354 663 1460 γυνῆ
683 1352 742 1438 διδ
761 1355 813 1437 τίν
830 1355 944 1466 ἄνδρα·
972 1353 1049 1437 εἰτα
1065 1356 1318 1461 περιστέλλων
1335 1356 1374 1436 εὖ
1390 1355 1494 1455 μάλα

296 1487 352 1592 ἐφ’
378 1482 429 1568 οἰς
456 1480 501 1582 ἦν
525 1479 616 1565 εἰκός
643 1487 838 1562 λυπεῖσθαι
865 1479 907 1560 τδ
936 1483 1041 1581 θῆλυ,
1060 1476 1283 1583 προσεπάγει
1311 1479 1374 1558 καί
1398 1485 1493 1586 φησι

183 1642 234 1676 ver·
246 1640 284 1676 11·
299 1606 393 1699 Πλίν
413 1604 481 1686 τότε
499 1602 577 1707 γυνῆ
597 1609 699 1712 χωρίς
717 1597 830 1710 ἀνδρίς
850 1601 920 1683 οὔτε
946 1600 1021 1712 οἰνῆρ
1045 1609 1145 1709 χωρίτ
1170 1603 1340 1703 γυναικός.
1369 1603 1492 1704 γε’γονε
1509 1641 1550 1681 ιο

296 1728 362 1827 μὲν
389 1726 461 1829 γὰρ
489 1725 784 1829 ὁμολογουμείιως
808 1724 853 1831 ἐξ
879 1723 1006 1827 ἀνδρὸς
1024 1725 1047 1824 ἡ
1065 1723 1165 1826 γννῆ,
1183 1727 1241 1804 καὶ
1263 1724 1369 1804 τοῦτό
1393 1727 1494 1804 ε’στιν

298 1851 438 1951 ἀληθές·
478 1851 620 1953 εὕρηται
644 1846 759 1951 γεμῆν
787 1854 834 1932 εἰς
862 1845 991 1951 ἀνδρὸς
1018 1847 1159 1951 γένεσιν
1185 1849 1250 1928 οῦκ
1277 1847 1490 1949 ἀσυντελῆς·

299 1979 565 2075 συνενεγκοῦσα
592 1970 630 2051 δί
658 1970 769 2077 ἄμφω
791 1969 881 2074 πρὸς
904 1969 942 2049 ἓν
960 1972 982 2071 ἡ
1002 1971 1123 2078 φύσις,
1142 1971 1318 2070 ἀλλήλων
1336 1973 1375 2051 ἐν
1391 1973 1493 2078 χρείᾳ

300 2094 551 2195 κατεστήσατο
581 2100 808 2194 οἰκονομικῶς
839 2096 1058 2198 συνείρουσα
1086 2092 1177 2198 πρδς
1204 2091 1360 2197 οἰγοίπην·
1400 2093 1493 2177 Θεὸς

300 2218 339 2300 δὲ
366 2219 520 2299 ὅτιτῶν
548 2216 645 2298 ὅλων
672 2219 772 2298 ε’στίν
800 2219 820 2298 ὁ
845 2215 1075 2320 δημιουργὸς,
1103 2221 1351 2321 προσεμπεδοῖ
1374 2219 1493 2319 λέγων
1509 2250 1548 2312 ¹⁵

182 2383 234 2418 ver.
247 2380 284 2418 ιι.
299 2341 355 2424 To}
373 2338 409 2424 δὲ
427 2341 546 2423 πόντοι
563 2343 602 2422 ἐκ
621 2343 676 2421 τοῦ
690 2343 788 2432 Θεοῦ,
800 2345 979 2445 παρῆκται
990 2337 1063 2443 γὰρ
1081 2345 1129 2423 εἰς
1146 2337 1188 2421 τό
1207 2338 1294 2422 εἰναι
1312 2340 1358 2421 τδ
1375 2342 1493 2423 πάντα

299 2464 358 2546 διδ
376 2470 551 2568 Χριστοῦ.

336 2666 360 2704 1.
378 2649 420 2703 διδ
431 2647 492 2703 τοῦς
503 2647 603 2703 εἰδότας
616 2647 653 2702 Η.
666 2648 701 2704 ὥς
712 2647 753 2702 καί
765 2647 861 2705 εἰδότες
873 2647 925 2702 Ed.
1081 2665 1106 2702 α.
1121 2646 1263 2718 βούλησιν]
1280 2647 1331 2702 Hic
1344 2647 1442 2705 desinit
1455 2649 1493 2704 H.

298 2738 326 2791 9.
346 2719 403 2774 Inc.
415 2716 568 2788 Ἐπειδῆπερ
581 2717 609 2772 εἰς
627 2722 678 2773 τῶν
688 2718 885 2790 προλεχθέντων
899 2716 969 2773 πολὺ
982 2720 1029 2772 τοῦ
1047 2716 1153 2789 ἅρῤενος
1171 2715 1241 2773 εἶπεν
1258 2717 1446 2774 ἀπολείπεσθαι
1463 2721 1494 2775 τδ

299 2791 373 2859 θῆλυ,
385 2788 426 2843 ἰνα
437 2788 472 2855 μὴ
485 2788 607 2857 δυσφορῇ
622 2789 688 2858 πρδς
698 2792 778 2843 ταῦτα
791 2787 821 2842 τδ
833 2789 909 2857 θῆλυ,
922 2787 1057 2858 θεραπεύει
1072 2788 1151 2856 αίπῆν
1162 2789 1205 2842 διὰ
1216 2791 1262 2841 τοῦ
1275 2789 1355 2843 εἰπεῖν
1366 2790 1442 2859 Πλὴν
1454 2790 1493 2846 H.

303 2877 344 2914 11.
362 2859 404 2913 καί
417 2860 494 2912 τοῦτό
510 2858 584 2913 ε’στιν
595 2857 689 2924 ἀληθίς
705 2876 759 2912 om.
773 2859 801 2914 H
814 2859 861 2930 qui
875 2859 962 2928 pergit
974 2856 1077 2927 εὕρηται
1089 2858 1118 2912 δι’
1130 2859 1173 2912 καὶ
1184 2857 1199 2926 ἡ
1211 2858 1274 2928 γυνι)
1287 2857 1302 2928 ῆ
1316 2858 1446 2930 χρήσιμος
1457 2861 1494 2918 εἰς

298 2929 392 2999 ἀνδρὸς
408 2927 519 2999 γένεσιν·
538 2927 616 2998 ῆγδρ
627 2926 711 2997 φύσις
727 2928 857 2998 ι’ίπραετον
869 2929 962 2982 λοιπδν
973 2924 1043 2983 οἶδεν
1054 2929 1084 2983 τδ
1101 2927 1135 2995 ἓν,
1149 2929 1190 2982 καί
1204 2928 1366 2998 οἰκονομικῶς
1380 2929 1407 2985 ίν
1418 2931 1494 3002 χρείᾳ

299 2996 605 3138 ιὲιγτιόυζησὶενδιίλλῆλρωρό
612 2996 775 3122 ἀμφοτέρους
789 2999 817 3054 ἐν
828 2997 910 3070 τούτῳ
924 2999 991 3070 πρὸς
1005 2998 1107 3070 ἀγάπην
1119 2999 1277 3070 συνάγουσα·
1299 3001 1364 3056 Θεὸς
1376 3000 1405 3055 δὲ
1417 3003 1433 3054 ὀ
1444 3006 1496 3058 τόν

333 3091 369 3125 αν
380 3090 453 3124 εστν
480 3089 556 3138 ημιου
606 3090 619 3124 ς
662 3107 669 3122 .
