3294 5130
312 301 377 363 456
474 299 512 363 B.
532 297 720 363 OYRILLI
742 296 1003 363 ALEXANDR.
1028 297 1198 364 FRAGM.
1227 299 1342 366 HOM.

143 501 216 554 mer.
230 503 300 554 xxiii.
311 461 527 561 πιστεύομεν
550 463 694 563 λε’γοντι
721 473 742 510 “
756 462 834 544 Τὸν
851 461 1002 566 οὐρανόν
1020 466 1079 543 καὶ
1104 463 1171 564 τὴν
1188 469 1258 565 γῆν
1282 464 1354 566 ἐγὼ
1376 471 1510 564 πληρῶ

146 581 184 631 ²4·

140 2143 192 2192 viii.
206 2142 246 2205 38.

313 595 334 632 “
353 584 451 686 λε’γει
470 585 604 687 Κύριος
618 585 653 681 ;”
681 594 753 665 ποῦ
779 586 898 667 τοίνυν
921 585 1081 692 ἔφθασεν
1099 589 1121 667 ό
1145 586 1217 671 υίὸς
1236 595 1300 666 τοῦ
1317 588 1510 688 ἀνθρώπου

311 707 378 791 ἕως
405 715 469 788 τοῦ
496 715 655 788 παλαιοῦ
681 713 755 787 τῶν
780 708 943 810 ἡμερῶν;
986 708 1076 788 κατὰ
1103 708 1170 810 τὴν
1200 707 1311 815 δόξαν
1340 708 1511 808 δηλονότι

311 827 378 928 τὴν
396 833 574 934 θεοπρεπῆ
593 832 653 909 καὶ
670 828 763 909 κατά
778 864 820 933 γε
838 828 905 929 τὴν
923 828 1171 912 κατὰπάντων
1190 829 1379 936 ὑπεροχήν·
1401 864 1511 910 συνε-

311 951 424 1053 δρεύει
450 950 523 1053 γὰρ
550 958 602 1060 τῷ
624 954 743 1053 Πατρὶ
771 954 834 1032 καί
854 954 955 1032 ε’στιν
982 951 1177 1055 όμόθρονος
1205 955 1313 1060 αὐτῷ·
1352 957 1419 1057 οὐχ
1448 951 1542 1035 ὄτε5

310 1073 420 1173 μόνον
446 1072 582 1176 γυμνός
608 1072 653 1175 ἦν
680 1076 701 1154 ό
725 1071 847 1176 Λόγος
874 1076 932 1154 καί
960 1077 1121 1178 ἄσαρκος
1146 1074 1208 1173 ἔτι,
1233 1073 1334 1155 ἀλλὰ
1360 1079 1418 1155 καὶ
1448 1073 1511 1154 ὅτε

309 1197 457 1299 γε’γονεν
488 1196 685 1300 ἅυθρουτος.
734 1196 800 1300 ὅρα
830 1195 948 1276 τοίνυν
977 1201 1036 1276 καὶ
1068 1200 1106 1277 ἐν
1134 1197 1382 1300 ἀνθρωπότητι
1410 1196 1510 1276 Θεὸν

309 1318 397 1400 ὄντα
420 1319 485 1400 τὸν
501 1319 603 1403 Υίόν·
644 1321 686 1399 οῦ
705 1317 777 1423 γὰρ
794 1315 838 1399 ἂν
857 1315 963 1418 ἔδόθη
987 1321 1084 1427 αὐτῷ
1101 1321 1125 1420 ἡ
1143 1324 1207 1419 τῆς
1230 1317 1396 1420 θεότητος
1419 1318 1511 1420 τιμὴ

309 1447 369 1522 καὶ
390 1443 414 1543 ἡ
441 1441 533 1523 κατὰ
555 1441 702 1523 πάντων
719 1443 892 1537 βασιλεία
910 1443 994 1521 ἀλλ’
1014 1443 1090 1522 οὐδ’
1109 1441 1155 1523 ἂν
1172 1442 1390 1523 ε’δοιίλευσαν
1409 1442 1511 1546 αὐτῷ

310 1568 424 1670 φυλαὶ
452 1569 512 1645 καὶ
534 1571 709 1668 γλῶσσαι
736 1569 765 1645 εί
789 1563 840 1664 μὴ
870 1564 963 1649 θεὸς
984 1567 1130 1665 ἀληθῶς
1151 1568 1211 1644 καὶ
1238 1568 1277 1645 ε’κ
1296 1569 1391 1645 θεοῦ
1414 1564 1510 1644 κατὰ
1527 1603 1567 1643 ιο

311 1689 426 1794 φύσιν
444 1690 553 1786 ἐστὶν,
571 1687 620 1773 εἷς
642 1690 701 1768 καί
726 1689 835 1787 μόνος
854 1685 904 1766 ὧν
923 1687 1011 1772 Υἱὸς
1029 1690 1087 1767 καί
1106 1688 1165 1768 ὅτε
1184 1689 1344 1794 πέφηνεν
1361 1689 1507 1790 ἅνθρω-

310 1845 388 1895 πος.
426 1811 532 1915 δέχου
555 1811 593 1891 δὲ
620 1814 679 1891 καί
701 1813 759 1891 ε’πὶ
784 1811 899 1917 τούτῳ
917 1811 1182 1917 πληροφορίαν·
1216 1811 1286 1917 ἔφη
1312 1810 1376 1908 μὲν
1394 1809 1511 1914 γὰρὸ

140 1968 185 2018 αι.
200 1969 252 2018 xlii.
266 1967 290 2019 ι.
312 1933 405 2019 Θεὸς
428 1937 488 2014 καὶ
508 1933 637 2036 Πατὴρ
662 1933 720 2014 διὰ
742 1937 807 2033 τῆς
824 1942 887 2013 τοῦ
904 1939 1095 2036 προφητοῦ
1114 1935 1237 2032 φωνης
1263 1943 1284 1981 “
1297 1932 1376 2033 Τὴν
1394 1934 1511 2040 δόξαν

141 2077 159 2125 S
176 2077 257 2127 Mm-
311 2068 333 2105 “
350 2092 420 2157 μου
439 2057 546 2165 ἑτέρῳ
564 2056 607 2135 οῦ
625 2055 765 2154 δῶσω,”
784 2053 860 2136 είτό
877 2062 994 2161 φησιν
1012 2066 1035 2102 “
1048 2052 1122 2140 Ὃς
1140 2054 1212 2158 γὰρ
1225 2053 1270 2134 ἂν
1282 2057 1510 2161 ἐπαισχυνθῇ

310 2190 332 2228 “
349 2214 395 2279 με
413 2183 471 2260 καί
489 2178 572 2264 τοῦς
590 2177 694 2278 ε’μοῦς
714 2175 855 2280 λόγους,
875 2185 1002 2259 τοῦτον
1020 2179 1078 2256 καὶ
1097 2179 1117 2256 ό
1143 2177 1216 2261 υίὸς
1233 2185 1296 2259 τοῦ
1314 2178 1510 2281 ἀνθρώπου
1528 2219 1566 2277 ¹5

308 2313 331 2350 “
347 2301 674 2406 ἐπαισχυνθήσεται
702 2300 789 2381 όταν
806 2299 898 2406 ἐ’λθη
920 2303 1022 2406 ε’ντῇ
1050 2297 1140 2406 δόξῃ
1167 2308 1231 2380 τοῦ
1252 2299 1396 2403 Πατρός
1413 2300 1509 2401 μετὰ

306 2436 328 2474 “
346 2433 419 2506 τῶν
448 2425 561 2526 ἁγίων
590 2423 792 2529 ἀγγέλων.”
830 2420 901 2526 ἄρα
931 2422 994 2503 οὖν
1018 2424 1060 2502 οῦ
1085 2423 1180 2524 με’γα
1207 2427 1266 2503 καὶ
1293 2421 1507 2522 θαυμαστὸν

307 2547 581 2651 ἐπαγγέλλεται,
599 2555 630 2628 εί
646 2549 684 2626 ε’ν
702 2547 791 2654 δόξη
810 2546 977 2646 θεότητος
991 2544 1065 2629 υίὸς
1078 2545 1279 2647 ἀνθρώπου,
1293 2548 1331 2625 ε’ν
1348 2546 1503 2648 ὑπερτά-

308 2704 385 2753 ταις
413 2671 601 2774 ὑπεροχαῖς
626 2672 646 2750 ὁ
670 2671 710 2750 ε’κ
735 2666 903 2773 γυναικός
931 2666 1023 2748 κατὰ
1041 2667 1174 2770 σάρκα,
1196 2671 1254 2747 καὶ
1279 2669 1386 2752 ίδίους
1411 2668 1508 2771 ἔχων

307 2789 390 2875 τοῦς
416 2791 593 2894 ἀγγέλους
618 2794 638 2871 ό
661 2794 700 2871 ἐν
721 2793 890 2891 ὁμοιώσει
917 2798 962 2897 τῇ
990 2788 1081 2893 πρὸς
1107 2789 1200 2890 ἡμᾶς
1227 2789 1407 2892 γεγονῶς;
1439 2791 1503 2869 οῦ·
1522 2833 1566 2874 πο

306 2910 415 3015 ρανδς
447 2913 543 3011 ὅλος,
576 2917 694 3020 ἀρχαὶ,
732 2914 906 3016 δυνάμεις,
937 2915 1109 3020 ἐξουσίαι,
1139 2911 1271 3016 θρόνοι,
1303 2911 1508 3015 κυριότητες

308 3040 571 3142 δορυφοροῦσιν
589 3036 793 3140 ἅνθραπτον·
830 3040 879 3121 ὡς
899 3040 1015 3141 Κριτῇ
1040 3041 1113 3115 τῶν
1138 3035 1235 3115 ὅλων
1253 3033 1508 3138 παρεστήκασι

308 3168 597 3259 λειτουργοῦντες
610 3162 717 3268 αὐτῷ.
747 3161 805 3240 καὶ
818 3159 954 3264 μάρτυς
969 3161 988 3238 ὁ
1002 3156 1193 3264 ποίνσοφος
1208 3163 1356 3243 Παῦλος
1374 3192 1510 3260 γεγρα·

309 3277 386 3385 φὼς
398 3281 552 3384 ἑβραίοις
559 3285 639 3384 περὶ
650 3284 759 3363 αὐτοῦ
774 3280 921 3363 “Ὅταν
932 3281 1004 3385 γὰρ
1015 3281 1194 3386 εἰσαγάγῃ
1204 3279 1268 3360 τόν
1278 3277 1509 3384 πρωτότοκον

356 3541 395 3580 12.
422 3524 520 3580 Partim
545 3528 607 3582 citat
625 3528 737 3584 Niketas
761 3529 789 3584 in
808 3529 837 3584 S.
854 3529 954 3584 Lucam
973 3529 1021 3600 (ix.
1041 3528 1090 3599 ιθ)
1108 3529 1160 3583 καί)
1178 3529 1257 3582 titulo
1274 3528 1398 3600 κυρίλλαυ
1416 3529 1508 3596 ὁμιλία

324 3595 398 3650 deut
418 3597 446 3650 in
467 3597 548 3665 Maio,
567 3598 643 3670 cujus
664 3600 692 3653 in
710 3599 801 3654 codice
819 3599 917 3655 desunt
934 3599 985 3654 hoc
1003 3599 1031 3652 in
1049 3601 1108 3654 loco
1125 3599 1188 3653 folia
1204 3595 1353 3669 pleraque}
1391 3595 1453 3651 OEto
1471 3616 1507 3652 ex

329 3665 415 3722 uobus
434 3666 570 3721 codicibus
582 3686 677 3739 nempe
690 3669 757 3723 eod.
772 3670 928 3724 Monacensi
939 3685 992 3740 473
1005 3670 1080 3739 (olim
1093 3670 1265 3738 Augustam)
1278 3667 1369 3722 bomb.
1384 3684 1437 3720 uec.
1450 3667 1507 3723 xiv.

308 3753 370 3806 pag.
383 3753 432 3791 τοι
450 3735 608 3809 [asignato]
623 3737 691 3793 eod.
706 3739 1037 3794 laurentiano-florentino
1052 3737 1102 3808 176
1116 3738 1191 3809 (olim
1205 3737 1362 3791 Monasterii
1374 3735 1508 3791 Abbatiae

309 3805 390 3930 ²5⁶⁴)
403 3806 517 3861 membr.
530 3823 582 3861 ιοο.
595 3807 641 3862 xii.
653 3809 700 3863 fol.
716 3821 765 3880 159
779 3827 804 3864 v.
819 3808 849 3880 [x
862 3807 991 3880 signato}
1029 3809 1127 3879 Incipit
1142 3807 1178 3862 Σὺ
1191 3806 1220 3861 δὲ
1232 3807 1311 3878 δέχου
1321 3804 1508 3876 πληροφορίαν

307 3877 347 3930 ὅτι
357 3899 369 3930 ε
381 3899 393 3933 ς
405 3876 446 3930 καί
455 3879 533 3947 μόνος
545 3876 617 3932 ε’στίν
629 3881 643 3933 δ
656 3879 710 3935 υίὸς
721 3879 762 3933 καί
775 3877 819 3932 ὅτε
827 3879 934 3950 γε’γονιν
945 3879 1087 3947 ἅνθρωπος.
1110 3878 1162 3951 ἔφη
1175 3887 1295 3949 uterque.
1322 3878 1508 3946 πληροφορίαν

306 3946 378 4034 ‘didi
394 3965 410 4002 ε
428 3946 547 4034 Οαίερίς.
563 3950 688 4019 πληροφο
705 3951 743 4005 ίιις
757 3948 844 4003 Chon.
898 3949 947 4017 μὲν
958 3958 1128 4089 αεοααιηιααι
1145 3946 1290 4002 centenis.
1399 3963 1440 4036 ¹:3¹
1458 3950 1507 4014 τῆς

307 4014 515 4143 κεῖαν]
529 4019 692 4155 κῖκυς,
704 4028 763 4146 ιι,
775 4088 851 4158 π,
861 4015 1438 4167 ,ακιῑιιςόππ
1448 4033 1507 4142 εκ

309 4157 379 4212 cm.
478 4172 519 4230 17.
537 4155 577 4228 ἄρ’
590 4158 661 4214 Cart.
709 4159 740 4213 οὐ
752 4177 806 4214 om.
818 4176 870 4214 αι.
998 4159 1038 4212 18.
1058 4159 1081 4212 εί
1093 4176 1147 4212 om.
1161 4175 1223 4224 ους,
1236 4165 1406 4227 suprascnpt.
1420 4173 1507 4210 manu

308 4237 339 4281 ut
350 4227 404 4282 vid.
417 4227 476 4283 ead.
488 4229 516 4282 in
529 4227 597 4282 Cod.
737 4245 777 4300 19.
797 4230 838 4282 καί
851 4229 929 4285 ίδίους
941 4226 1020 4299 ίχοιν]
1035 4228 1115 4284 ίδίους
1126 4230 1181 4300 ἔχει
1190 4245 1251 4290 a.x.,
1265 4227 1306 4280 καί
1318 4225 1397 4283 ίδίους
1409 4227 1464 4297 ἴχει
1477 4225 1506 4280 b.

309 4313 353 4366 23.
376 4296 458 4388 αῦπηῦ]
484 4298 575 4368 Pergit
595 4298 697 4352 diverse
716 4298 784 4362 cat„
804 4295 844 4368 ἆρ’
864 4300 910 4352 οῦκ
931 4299 1025 4355 ε’ννοεῖς
1047 4299 1164 4353 ε’ντεῦθεν
1181 4298 1221 4352 δτι
1240 4299 1281 4351 καί
1302 4297 1330 4351 ίν
1348 4293 1506 4368 προσλήψει

308 4369 404 4435 σαρκὸς
419 4388 461 4420 και
477 4366 583 4436 αἵματος
603 4370 716 4438 γεγονὼς
735 4371 750 4421 ὁ
769 4370 838 4432 rias,
857 4368 931 4424 οῦδὲν
949 4367 1025 4436 λιτόν
1044 4368 1102 4424 ε’στι
1124 4371 1205 4432 Θεός;
1231 4367 1272 4420 καί
1290 4369 1365 4420 τοῦτο
1382 4366 1509 4438 ὑπάρχω

307 4435 502 4506 ἐπιγινώσκεται
515 4439 585 4506 παρὰ
602 4441 648 4506 τῆς
659 4436 802 4508 α’μιτρίγτου
821 4437 936 4507 πληθύος
953 4443 1005 4494 τῶν
1023 4437 1074 4494 ἄνα
1092 4440 1241 4508 πνευμάτων
1261 4435 1415 4510 [naemu
1426 4437 1507 4509 ?x.];

308 4521 422 4576 quorum
434 4507 523 4562 locum
537 4507 657 4562 nesciens
668 4507 712 4562 hic
723 4507 844 4563 exhibeo.
