3268 5130
119 354 140 419 i.
153 375 185 442 3,
196 375 227 438 4.
371 357 424 423 IN
450 357 712 424 EPISTOLAM
738 358 802 423 AD
829 357 1063 425 ROMANOS.
1251 365 1313 428 175
1352 448 1461 516 [mu]

657 579 773 667 σάρκα.

174 754 285 830 TON
317 749 431 853 γεμὴν
457 751 496 830 ἐκ
526 755 723 857 σπέρματος
753 747 885 832 Δαυεὶδ
911 751 1097 854 γεγονότα,
1127 753 1223 835 κατάι
1249 754 1315 856 τὴν

117 872 235 982 σάρκα
262 876 415 976 ὡρίσθαι
443 878 558 979 φησὶν
583 881 631 960 είς
653 873 727 954 υἱὸν
746 878 830 956 Θεοῦ
855 877 884 956 ἐν
906 871 1041 979 ἀυνοίμει
1064 877 1161 959 nara
1178 883 1315 987 πνεῦμα

117 997 302 1098 ἁγιωσύνης
339 998 375 1105 ἐξ
412 997 633 1083 ἀναστάσεως
668 997 788 1105 νεκρυῖν.
835 1001 1020 1101 ὡρίσμεθα
1051 1001 1116 1099 μὲν
1151 1003 1223 1106 γάρ
1256 1008 1313 1083 καὶ

83 1121 215 1219 5ήμεῖς
247 1127 296 1205 εῖς
328 1120 431 1218 υῖυῦς,
460 1124 544 1201 ἀλλ’
575 1122 638 1201 οῦκ
670 1123 700 1202 ἒν
729 1117 866 1224 δυνάμει
895 1129 1051 1223 μᾶλλον,
1082 1128 1167 1204 ἀλλ’
1199 1129 1247 1211 ὡς
1277 1131 1314 1208 ἐν

117 1243 261 1349 χάριτος
297 1247 415 1353 μοίρᾳ,
445 1250 509 1343 τῆς
547 1243 710 1346 κλήσεως
740 1245 940 1352 ἀξιούμενοι
976 1251 1035 1326 καὶ
1072 1251 1121 1332 ὡς
1152 1252 1189 1328 ἐν
1222 1250 1313 1356 μόνῃ

117 1365 263 1467 θελήσει
290 1377 355 1448 τοῦ
373 1373 469 1449 θεοῦ
493 1371 551 1449 καῖ
572 1367 718 1472 Πατρός
740 1368 782 1448 τῦ
803 1373 925 1473 χρῆμα
944 1372 1195 1472 κερδαίνοντες·
1236 1376 1318 1455 ὁδί

115 1524 159 1592 γε
175 1491 409 1592 Ἐμμανουήλ
437 1492 500 1572 οῦκ
528 1491 572 1571 ἂν
600 1489 666 1572 ὧδε
692 1493 778 1598 ἔχοι·
821 1502 965 1574 πολλοῦ
983 1529 1025 1596 γε
1044 1497 1103 1574 καὶ
1121 1501 1184 1577 δεῖ·
1226 1500 1310 1578 ἀλλ’

115 1620 145 1694 εῖ
164 1619 223 1695 καὶ
243 1617 390 1716 γε’γονεν
408 1619 447 1696 ἐκ
466 1613 661 1722 σπέρματος
682 1624 747 1695 τοῦ
767 1612 900 1697 Δαυείδ
920 1617 1015 1698 κατδ
1037 1618 1163 1726 σάρκα,
1184 1625 1243 1700 καὶ
1264 1625 1313 1706 ὡς

61 1737 164 1825 νοεῖς
195 1739 240 1846 ἐξ
266 1739 367 1839 ἡμῶν
399 1745 447 1824 εῖς
480 1737 555 1820 υῖὸν
584 1738 761 1842 λογίζεται
790 1743 876 1821 Θεοῦ
908 1740 966 1821 διά
996 1742 1038 1823 τὸ
1071 1743 1309 1845 ἀνθρώπινον,

114 1864 201 1940 ἀλλ’
230 1863 293 1942 οῦν
324 1864 353 1944 ἐν
386 1859 520 1970 δυνάμει
553 1867 611 1944 καὶ
640 1866 791 1973 ἀληθείᾳ
826 1865 918 1945 κατὰ
955 1866 1068 1972 φύσιν
1101 1867 1187 1951 Υἱός
1222 1870 1312 1967 ε’στι,

115 1985 159 2065 δι’
179 1987 221 2066 οῦ
246 1989 304 2066 καὶ
326 1989 425 2086 ἡμεῖς
449 1987 708 2086 υἱοποιοόμεθα·
743 1989 841 2092 εἴπερ
859 1991 959 2069 ε’στῖν
977 1990 1107 2106 ἀληθὲς
1127 1997 1245 2092 εἰπεῖν,
1264 1996 1312 2076 ὡς

114 2109 158 2189 τὸ
194 2112 302 2190 αι’ποῦ
332 2117 480 2210 Πνεῦμα
512 2111 799 2212 πεπλουτηκότες
829 2112 887 2192 διὰ
919 2119 983 2192 τοῦ
1012 2115 1115 2216 ἁγίου
1146 2117 1308 2210 βαπτίσ-

114 2315 217 2388 φῦσεις,
234 2318 427 2387 μεματαίωνται,
445 2318 522 2391 φησὶ,
544 2320 623 2374 κενοῖς
642 2317 860 2389 ἀκολουθησάντες
878 2324 1016 2394 λογισμοῖς
1034 2323 1075 2378 καῖ
1093 2321 1222 2379 πολῦθεον
1234 2326 1262 2380 ἐν
1275 2331 1312 2402 τῷ

113 2399 165 2473 βίῳ
185 2397 377 2472 διακηρόξαντες
397 2400 533 2470 πλάνησιν,
555 2395 602 2455 καὶ
623 2399 673 2471 τὴν
693 2401 740 2456 τοῦ
762 2402 830 2457 Θεοῦ
852 2399 933 2470 δόξαν
952 2402 1148 2461 άσυνετωτάτως
1165 2408 1309 2472 μεταλλάτ-

113 2501 201 2537 rome
217 2481 246 2534 ίν
267 2479 418 2555 ὁμοιώματι
436 2478 539 2543 εἰκόνος
562 2479 683 2554 ᾡθαρτοῦ
702 2480 841 2556 δνθρόπου
860 2479 907 2539 καὶ
924 2487 1052 2540 πετεινῶν
1072 2481 1119 2540 καὶ
1138 2485 1310 2558 τετραπόδων

114 2557 162 2617 καὶ
174 2562 300 2634 ἑρπετόν.
322 2561 402 2616 καίτοι
415 2562 466 2634 γάρ
479 2564 524 2632 τῆς
532 2561 652 2617 ἀνωτάτω
660 2561 767 2634 φάσεως
780 2567 838 2618 οὔτε
848 2567 924 2640 ποσῷ
932 2565 1102 2636 μετρουμένης
1111 2564 1309 2638 παραιτοῦμενός

116 2642 328 2714 [παραιτουμένης
336 2641 361 2715 ί]
384 2665 412 2696 τε
426 2643 467 2697 καὶ
480 2645 568 2714 σχῆμα
582 2644 622 2698 καί
643 2639 718 2709 εἶδος,
733 2645 779 2698 οὐκ
796 2644 922 2721 ἀνθρώπῳ
935 2649 1012 2715 μόνον
1024 2646 1102 2716 αῦιην
1114 2649 1310 2719 παρεικάζουσιν

112 2723 173 2777 ἀλλ’
186 2724 222 2780 είς
242 2727 318 2778 τοῦτο
338 2724 499 2779 κατόλισθυν
512 2725 611 2780 εἰκαίαν
623 2724 724 2780 ἐννοιῶν
737 2727 771 2783 ὧς
784 2727 825 2780 καί
837 2730 961 2784 πετεινοῖς
979 2728 1020 2782 καί
1037 2729 1178 2801 τετραπόσι
1197 2730 1238 2784 καί
1255 2733 1310 2788 τοῖς

113 2805 228 2870 ίοβόλοις
241 2805 383 2876 ἐξομοιοῦν.

154 2882 192 2941 In
212 2903 271 2942 ver.
288 2903 325 2956 24
341 2903 403 2961 sqq.
425 2905 441 2943 e
461 2884 511 2944 fol.
534 2901 581 2956 42.
615 2885 654 2942 Δι’
679 2885 710 2957 ἣν
732 2888 923 2960 παραδεδόσθω
947 2890 1030 2961 φησίν
1054 2889 1152 2953 αῦτοῦς
1175 2887 1216 2945 οίά
1239 2913 1309 2948 τισιν

112 2967 216 3038 ε’χθροῖς
235 2966 297 3029 ταῖς
316 2970 360 3037 τῆς
380 2969 476 3039 σαρκός
495 2968 646 3040 ἀκαθάρτοις
663 2966 808 3044 ἐπιθυμίας
822 2965 897 3047 (sie).
926 2972 1015 3042 ὥσπερ
1028 2971 1079 3044 γάρ
1093 2974 1117 3026 οῖ
1130 2975 1266 3030 νοσοῦντες
1279 2976 1309 3028 τό

112 3048 190 3118 ὄμμα,
205 3048 251 3118 τὴν
264 3049 312 3118 μίν
325 3047 428 3118 ἡλιακὴν
441 3049 527 3104 ἀκτῖνα
540 3048 678 3123 φεύγουσι,
693 3051 724 3105 τό
737 3051 765 3105 δά
787 3054 879 3108 σκότος
898 3052 1106 3122 μεταδιώκουσιν,
1120 3051 1200 3109 οὕτως
1220 3056 1244 3108 οῖ
1264 3057 1309 3124 τῆς

112 3131 209 3185 ίαυτῶν
226 3127 335 3187 διανοίας
354 3130 400 3200 τόν
412 3130 538 3202 ὀρθότητα
554 3131 746 3202 διαφθείροντες
761 3136 842 3208 νοητῷ
861 3133 891 3201 δὴ
908 3136 1007 3190 πάντας
1019 3134 1202 3206 περιπίπτουσι
1216 3140 1309 3193 σκότος

113 3207 179 3288 (εἰσ)
199 3211 240 3265 καί
259 3211 325 3284 πρός
345 3211 454 3268 ἀτόπους
476 3210 632 3281 ἐμπίπτουσι
650 3212 763 3285 πράξεις,
784 3217 839 3270 ταῖς
861 3213 985 3287 ε’μφάτοις
1004 3214 1104 3284 ἡδοναῖς
1123 3219 1170 3272 τοῦ
1190 3218 1310 3286 σώματος

111 3290 282 3364 ἀγρευόμενα,
303 3293 353 3364 οῦχ
374 3292 414 3347 ότι
432 3293 504 3348 ε’στῖν
524 3292 583 3362 ἡμῖν
602 3294 632 3348 τό
649 3295 724 3348 κακόν
743 3295 867 3352 οὗσιιῦδίς
886 3313 913 3349 τε
934 3297 975 3350 καί
994 3296 1173 3366 ἀνυπόστατον,
1188 3296 1248 3352 ἀλλ’
1269 3298 1309 3353 ότι

112 3375 143 3428 τό
163 3375 208 3443 τῆς
228 3375 322 3445 σαρκός
343 3373 441 3444 θίλημα
461 3375 502 3429 καί
520 3379 571 3428 τῶν
590 3372 712 3445 ε’μφῦτων
732 3374 856 3445 ἡδονῶνίη
875 3377 972 3446 κίνησις
995 3375 1036 3432 άεί
1057 3400 1111 3435 πως
1131 3381 1178 3450 δρᾷ
1195 3381 1260 3451 πρὸς
1277 3381 1308 3434 τό

111 3454 268 3525 πλημμελές.
290 3455 330 3510 καί
343 3457 366 3511 εί
383 3455 430 3524 μάν
446 3457 523 3523 σόζει
536 3459 551 3510 ό
565 3456 637 3526 Θεδς,
651 3455 778 3528 άπρακτος
798 3456 813 3525 ἡ
831 3459 948 3529 άμαρτία,
962 3458 986 3512 εί
1004 3459 1032 3512 δῖ
1051 3460 1176 3528 συστείλη
1194 3461 1240 3529 τὴν
1253 3461 1308 3516 ε’πι·

112 3537 222 3606 κουρίαν,
245 3539 393 3609 κατακρατιῖ
414 3537 447 3591 τδ
466 3537 534 3606 πάθη
559 3533 599 3592 οἶά
623 3559 678 3592 τινα
702 3538 865 3608 αι’χμάλωτυν
887 3540 989 3595 ἑλόντες
1012 3540 1056 3594 τόν
1080 3545 1138 3595 νοῦν
1159 3543 1213 3597 τοῖς
1236 3541 1309 3599 ῖδίοις

112 3617 315 3672 καταδαυλοῦντα
341 3618 491 3688 θελὴμασιν.
512 3616 553 3674 καῖ
575 3620 652 3672 τοῦτό
679 3619 736 3672 ε’στι
763 3621 793 3673 τό
820 3620 1007 3692 παραδεδόσθαι
1031 3621 1066 3678 είς
1090 3621 1247 3692 ἀκαθαρσίας
1268 3623 1309 3678 καί

111 3694 187 3770 πάθη
204 3694 315 3773 ἀτιμίας
336 3700 377 3754 καί
397 3697 528 3775 ἀδόκιμον
548 3699 616 3768 νοῦνῇ
631 3701 662 3755 οῦ
675 3703 751 3754 τοῦτο
764 3701 885 3758 θίλοντος
897 3704 943 3756 τοῦ
957 3706 1024 3756 Θεοῦ
1037 3702 1146 3775 ἀφιέντα
1166 3699 1233 3778 (sic)
1248 3704 1309 3760 τοῦς

111 3779 261 3850 ἀνθρώπους
273 3779 382 3837 ἀνοσίως
395 3781 510 3846 διαβιοῦν
521 3780 667 3852 ᾑρημένους.
692 3782 715 3835 εῖ
732 3782 782 3854 γάρ
795 3786 871 3837 τοῦτο
884 3783 975 3852 ἤθελεν
988 3785 1003 3836 ό
1018 3785 1089 3854 θεός,
1103 3784 1150 3839 οῦκ
1163 3785 1194 3838 δν
1206 3786 1309 3856 ἔχαιρεν

111 3859 155 3916 ε’πῖ
174 3863 228 3917 τοῖς
247 3864 402 3930 μετανοοῦσι
420 3864 459 3916 καί
478 3863 705 3934 μεταστρέφουσιν
718 3862 769 3919 άπδ
786 3863 871 3920 κακίας
884 3864 920 3920 είς
933 3863 1030 3936 ἀρετήν’
1051 3863 1245 3934 άμεταμιλὴτιυς
1257 3866 1308 3937 γάρ

111 3941 153 3996 ἀεί
165 3942 223 3996 ε’στι
235 3944 333 4015 χαίρων
346 3943 389 3998 ε’πῖ
402 3945 497 4012 καλοῖς,
511 3945 542 3999 οῦ
554 3945 617 3999 ποτά
631 3944 678 4014 μὲν
690 3947 777 4001 καλοῖς
789 3945 884 3999 ἄλλοτε
899 3945 927 4000 δά
940 3949 1032 4002 κακοῖς.
1375 3945 1378 3952 ’

153 4129 231 4182 ο-ρ.
247 4113 306 4183 ιηό,
326 4131 352 4179 4.
380 4112 454 4167 Haec
479 4113 557 4168 nobis
581 4123 720 4169 conservat
749 4113 777 4168 S.
800 4113 968 4184 Nicephorus
995 4115 1308 4185 Constantinopolitanua

111 4181 337 4265 Archiepiscopus
355 4183 382 4236 in
401 4182 580 4239 Antirrhetico
598 4183 724 4240 adversus
744 4183 950 4239 Constantinum
969 4184 1170 4256 copronymum
1190 4185 1307 4255 Impera·

110 4262 197 4344 ίρτοιη
209 4254 246 4307 nii.
259 4269 304 4324 30,
316 4253 349 4342 ἰιιΙ
358 4254 423 4346 Μηίἰ
436 4253 506 4308 Bibl.
521 4254 592 4345 qu.
602 4273 627 4310 v.
640 4273 683 4324 9⁴·
708 4254 793 4344 'Dicif
805 4265 913 4344 κααοιιης
926 4256 968 4309 ille
980 4255 1030 4309 ὧδε
1041 4257 1075 4326 γά
1104 4257 1173 4338 φησι
1185 4256 1232 4325 τὴν
1242 4256 1308 4338 πρὸς

110 4324 1308 4468 ‘atffi⁶5ztssffl‘ffiff„fflff‘zss‘ffa‘fflzzaEssssfssssayffiisszfffl

111 4468 158 4536 τῆς
171 4465 340 4521 ἀναστάσεως
355 4467 399 4535 τῆς
412 4466 440 4520 ἐκ
451 4471 555 4536 νεκρῶν·
574 4466 684 4538 ὁρίζεται
696 4467 725 4520 δὲ
739 4466 775 4521 είς
786 4467 841 4521 υίδν
854 4466 895 4520 καὶ
907 4467 969 4520 κατά
981 4467 1011 4520 τό
1023 4465 1190 4534 ἀνθρώπινον·
1209 4468 1308 4522 ἔστιδὲ

110 4537 154 4591 καὶ
166 4536 230 4590 κατά
242 4535 326 4606 φῦσιν
337 4536 390 4592 υίδς
402 4535 471 4599 θεοῦ,
484 4537 525 4590 καί
539 4536 567 4590 ίν
579 4537 682 4604 δυνάμει
698 4536 903 4626 μαρτυρούμενος
920 4537 983 4591 κατά
1001 4540 1099 4607 πνεῦμα
1117 4536 1262 4608 ἁγιωσύνης
1278 4537 1308 4606 ἐξ

110 4607 279 4663 ἀναστάσεως
291 4611 394 4676 νεκρῶν,
403 4607 537 4661 τουτέστιν
548 4607 599 4662 ἀπό
608 4629 637 4678 γε
648 4610 694 4662 τοῦ
706 4607 831 4663 δυνασθαι
843 4609 977 4678 κατοργεῖν
986 4611 1032 4662 τοῦ
1044 4606 1153 4663 θανάτου
1164 4611 1194 4664 τό
1206 4609 1307 4678 κρότος.
