3284 5130
126 373 182 417 xx.
198 368 318 438 24,25.
364 351 422 436 IN
447 353 481 417 S.
503 351 759 418 JOANNEM.
796 351 893 416 ΙιΙΒ.
910 349 990 417 XII.
1029 350 1180 416 CARI.
1268 351 1329 414 141

127 515 319 616 μασμένον
347 521 395 600 είς
427 517 563 614 πίστιν,
593 515 617 617 ἢ
650 514 895 597 διακωλύουσί
921 551 1019 602 τινας
1053 519 1111 597 καὶ
1144 521 1208 616 τῆς
1237 515 1333 599 θείας

127 640 279 744 χάριτος
296 641 518 748 ἐξείργουσιν
534 638 586 720 ε”τι
610 643 711 721 οὔπω
735 641 822 726 τέως
845 638 1040 744 γεγονότας
1063 641 1196 748 ἀξίους·
1225 637 1249 741 ἢ
1275 641 1333 718 καὶ

129 769 215 847 καθ’
238 768 357 871 ἕτερον
373 765 509 872 τρόπον
526 770 662 874 ἀφιᾶσί
685 802 725 848 τε
752 771 810 848 καὶ
839 773 1034 873 κρατοῦσιν
1052 769 1237 871 ἁμαρτίας,
1255 768 1331 848 ε’πι·

129 899 305 989 τιμῶντες
340 890 406 991 μὲν
439 890 687 996 ἁμαρτάνουσι
719 900 793 974 τοῖς
829 897 893 992 τῆς
924 893 1149 991 Ἐκκλησίαν
1184 892 1331 990 τέκνοις,

99 1023 350 1114 εμετανοοῦσι
369 1014 406 1096 δὲ
427 1014 751 1120 συγγινόσκοντες,
769 1013 931 1120 καθάπερ
956 1015 1081 1116 ἀμέλει
1106 1018 1164 1096 καὶ
1185 1021 1333 1100 Παῦλος

131 1137 196 1219 τὸν
224 1141 264 1218 έν
288 1140 453 1245 Κορίνθῳ
481 1139 732 1244 πορνεύσαντα
758 1142 948 1243 παρεδίδου
975 1137 1043 1239 μέν
1067 1149 1089 1186 “
1106 1145 1155 1223 εἰς
1182 1137 1333 1241 ὄλεθρον
1380 1159 1395 1277 ἒ

132 1273 155 1310 “
170 1267 238 1362 τῆς
257 1263 406 1368 σαρκός,
425 1264 483 1342 ’ίνα
501 1263 543 1344 τὸ
560 1273 700 1363 πνεῦμα
718 1265 858 1370 σωθῇ,”
888 1265 1060 1366 προσίετο
1085 1261 1123 1341 δὲ
1146 1263 1256 1359 αὖθις,
1274 1262 1333 1341 ἵνα

133 1383 183 1485 μὴ
203 1397 225 1434 “
239 1394 283 1492 τῇ
308 1387 552 1495 περισσοτέρᾳ
580 1385 679 1494 λύπη
707 1389 925 1492 καταποθῇ,”
945 1384 1105 1488 καθάπερ
1129 1384 1236 1468 αὐτὸς
1257 1387 1332 1466 ε’πι-
1379 1395 1495 1526 ἓῦνοῑῑ·

134 1510 304 1590 στέλλων
322 1511 429 1619 φησί.
466 1512 524 1592 ὅτε
552 1511 671 1592 τοίνυν
695 1511 738 1591 τὸ
763 1517 911 1610 Πνεῦμα
928 1517 1092 1613 Χριστοῦ
1119 1506 1268 1612 γεγονὸς
1295 1497 1503 1590 e'va1i02A.

90 1667 124 1710 ιο
136 1635 220 1732 ἡμῖν
237 1633 283 1714 τά
303 1633 401 1743 μόνῳ
421 1641 504 1744 Θεῷ
526 1636 710 1738 πρέποντα
734 1642 879 1739 πληροῖ,
898 1642 975 1719 πῶς
1003 1635 1066 1714 οὐκ
1092 1633 1137 1714 ἀν
1161 1634 1213 1735 ε’ίη
1242 1630 1334 1714 κατά

137 1755 251 1863 φύσιν
269 1758 373 1856 θεὸς,
391 1758 433 1839 τὸ
456 1764 520 1859 τῆς
543 1758 639 1842 θείας
665 1757 810 1864 φύσεως
829 1756 999 1862 λαμπρὸν
1017 1757 1159 1866 ἀξίωμα
1181 1758 1332 1862 περικεί-

136 1916 244 1981 μενον
260 1889 434 1988 φυσικῶς,
453 1916 512 1963 και
529 1917 603 1963 των
622 1917 724 1985 ιερων
741 1881 1020 1990 κατεξουσιάζον
1038 1882 1180 1982 νόμους

1403 1147 1460 1199 Gor.
1469 1165 1494 1200 τ.

136 2157 260 2237 Θωμᾶο
291 2157 327 2224 δὲ
354 2152 402 2224 εἷο
432 2158 470 2224 ὲκ
501 2157 568 2226 τῶν
597 2156 739 2242 δώδεκα,
772 2161 790 2226 ὁ
823 2161 997 2238 λετόμενοο
1027 2159 1171 2242 δίδυμοι,
1202 2160 1260 2226 οὐκ
1292 2155 1385 2243 ιῖντ4

185 2283 252 2362 μετ’
284 2285 392 2351 αὐτῶν
421 2286 477 2351 ὅτε
503 2281 602 2352 ἦλθεν
629 2286 810 2353 ὁἸιισοῦι.
845 2287 958 2362 ἔλετον
983 2283 1040 2353 οὖν
1067 2288 1157 2372 αὐτῷ
1179 2283 1210 2352 οἰ
1236 2286 1332 2351 ἄλλοι
1349 2310 1386 2372 ²5

90 2435 125 2496 15
186 2409 331 2488 μαθιιταί
356 2409 575 2500 Ἕωράκαμεν
605 2412 664 2478 τδν
700 2410 827 2502 Κύριον.
870 2414 888 2479 ὁ
916 2411 954 2478 δὲ
989 2406 1081 2479 εἶπεν
1112 2408 1222 2480 αὐτοῖο
1248 2410 1367 2490 Ἐἁνὴ

186 2535 232 2613 μή
261 2531 323 2600 ἴδω
345 2535 381 2601 ἒν
402 2532 475 2603 ταῖς
499 2537 606 2627 χερσίν
631 2538 729 2632 αὐτοῦ
750 2537 807 2605 τὸν
831 2538 933 2605 τύπον
958 2538 1023 2604 τῶν
1046 2540 1136 2603 ἥλων
1162 2537 1215 2602 καί
1240 2538 1331 2617 βάλω

187 2661 246 2731 τόν
273 2660 435 2730 δάκτυλόν
463 2685 525 2740 μου
556 2660 602 2728 εἰο
633 2663 689 2731 τὸν
717 2664 819 2729 τύπον
850 2663 917 2730 τῶν
945 2665 1038 2730 ιἰλων
1067 2662 1121 2727 καὶ
1152 2663 1244 2743 βάλω
1269 2661 1331 2730 τιίν

188 2783 279 2878 χεῖρά
306 2811 368 2866 μου
396 2785 443 2854 εἰς
470 2787 530 2856 τῶν
557 2790 701 2879 πλευρὰν
729 2789 839 2870 αὐτοῦ,
866 2789 903 2854 οὐ
931 2788 974 2866 μή
1003 2788 1178 2854 πιστεύσω.

192 2959 252 3040 Τά
278 2961 458 3067 ιῖπερφερῆ
486 2966 557 3040 τῶν
581 2957 772 3059 θαυμάτων
798 2958 855 3040 ἀεί
878 2995 955 3043 πως
985 2959 1057 3065 ἔχει
1086 2958 1335 3063 παρεπομένην

88 3117 126 3160 20
138 3083 203 3184 τὴν
221 3086 404 3184 ἀπιστίαν,
423 3086 481 3164 καὶ
499 3083 587 3188 ὅπερ
614 3081 660 3163 ἀν
686 3090 759 3163 τῶν
777 3082 965 3188 δρωμένων
982 3080 1046 3162 τόν
1069 3089 1133 3162 τοῦ
1160 3081 1335 3182 καθήκον-

138 3241 198 3291 τος
227 3207 422 3313 ὑπερτρέχῃ
441 3205 554 3311 λόγον
572 3208 613 3287 οὐ
635 3209 720 3287 λίαν
738 3210 816 3287 ε’στὶ
835 3214 908 3291 τοῖς
927 3205 1161 3310 ἀκροωμένοις
1181 3202 1367 3309 εὖπρόσ-ο

138 3335 274 3410 δεκτον·
321 3335 482 3411 δυσωπεῖ
506 3330 549 3411 δέ
574 3366 616 3434 γε
644 3329 750 3429 μόλις
775 3331 796 3431 ἡ
826 3331 890 3411 θέα
910 3329 1000 3432 πρὸς
1026 3337 1142 3427 τοῦτο,
1175 3326 1335 3429 καθάπερ
1425 3409 1431 3422 ,

139 3454 184 3561 ἐξ
208 3453 366 3556 ἀνάγκης
390 3457 449 3534 καὶ
472 3457 554 3550 βίας
575 3455 737 3535 ἕλκουσα
754 3453 845 3558 πρὸς
863 3455 1081 3535 συναίνεσιν.
1112 3449 1274 3532 τοιοῦτόν
1300 3486 1335 3532 τι

137 3577 325 3661 πεπονθὼς
354 3582 414 3659 καὶ
443 3581 463 3658 ὁ
490 3579 707 3686 σοφώτατος
734 3583 880 3678 Θωμᾶς,
908 3580 964 3658 ε’πὶ
998 3583 1043 3682 τῇ
1075 3585 1139 3656 τοῦ
1170 3581 1337 3681 Σωτῆρος

86 3737 124 3798 25
139 3701 240 3803 ἡμῶν
258 3702 455 3784 ἀναστάσει
478 3703 544 3804 τὴν
561 3709 634 3784 τῶν
653 3703 782 3807 ἑτέρων
799 3708 970 3803 μαθητῶν
992 3703 1112 3804 ἀληθῆ
1139 3700 1337 3804 μαρτυρίαν

137 3826 289 3931 εὐχερῶς
317 3829 359 3906 οὐ
385 3828 583 3931 προσίεται,
609 3827 721 3907 καίτοι
748 3834 812 3907 τοῦ
840 3825 931 3906 κατά
950 3824 1114 3904 Μωυσέα
1141 3822 1337 3908 διειπόντος

137 3948 263 4048 νόμον,
284 3949 347 4030 δύο
369 3955 427 4031 καὶ
451 3958 559 4055 τριῶν
578 3953 634 4032 ἐπὶ
659 3949 840 4050 στόματος
867 3949 1057 4053 μαρτύρων
1075 3945 1173 4029 ἅπαν
1194 3980 1245 4026 στ
1304 3943 1334 4006 '·
1382 3950 1472 4084 &ut-5

138 4107 242 4153 σεται
268 4075 376 4177 ῥῆμα.
414 4079 511 4155 δοκεῖ
535 4075 577 4155 δέ
599 4109 661 4173 μοι
690 4082 836 4176 μᾶλλον
861 4074 901 4151 οὐ
930 4079 1106 4152 τοσοῦτον
1133 4072 1371 4168 ἀπιστῆσαιδ
1473 4054 1481 4070 ’

138 4201 213 4280 τοῖς
245 4197 435 4299 εἰρημένοις
464 4200 484 4277 ὁ
513 4195 686 4299 μαθητὴς,
719 4197 809 4277 ὅσον
838 4199 902 4296 τῆς
931 4193 1050 4296 λύπης
1081 4191 1213 4273 ἐλάσαι
1246 4191 1338 4296 πρὸς

178 4459 203 4498 ι.
222 4439 277 4515 καί]
296 4451 320 4506 4
337 4444 379 4498 διὸ
392 4444 455 4514 (sic)
467 4462 494 4515 p.
584 4443 610 4498 6.
630 4443 694 4500 Non
705 4442 809 4500 addunt
844 4442 969 4510 ’σατανᾷ
981 4437 1104 4528 p3Cord.
1187 4456 1214 4511 9.
1250 4440 1339 4512 εγονόι

139 4511 174 4569 Ε.
188 4513 291 4582 Μὶηῃιε.
302 4513 408 4587 γέγονεν
420 4533 447 4587 p.
459 4515 572 4586 γεγονὸς
583 4515 655 4571 Aub.
774 4531 814 4569 12.
865 4513 889 4567 ic
902 4511 958 4567 dee.
970 4531 1079 4582 χρησιις
1090 4507 1142 4565 τῶν
1153 4511 1217 4565 κατὰ
1230 4461 1336 4566 ῶοάννου

138 4584 208 4657 inp.
220 4585 267 4640 fol.
281 4584 340 4642 106.
450 4583 491 4641 16.
510 4584 574 4657 τῶν]
587 4587 632 4642 τὸν
645 4585 677 4642 Ε.
