3280 5142
301 297 346 360 44
598 295 638 361 B.
661 294 875 362 CYRILLI
904 295 1197 362 ALEXANDR.
1285 297 1373 362 xviii.
1385 311 1507 378 24-27.

295 456 414 540 ''Avva
439 462 522 568 πρὶς
542 459 722 570 Καϊάφιιι·
753 461 1071 567 διερωτώμενονδέ
1096 465 1254 544 δείκνυσι
1278 463 1342 544 τὸν
1362 462 1507 564 Πέτρον

135 597 258 656 1081Α·
273 582 403 689 ῦπαρά
421 618 460 665 τε
477 589 551 667 τῶν
568 584 924 689 συνθερμαινομένων
942 593 1097 686 οἰκετῶν,
1116 591 1174 668 καὶ
1198 587 1299 692 παρά
1315 621 1411 672 τινος
1429 593 1506 666 τῶν

303 709 343 788 ἐκ
369 706 493 809 γένους
520 718 585 791 τοῦ
608 710 810 812 πληγείιτος
838 710 897 792 ὑπ’
920 713 1040 810 ιιύτοῦ,
1063 715 1122 793 καὶ
1149 711 1272 817 τρίτην
1299 713 1337 792 ἐν
1364 710 1505 795 τούτοις

303 835 585 937 ἀποπληροῦντα
601 832 668 933 τὴν
686 833 849 937 ἄρνησιν.
888 831 963 917 εἶτα
987 840 1052 936 τῆς
1076 845 1141 917 τοῦ
1166 832 1401 939 ἀλεκτρυόνος
1422 839 1502 915 δια-

302 954 476 1057 μέμνηται
504 960 638 1066 φωνῆς,
666 959 741 1038 κατ’
766 957 869 1039 οῦδὲν
893 961 1130 1041 διαπίπτοντα
1153 959 1218 1040 τὸν
1242 967 1307 1039 τοῦ
1334 963 1539 1059 Σωτῆρος5

303 1079 405 1180 ῆμῶν
423 1082 635 1188 ἀποφαίνων
654 1079 778 1185 λόγον,
790 1082 1060 1187 προεγνωκότος
1075 1117 1114 1164 τε
1133 1085 1191 1163 καὶ
1209 1081 1505 1186 προηγγελκύτος

303 1212 367 1284 τοῦ
395 1205 484 1286 ἰδίου
509 1211 673 1304 μαθητοῦ
700 1204 766 1306 τὴν
792 1208 831 1286 ἐν
858 1207 1027 1310 θορύβοις
1056 1207 1254 1306 ἀσθένειαν,
1282 1206 1325 1307 ῆς
1352 1207 1428 1286 οὐδ’
1457 1203 1505 1284 ἀν

303 1326 398 1412 ὅλως
416 1328 625 1429 ἐπεμνήσθη
644 1327 749 1434 τάχα,
768 1332 992 1415 θεοδίδακτος
1013 1327 1074 1429 αἰν,
1094 1332 1114 1410 ὁ
1137 1331 1217 1412 τόδε
1242 1327 1285 1411 τό
1309 1329 1504 1430 σύνταγμα

304 1456 431 1558 γραφῇ
457 1449 650 1555 παραδοὺς,
672 1458 703 1531 εἰ
729 1451 780 1552 μῆ
807 1450 872 1538 τὰς
900 1461 973 1534 τῶν
996 1454 1177 1554 μισοθέων
1201 1454 1366 1554 ἐνενόησε
1395 1459 1506 1558 φιλο·
1625 1496 1626 1540 ι

303 1576 440 1682 φογίας
458 1609 496 1654 τε
515 1579 573 1655 καὶ
592 1578 892 1678 ἀθυρογλωττίας.
931 1574 1030 1659 εἷπον
1047 1577 1120 1681 γάρ
1139 1580 1184 1658 ἀν
1201 1613 1293 1662 τινες
1311 1576 1413 1662 εὐθὺς
1429 1583 1505 1656 τῶν
1521 1603 1563 1644 10

304 1697 359 1778 δτι
377 1697 542 1798 μάλιστα
558 1706 729 1797 πολεμεῖν
746 1699 954 1802 ἐγνωκότων
966 1708 1043 1786 ταῖς
1061 1711 1126 1782 τοῦ
1146 1705 1314 1804 Σωτῆρος
1331 1702 1506 1783 εύκλείαις

270 1822 526 1930 δἘπιδείξατε
543 1831 607 1902 τοῦ
627 1821 769 1926 Πέτρου
786 1821 852 1924 τὴν
871 1825 1033 1928 ἄρνησιν,
1051 1831 1129 1911 πῶς
1153 1824 1191 1905 δέ
1216 1828 1274 1906 καί
1299 1824 1380 1906 ῦποι
1402 1823 1501 1904 τετέ·
1531 1817 1542 1830 ’

304 1956 435 2028 λεσται
465 1945 507 2026 τὸ
536 1945 829 2048 προηγγελμένον
859 1947 918 2028 διά
947 1955 1123 2052 Χριστοῦ,
1152 1950 1265 2030 καίτοι
1294 1946 1336 2029 τό
1369 1951 1504 2053 ψευδο-

303 2076 428 2169 μυθεῖν
446 2070 528 2150 καθ’
548 2072 639 2167 ὑμᾶς
657 2069 721 2150 ούκ
739 2068 883 2155 εἰδότος.
924 2071 1097 2172 ἀλήθειαν
1114 2069 1187 2177 γάρ
1212 2069 1304 2152 εἶναί
1323 2079 1426 2180 φατε,
1445 2074 1506 2150 καί

304 2195 349 2301 ἐξ
364 2197 523 2295 ἀληθοῦς
541 2191 758 2302 ἀναλάμψαι
779 2196 935 2301 Πατρός.
973 2196 1258 2299 ἀναγκαιοτάτην
1275 2202 1465 2298 τοιγαροῦν
1484 2195 1506 2274 ό
1522 2219 1563 2280 15

304 2319 500 2404 θεσπέσιος
532 2318 809 2420 Εύαγγελιστῆς
841 2323 900 2400 καὶ
931 2319 1068 2401 τούτων
1096 2320 1181 2421 ῆμῖν
1211 2317 1407 2420 ἐποιήσατο
1437 2316 1507 2418 τῆν

303 2441 488 2550 ἐξήγησιν,
508 2442 730 2543 ἀληθεύοντα
748 2448 915 2550 πανταχῆ
934 2443 1069 2529 δεικνὺς
1086 2443 1151 2524 τὸν
1170 2444 1315 2545 Κύριον.

359 2568 468 2648 Ἀλλ’
488 2567 578 2652 ’ίσως
601 2575 665 2647 τοῦ
681 2563 747 2666 μέν
765 2567 817 2647 έτι
834 2568 1005 2653 τοιούτοις
1023 2569 1115 2669 ἡμᾶς
1133 2567 1363 2671 κατακρούειν
1381 2563 1508 2668 λόγοις

304 2692 478 2800 ἀφέξεταί
492 2727 546 2777 τις
565 2699 638 2772 τῶν
657 2691 699 2770 δι’
720 2692 890 2790 ἐναντίας,
909 2691 1020 2776 δεινὸς
1039 2689 1077 2771 δέ
1095 2701 1160 2772 τοῦ
1180 2690 1319 2795 Πέτρου
1343 2698 1507 2796 φανεῖται

304 2817 514 2920 κατήγορος,
544 2819 601 2896 καί
635 2816 768 2900 δειλίας
798 2817 1019 2919 ἀσυγκρίτου
1050 2814 1114 2897 τόν
1143 2817 1296 2918 γνήσιον
1324 2814 1562 2920 γράφεταιεο

304 2939 481 3042 μαθητὴν,
503 2943 627 3046 εὐχερῆ
651 2938 688 3019 δέ
714 2942 826 3024 οὕτως
851 2942 923 3044 ἐρεῖ
943 2937 1035 3044 πρός
1058 2939 1125 3041 τῆν
1141 2943 1179 3020 ἐν
1195 2940 1320 3044 λόγοις
1338 2937 1507 3041 γενείτθαι

275 3062 517 3162 οδιάπτωσιν,
536 3068 585 3150 ὡς
603 3064 672 3166 ἤδη
690 3065 750 3146 καὶ
768 3065 889 3167 τρίτον
907 3069 1105 3146 διολισθεῖν
1123 3071 1171 3149 εἰς
1189 3063 1407 3168 ἀπάρνησιν,
1427 3063 1505 3142 οὐδ’

305 3190 396 3272 ὅσον
420 3195 484 3290 τῆς
511 3195 584 3270 τῶν
610 3191 734 3270 δεινῶν
759 3187 948 3294 ἀφιέμενον
975 3191 1111 3293 πείρας,
1128 3191 1240 3292 ήγουν
1265 3187 1356 3292 πρὸς
1384 3189 1508 3272 αὐτοῖς

303 3312 479 3420 γεγονότα
496 3322 573 3397 ταῖς
596 3321 660 3394 τοῦ
685 3312 847 3393 κινδύνου
865 3312 1000 3416 θύραις.
1039 3313 1124 3392 ἀλλ’
1145 3319 1254 3394 εἰπεῖν
1270 3311 1335 3412 μὲν
1354 3310 1507 3412 ἁρμόσει

304 3438 351 3522 τά
368 3449 515 3521 τοιαῦτα
540 3435 650 3543 τυχόν
669 3442 741 3522 τοῖς
767 3433 937 3538 ἀμυήτοις
961 3436 1025 3516 ἐτι·
1056 3433 1127 3541 ἐγὼ
1153 3434 1191 3516 δὲ
1215 3440 1264 3522 ὡς
1286 3434 1506 3540 ποῤῥωτοίτω
1519 3467 1561 3527 ²5

304 3561 350 3643 τά
385 3569 532 3642 τοιαῦτα
568 3560 696 3659 μεθείς,
730 3559 789 3637 καὶ
820 3563 899 3640 ταῖς
930 3555 1071 3636 ἐκείνων
1102 3558 1296 3660 τερθρείαις
1327 3559 1507 3660 ερριῦσθαι

305 3685 465 3794 φράσας,
483 3690 532 3770 εἰς
554 3681 621 3785 τῆν
640 3680 727 3785 ὑπὲρ
745 3689 810 3762 τοῦ
829 3678 1021 3784 γεγονότος
1044 3681 1245 3783 ἀπολογίαν
1262 3677 1503 3786 τετράψομοι,

304 3819 379 3896 τοῖς
403 3807 484 3921 ἤδηή
498 3807 778 3908 κατειθισμένοις
797 3811 889 3886 νοεῖν
906 3804 1088 3908 μυστήρια
1112 3803 1158 3884 τά
1182 3807 1221 3884 έκ
1245 3807 1309 3903 τῆς
1331 3807 1507 3902 μυστικῆς

305 3936 507 4036 οἰκονομίας
530 3934 737 4037 παρατιθεὶς
763 3935 812 4015 εἰς
836 3927 1030 4038 ἀπόδειξιν.
1071 3927 1140 4008 έδει
1162 3927 1234 4031 γάρ
1257 3928 1326 4008 ἔδει
1351 3929 1408 4006 καὶ
1433 3933 1507 4005 τῶν

304 4061 476 4143 τοιούτων
494 4059 532 4140 εῦ
554 4057 655 4157 μάλα
679 4059 942 4157 διαμεμνῆσθαι
966 4051 1191 4157 πραγμάτων
1207 4051 1272 4134 τὸν
1289 4050 1507 4154 σοφώτατον
1519 4087 1563 4144 30

305 4183 598 4290 Εύαγγελιστῆν,
628 4179 716 4285 ύπέρ
745 4187 810 4261 τοῦ
843 4177 1002 4260 συνιέναι
1031 4175 1114 4260 τοῦς
1143 4175 1386 4278 ἀκροωμένους
1415 4175 1507 4258 τίνες

270 4341 292 4406 d
304 4308 370 4412 μέν
393 4307 491 4410 ἦσαν
512 4312 571 4390 καὶ
596 4309 697 4389 αύτοί
719 4310 783 4407 τῆς
811 4301 1016 4403 οἰκουμένης
1043 4307 1076 4382 οἱ
1104 4300 1318 4380 διδοίσκαλοι
1344 4297 1415 4402 πρὸ
1442 4302 1507 4398 τῆς

340 4559 367 4620 6.
384 4561 621 4634 προηγγιλτικότος
633 4559 696 4628 (εἰς)
710 4557 742 4613 Ε.
883 4570 924 4610 ια.
942 4550 1088 4620 ἐπιδείξατε
1102 4549 1135 4604 Ε.
1271 4560 1314 4616 3²·
1332 4545 1357 4598 οἰ
1369 4561 1423 4600 om.
1437 4543 1481 4600 E:
