3294 5150
149 438 243 505 [6οΜ
263 439 274 504 ]
298 343 364 409 272
464 343 504 408 B.
528 342 717 407 CYRILLI
744 342 1010 406 ALEXANDR.
1039 342 1322 406 FRAGMENTA
1376 341 1431 405 vii.
1446 359 1495 406 21.

300 523 441 598 σασθαι
473 518 516 598 τὸ
549 517 669 616 κακδν,
702 528 1050 624 μετασταιχειοῦντος
1089 519 1231 600 ἅπαντα
1261 516 1351 620 πρὸς
1384 515 1426 596 τῦ
1461 518 1499 594 έν

132 657 288 720 2c02217·
300 644 426 746 ἀρχαῖς
446 649 510 722 τοῦ
529 648 707 744 Χριστοῦ·
748 641 850 743 καινὴ
873 642 945 745 γάρ
964 644 1081 728 κτίσις
1099 641 1146 722 τά
1162 645 1200 722 έν
1219 643 1316 748 αὐτῷ
1343 642 1401 718 καὶ
1418 641 1498 718 οὔτε

133 789 187 840 001.
201 789 236 838 iii·
250 801 288 837 ιι.
301 770 429 849 δοῦλος
463 767 543 845 οὔτε
580 776 602 812 “
619 763 803 868 έλειίθερος
833 765 933 846 ἀλλά
969 766 1015 846 τά
1044 765 1164 848 πάντα
1194 770 1252 845 καὶ
1284 767 1322 844 έν
1351 763 1497 844 πάσιν”

301 887 417 972 αι’ντός.
449 892 508 968 καὶ
527 898 614 992 γοῦν
633 890 653 968 ὁ
671 891 830 974 Ἡσαΐας
848 899 912 971 τοῦ
930 889 1232 992 προσδοκωμένου
1251 890 1309 967 καὶ
1328 895 1392 966 τοῦ
1409 881 1498 984 μέλ-

302 1021 429 1095 λοντος
457 1011 606 1092 έσεσθαι
632 1013 714 1107 βίον
738 1010 804 1113 τὴν
829 1012 1056 1095 κατάστασιν
1080 1017 1138 1094 καὶ
1166 1010 1233 1112 τὴν
1255 1010 1405 1109 ἰσότητα
1433 1003 1534 1107 τὴν5

133 1131 401 1234 kniva-vap&
424 1139 508 1242 Θεῷ
534 1135 846 1240 προανακέκραγεν
874 1137 992 1239 λέγων
1021 1148 1043 1185 “
1060 1139 1132 1216 Καὶ
1157 1135 1259 1215 ἔσται
1286 1135 1306 1213 ὁ
1334 1131 1422 1215 λαὸς
1451 1134 1499 1216 ὡς

302 1257 362 1334 “ὁ
390 1256 509 1360 ίερεῦς,
527 1262 585 1338 καὶ
613 1260 633 1337 ὁ
660 1265 744 1344 παῖς
772 1263 821 1343 ὡς
848 1258 1019 1364 ἀκύριος,
1045 1263 1104 1338 καὶ
1131 1256 1153 1358 ἡ
1182 1255 1378 1360 θεράπαινα
1405 1255 1498 1354 ὡςὴ

301 1391 323 1428 “
342 1381 474 1481 κυρία.”
516 1383 643 1462 οὐκοῦν
675 1380 741 1461 κάν
770 1388 800 1462 εί
837 1380 958 1462 δῦναιό
995 1390 1112 1488 φησιν
1143 1378 1301 1487 ἑλείθεριε
1333 1376 1498 1481 γενέσθαι,

300 1507 440 1610 μάλλιν
457 1503 591 1611 χρῆσαι·
627 1510 684 1584 καὶ
703 1505 774 1608 γάρ
792 1508 902 1603 έστιν,
922 1509 970 1588 ὡς
988 1505 1090 1612 έφην,
1108 1505 1172 1584 οῦκ
1189 1501 1337 1604 ἀκερδὴς
1356 1503 1376 1580 ὁ
1394 1499 1498 1602 ζυγὸς

302 1635 375 1712 τοῖς
400 1630 519 1732 ἀγαθῇ
548 1628 773 1732 κεχρημένοις
799 1629 915 1736 εὐνοίᾳ
938 1633 996 1709 καὶ
1022 1630 1137 1732 ὀρθῶς
1155 1629 1193 1706 έν
1210 1628 1306 1733 αὐτῷ
1328 1629 1495 1727 διαγεγο-
1517 1664 1563 1703 ιο

303 1748 415 1831 νάσιν·
451 1749 612 1850 ἀδικήσει
640 1750 679 1830 δὲ
705 1750 747 1831 τὸ
767 1750 917 1849 σύμπαν
936 1751 1037 1832 οῦδὲν
1059 1751 1101 1832 τὸ
1130 1759 1194 1831 νῦν
1221 1753 1260 1829 ἐκ
1286 1747 1498 1854 πλεονεξίας

302 1875 512 1979 ε’πεῤῥίφθαι
535 1877 611 1954 τισὶ
631 1873 697 1973 τὴν
715 1872 807 1955 κατά
828 1875 949 1976 σάρκα
972 1876 1148 1972 δουλείαν,
1167 1873 1269 1954 έσται
1294 1870 1340 1952 ἀν
1361 1869 1499 1953 ἅπασιν

304 1998 342 2075 έν
359 1997 429 2103 ’ίσιρ
448 1996 569 2106 τρόπῳ
592 1999 650 2077 καὶ
674 1995 774 2106 λόγῳ
799 1998 956 2101 σώζηται
984 1996 1026 2079 τὸ
1051 1997 1235 2099 ἐλεύθερον
1257 1994 1356 2100 παρά
1379 2029 1422 2096 γε
1447 2000 1499 2100 τῷ

303 2118 350 2198 τά
379 2121 496 2200 δίκαια
526 2121 679 2225 κρίνοντι
710 2123 769 2201 καί
798 2121 844 2201 τά
877 2123 955 2201 καθ’
988 2122 1080 2221 ἡμᾶς
1110 2123 1219 2205 ὁσίως
1248 2118 1500 2200 ταλαντειίοντι

304 2249 400 2351 Θεῷ.
440 2244 564 2328 ἄλλως
583 2279 631 2341 τε,
651 2248 781 2351 φησὶν,
803 2246 867 2325 οῦκ
884 2243 929 2324 ἀν
947 2244 999 2344 ε’ίη
1018 2252 1090 2324 τῶν
1107 2244 1343 2349 ἐνδεχομένων
1362 2242 1499 2354 ἀνθρώ-
1518 2277 1560 2336 15

303 2400 392 2450 πους
411 2365 516 2452 ὄντας
534 2368 626 2467 ἡμάς
643 2365 686 2447 τὸ
705 2373 768 2468 τῆς
788 2370 949 2452 δουλείας
968 2367 1080 2468 ὄνομα
1099 2375 1240 2473 φυγεῖν·
1279 2369 1410 2446 δοῦλον
1428 2363 1499 2469 γὰρ

305 2489 401 2571 ἀπαν
419 2493 498 2570 ε’στὶ
525 2489 567 2570 τὸ
593 2492 829 2592 πεποιημένον
847 2494 906 2571 καὶ
931 2497 1005 2576 τοῖς
1025 2493 1129 2576 θείοις
1148 2490 1362 2597 ἀποφέρεται
1380 2488 1500 2589 σκίγπ-

304 2648 400 2715 τροις
427 2621 501 2695 πάν
529 2615 616 2717 ὅπερ
643 2617 721 2695 ἐστὶ
751 2615 968 2716 κεκλημένον
997 2621 1045 2699 είς
1075 2615 1229 2716 γένεσιν·
1269 2613 1363 2693 ὥστε
1391 2617 1450 2693 καὶ
1479 2615 1500 2691 ὁ

189 2768 239 2802 ver.
254 2765 291 2800 η
306 2733 421 2824 δοῦλος
449 2737 662 2846 ἀπελείθερίς
692 2740 761 2820 ἔστι
791 2745 967 2841 Χριστοῦ,
998 2735 1115 2824 δοῦλος
1147 2737 1185 2819 δέ
1214 2738 1357 2820 πάντως
1390 2739 1446 2816 καὶ
1480 2738 1501 2814 ὁ

137 2885 274 2936 Ραοινὶἰῑ.
306 2863 520 2963 κεκλημένος
547 2869 595 2947 είς
623 2864 834 2965 ἐλευθερίαν,
859 2861 953 2944 καθά
981 2869 1096 2969 φησιν
1119 2865 1138 2941 ὁ
1163 2860 1313 2967 φαλμός
1341 2871 1363 2907 “
1377 2860 1432 2941 ὅτι
1454 2859 1501 2941 τά
1518 2899 1563 2939 20

137 2965 178 3017 91.

306 2999 329 3036 “
350 2989 547 3090 σιίμποίντα
566 2995 679 3070 δοῦλα
696 2988 781 3071 σά.”

196 3135 235 3188 61
246 3133 294 3190 M.
362 3111 575 3219 Ἀποφαίνει
601 3111 755 3213 γεμὴνῦ
779 3112 1019 3214 μυσταγωγὸς
1042 3115 1101 3192 καί
1123 3115 1206 3192 καθ’
1228 3113 1347 3213 ἕτερον
1368 3109 1501 3216 τρόπον

306 3237 576 3342 ὠφελουμένους
594 3242 747 3343 Χριστῷ
774 3236 856 3321 τοῦς
884 3237 927 3316 δι’
956 3237 1065 3317 αὐτὸν
1092 3235 1358 3333 σεσωσμένους·
1388 3235 1501 3341 ταύτῃ

191 3397 242 3432 ver·
256 3395 295 3444 ²2·
307 3361 365 3440 τοί
398 3367 494 3465 φησι
531 3358 638 3466 Τιμῦε
679 3358 888 3467 ἠγοράσθητε,
925 3357 973 3466 μῆ
1009 3359 1136 3463 γίνεσθε
1176 3353 1284 3438 ἀιῦλοι
1321 3357 1500 3466 ἀνθρώπων·

305 3481 540 3586 ἡγοράσμεθα
565 3481 630 3579 μέν
654 3481 726 3584 γάρ
745 3487 847 3581 τιμῆς
873 3484 1168 3583 ὁμολογουμένως
1194 3481 1389 3567 τεθεικότος
1415 3482 1501 3585 ῦπέρ
1515 3521 1531 3559 2
1537 3517 1559 3577 5

344 3675 368 3714 1.
386 3656 499 3730 ἅπαντα]
516 3663 545 3722 -1-
560 3659 622 3712 κατδ
634 3660 679 3712 τδν
690 3659 768 3714 αίῶνα
780 3659 825 3713 τὸν
835 3658 965 3729 μέλλοντα
978 3659 1029 3715 Ed.
1123 3678 1148 3717 2.
1167 3663 1282 3730 Χριστοῦ
1297 3659 1333 3714 H.
1346 3660 1434 3728 κυρίου
1449 3657 1501 3714 Ed.

308 3727 367 3784 2-6.
388 3728 462 3783 Haec
474 3727 614 3796 καινὴ-λ’
652 3739 842 3784 vaccesserunt
854 3748 886 3784 ex
897 3730 935 3784 H.
948 3729 1088 3800 ε’λευθέραν
1098 3733 1149 3804 γδρ
1165 3732 1212 3800 τὴν
1226 3730 1310 3800 φῦσιν
1322 3732 1336 3784 δ
1349 3731 1503 3800 δημιουργὸς

306 3798 449 3866 πεποίηται·
469 3797 601 3855 καὶοῦτοι
627 3799 1032 3868 σταιίιςέφηνιιατδτδναίῶνα
1044 3803 1089 3856 τὸν
1101 3801 1231 3870 μέλλοιτο
1245 3799 1296 3853 Ed.
1368 3801 1394 3853 8.
1413 3797 1500 3869 κυρία]

311 3875 340 3934 -1-
355 3869 418 3923 κατά
429 3869 476 3937 τὴν
485 3866 598 3924 Ἠσαίου
610 3869 771 3941 προφητείαν
783 3869 835 3924 Ed.
925 3885 1019 3942 11-15.
1039 3871 1113 3926 Haec
1124 3869 1334 3940 ἀδικήσει-Θεῷ
1347 3869 1425 3924 nobis
1438 3887 1502 3938 sup·

307 3938 408 4011 peditat
422 3938 457 3992 H.
533 3955 574 3993 12.
592 3937 791 3994 ἔσταιδυῦοδ.
805 3939 962 4012 Lugendum
975 3951 1006 3996 ut
1018 3939 1139 3996 φιλίας’
1152 3938 1191 3994 ἂν.
1266 3953 1306 4010 17,
1319 3940 1359 3994 18.
1374 3939 1449 3993 Haec
1461 3941 1503 3992 καὶ

307 4009 432 4066 τοῖς-είς
443 4009 546 4081 γένεσιν
557 4019 726 4064 accesserunt
738 4027 770 4064 ex
785 4010 822 4066 Η.
908 4027 949 4082 19.
967 4014 1063 4064 όιεοια
1077 4010 1170 4065 Εδ.αὐ
1185 4009 1222 4064 H.
1295 4025 1337 4064 20.
1355 4009 1504 4078 ἐλευθερίαν

308 4079 405 4135 desinit
419 4079 456 4133 H.
493 4079 582 4133 Verba
595 4081 688 4135 ultima
699 4080 796 4135 retinui
808 4100 841 4136 ex
853 4080 905 4137 Ed.
987 4097 1029 4136 22.
1049 4081 1175 4136 Scholion
1188 4079 1260 4153 quod
1274 4080 1394 4152 sequitur
1405 4097 1437 4133 εκ
1450 4078 1503 4134 Ed.

309 4165 352 4222 25.
371 4149 464 4204 Paullo
476 4151 550 4204 aliter
564 4150 600 4204 H.
614 4147 794 4222 ἦγοριίαθημεν
805 4155 841 4226 τῷ
853 4151 927 4221 τιμίῳ
939 4149 1025 4218 αἵματι
1043 4155 1089 4205 τοῦ
1100 4156 1225 4221 Χριστοῦ,
1238 4152 1279 4205 καί
1297 4148 1440 4218 ε’ξηρίγμεθα
1458 4151 1503 4218 τῆς

308 4224 354 4276 ταῦ
373 4221 498 4284 διαβόλου
521 4222 563 4275 καί
586 4225 638 4276 τάν
655 4225 870 4293 κοσμοκρατάρων
890 4221 1049 4289 πλεονεξίας,
1067 4223 1255 4294 ἀπονιψάμενοι
1276 4223 1322 4275 τὸν
1338 4223 1385 4288 τῆς
1402 4219 1504 4274 ἐκείνων

309 4293 460 4360 σκαιότητος
475 4290 565 4360 ῥύπον,
579 4291 620 4345 καὶ
633 4290 768 4358 κληθέντες
783 4292 820 4348 είς
833 4291 981 4359 ε’λευθερίαν
994 4291 1036 4345 διδ
1048 4296 1172 4361 Χριστοῦ.
1195 4293 1228 4348 ὥς
1240 4294 1277 4365 τῷ
1289 4289 1334 4344 οὗν
1345 4291 1504 4360 ἀγοράσαντι

308 4363 355 4428 τὴν
366 4362 463 4415 ίαυτῶν
474 4361 624 4430 ὀφείλοντες
643 4363 715 4430 ζωὴν,
728 4363 763 4429 μὴ
777 4362 891 4433 γίνεσθε,
903 4363 981 4431 φησί,
994 4362 1084 4416 δοῦλοι
1100 4363 1247 4431 ἀνθρώπων·
1273 4362 1303 4414 οὐ
1318 4364 1394 4415 τοῦτο
1409 4359 1503 4430 λέγων,

308 4435 343 4498 με)
363 4431 496 4485 δουλεύετε
515 4431 638 4500 σαρκικὴν
655 4433 782 4495 δουλείαν,
797 4433 866 4486 ἀλλά
879 4433 914 4501 μὴ
933 4432 1067 4487 δουλεῦετε
1084 4436 1138 4489 ταῖς
1154 4434 1267 4500 νομεκαῖς
1282 4428 1504 4501 παρατηρήσεσιν,

310 4499 474 4556 ε’παινοῦσαις
487 4502 626 4571 περιτομὴν
638 4503 679 4554 καὶ
691 4503 720 4555 τδ
732 4507 807 4556 τινιῦν
817 4502 962 4572 ἀπέχεσθαι
976 4505 1128 4572 βρωμάτων,
1140 4503 1209 4557 ἀλλὰ
1220 4505 1255 4573 τῷ
1268 4501 1427 4572 ἀγαράσαντι
1439 4499 1504 4570 ἡμᾶς

310 4570 340 4622 οῦ
352 4569 487 4638 φθαρτοῖς,
498 4572 572 4644 τιμίῳ
586 4572 613 4624 δὲ
625 4573 728 4638 μᾶλλον
739 4570 823 4640 αἵματι
836 4573 877 4627 καὶ
889 4575 942 4630 τοῖς
954 4573 1032 4628 αὐτοῦ
1044 4575 1131 4642 νόμοις
1142 4571 1335 4641 ιἰποταττόμεθα
1349 4572 1420 4640 (sic).
