3284 5130
303 343 368 408 136
607 344 646 409 Β.
671 343 881 409 CYRILLI
911 343 1203 410 ALEXANDR.
1321 362 1375 404 xx.
1389 355 1440 415 αα,
1455 352 1506 420 23.

303 511 430 590 ἑαυτοῦ
455 514 643 611 μαθηταῖς.
682 509 750 590 ἔδει
778 509 851 612 γὰρ
878 510 946 591 ἔδει
975 512 1113 589 κάκεῖνο
1140 505 1232 610 πρὸς
1255 503 1371 611 τούτῳ
1396 507 1503 597 νοεῖν,

304 631 359 712 δτι
386 641 450 712 τοῦ
470 632 679 730 Πνεύματύς
707 637 787 714 ἐστι
815 631 971 737 χορηγὸς
999 637 1056 713 καὶ
1080 629 1201 734 δοτῆρ.
1241 624 1422 730 τοιγάρτοι
1446 626 1506 703 καὶ

304 757 475 862 ἔφασκεν,
488 755 543 837 ῦτι
558 768 579 805 “
593 756 712 837 πάντα
731 756 804 838 ὅσα
823 759 893 862 ἔχει
912 759 932 836 ὁ
950 757 1079 859 Πατὴρ
1097 753 1165 854 ἐμά
1183 754 1318 835 ἐστιν.”
1339 751 1411 855 ἐγει
1428 748 1467 828 δέ
1485 747 1505 825 ὃ

306 876 437 984 Πατὴρ
455 881 499 988 ἐξ
515 883 641 960 ἑαυτοῦ
659 915 698 961 τε
717 885 775 960 καὶ
793 882 831 960 ἐν
845 883 958 989 ἑαυτῷ
976 878 1017 961 τὸ
1037 879 1126 960 ἴδιον
1139 884 1298 976 Πνεῦμα,
1311 875 1381 980 ἔχει
1399 881 1505 953 τοῦτο

304 1006 342 1084 ἐν
361 1006 474 1112 ἐαυτῷ
503 1007 561 1085 καὶ
589 1006 609 1084 ὁ
628 1003 725 1102 Υἱὸς,
746 1006 888 1109 ἐπείπερ
915 1007 1015 1084 ἐστὶν
1032 1004 1222 1102 ὁμοούσιος
1247 1002 1358 1108 αὐτῷ,
1381 1000 1438 1077 καὶ
1463 995 1507 1102 ἐξ
1518 1020 1536 1080 5

305 1129 415 1208 αύτοῦ
447 1127 607 1234 πέφηνεν
635 1129 828 1228 οῦσιωδῦς,
855 1131 976 1210 πάντα
1000 1126 1046 1208 τά
1073 1135 1137 1208 τοῦ
1166 1124 1406 1229 γεννήσαντος
1433 1120 1505 1201 ’ίδια

306 1258 470 1356 φυσικῶς
489 1251 581 1359 έχων
599 1254 637 1332 ἐν
656 1255 778 1361 ἐαυτῷ.

356 1374 444 1457 Ὀτι
462 1376 499 1457 δέ
518 1377 632 1458 καίτοι
649 1375 776 1458 πολλά
798 1374 978 1461 πολλάκις
1002 1379 1060 1457 καὶ
1079 1378 1117 1456 ἐν
1137 1377 1247 1480 καιρῷ
1265 1379 1317 1481 τῷ
1333 1370 1504 1477 πρέποντι

277 1498 455 1604 οδράσειν
482 1501 775 1607 ὑπισχνούμενος,
799 1500 951 1603 ἔδρασεν
979 1500 1074 1600 ὅμως
1102 1503 1159 1579 καὶ
1187 1497 1259 1602 πρὸ
1288 1504 1411 1599 καιροῦ
1439 1503 1505 1576 τοῦ

306 1627 543 1728 διωρισμένου
574 1623 665 1727 πρὸς
697 1627 951 1729 πληροφορίαν
980 1625 1163 1728 ἡμετέραν,
1190 1625 1248 1704 ἵνα
1279 1622 1504 1718 πιστεύωμεν
1519 1649 1558 1696 ιο

306 1751 452 1848 ἀληθῶς
477 1748 533 1829 ῦτι
554 1748 597 1848 δὴ
624 1751 768 1834 πάντως
795 1746 987 1849 ἐκβήσεται
1016 1748 1061 1828 τὰ
1088 1748 1252 1851 εἰρημένα
1275 1745 1359 1849 παρ’
1380 1747 1501 1841 αύτοῦ,

307 1873 469 1978 δείξομεν
497 1875 667 1954 ἐντεῦθεν.
717 1873 965 1975 ἐπηγγέλλετο
992 1872 1073 1957 τοῦς
1102 1870 1244 1975 νεκρούς
1271 1872 1416 1973 ἐγείρειν
1445 1870 1504 1950 καὶ

307 1997 539 2097 ἀνακομίσειν
556 1998 656 2082 αὖθις
675 2004 723 2081 είς
742 1997 835 2102 ζωῆν
852 1997 935 2082 τοῦς
952 2001 990 2078 ἐν
1008 2001 1057 2103 γῆ
1077 1997 1254 2097 κειμένους
1274 1999 1330 2074 καὶ
1351 1995 1501 2100 χώματι.

139 2119 222 2248 Ἓξ·
307 2131 329 2168 “
341 2117 515 2226 Ἔρχεται
541 2121 612 2225 γάρ
629 2118 714 2225 ὥρα,
734 2125 839 2229 φησί,
857 2125 939 2203 καθ’
960 2121 1005 2222 ἢν
1021 2128 1054 2202 οί
1079 2124 1194 2224 νεκροὶ
1217 2119 1416 2199 ἀκούσουσι
1440 2122 1504 2217 τῆς

139 2266 230 2332 lb·²9·
308 2256 329 2293 ‘⁴
347 2250 471 2351 φωνῆς
497 2254 561 2326 τοῦ
589 2250 680 2327 Υἱοῦ
713 2255 776 2326 τοῦ
804 2253 901 2326 θεοῦ
928 2250 987 2326 καὶ
1016 2246 1274 2353 ἐξελεύσονται,
1303 2249 1336 2323 οἱ
1362 2243 1427 2342 μέν
1456 2242 1503 2324 τὰ
1519 2269 1557 2331 ῐ5

307 2380 329 2417 “
348 2370 469 2472 ἀγαθά
494 2369 710 2472 ποιήσαντες
738 2375 785 2454 είς
814 2369 1018 2451 ἀνάστασιν
1045 2369 1144 2474 ζωῆς,
1172 2372 1205 2448 οἱ
1233 2367 1271 2448 δέ
1300 2367 1345 2447 τά
1376 2375 1503 2473 φαῦλα

272 2503 329 2571 d“
347 2490 548 2600 πράξαντες
586 2501 635 2579 είς
671 2494 877 2574 ἀνάστασιν
907 2491 1089 2597 κρίσεως.”
1138 2491 1193 2572 ὅτι
1229 2489 1268 2571 δὲ
1303 2495 1361 2571 καὶ
1397 2499 1503 2572 τοῦτο

307 2619 528 2721 κατορθώσει
554 2619 685 2726 ῥᾳδίως
711 2625 959 2726 πληροφορεΐν
986 2616 1222 2720 ἐπειγόμενος,
1247 2618 1409 2697 ἐδίδασκε
1437 2615 1503 2713 μέν

139 2763 261 2828 Μαι·
306 2742 426 2845 λέγων
445 2753 467 2790 “
480 2745 580 2844 Ἐγώ
599 2749 668 2842 είμι
690 2745 712 2842 ἡ
738 2742 939 2826 ἀνάστασις
966 2745 1023 2823 καὶ
1050 2743 1071 2841 ῆ
1097 2740 1202 2846 ζωῆ.”
1232 2743 1305 2822 ἐπεὶ
1330 2742 1367 2820 δέ
1391 2740 1414 2839 ἡ
1438 2748 1503 2819 τοῦ

304 2866 520 2969 πράγματος
550 2867 735 2969 ὑπερβολὴ
763 2866 807 2947 τὸ
835 2867 1111 2962 ἀναβιώσεσθαί
1133 2901 1221 2946 ποτε
1249 2865 1330 2950 τοῦς
1359 2863 1502 2967 νεκρούς
1518 2891 1558 2930 ²0

306 2988 463 3070 ἀπιστόν
480 3025 558 3076 πως
586 2991 699 3088 ἐτίθει,
719 2992 848 3097 φθάνει
878 2991 1066 3097 χρησίμως
1090 2990 1152 3070 τὸν
1176 2995 1241 3089 τῆς
1268 2987 1504 3073 ἀναστάσεως

307 3115 440 3217 καιρὸν,
469 3118 527 3195 καὶ
560 3114 705 3195 δεικνύει
737 3112 779 3194 τὸ
812 3123 962 3215 σημεῖον
988 3117 1132 3218 ἐγείρων
1159 3115 1223 3195 τὸν
1249 3112 1414 3217 Λάζαρον
1444 3116 1503 3193 καὶ

307 3236 371 3318 τὸν
398 3242 462 3336 τῆς
490 3237 602 3342 χήρας
630 3238 705 3320 υἱὸν
733 3238 791 3319 καὶ
824 3236 866 3320 τὸ
894 3238 1043 3341 Ἰαείρου
1074 3239 1204 3342 κύριον.
1256 3243 1314 3319 καὶ
1346 3238 1385 3318 τί
1412 3238 1503 3342 πρὸς

307 3359 444 3444 τούτοις
473 3361 614 3464 ἕτερον,
644 3363 903 3472 ἐπιδοξοτάτην
920 3362 1000 3444 τινά
1029 3365 1147 3466 λέγων
1169 3363 1318 3444 ἔσεσθαι
1345 3361 1503 3463 τὴντῶν

138 3487 262 3618 gfff?
309 3487 421 3587 ἁγίων
440 3485 644 3569 ἀνάστασιν
659 3499 679 3537 “
694 3488 799 3586 Τότε,
813 3487 885 3593 γάρ
903 3494 1030 3596 φησιν,
1053 3496 1085 3570 οἱ
1103 3491 1229 3569 δίκαιοι
1248 3487 1503 3594 ἐκλάμψουσιν
1517 3517 1557 3580 ²5

279 3619 332 3683 e“
350 3612 398 3692 ὡς
417 3611 436 3690 ὁ
455 3611 556 3711 ἥλιος
575 3613 612 3692 ἐν
630 3616 675 3718 τῆ
694 3615 867 3721 βασιλείᾳ
893 3621 956 3694 τοῦ
980 3613 1118 3718 πατρὸς
1140 3614 1287 3710 αῦτῶν,”
1307 3613 1365 3692 ἵνα
1390 3610 1503 3692 πάλιν

309 3737 357 3818 ὡς
375 3736 494 3834 ἀληθῆ
513 3735 629 3836 λέγων
647 3735 867 3836 πιστεύηται,
886 3739 1051 3842 πρόωρον
1068 3745 1141 3822 τοῖς
1159 3744 1333 3838 μαθηταῖς
1357 3741 1414 3817 καὶ
1437 3734 1505 3834 τῆν

139 3868 237 3948 §.Lm
308 3857 436 3938 τούτου
465 3855 547 3938 θέαν
572 3859 760 3964 ἐχαρίζετο.
801 3871 822 3909 “
837 3860 1065 3965 παραλαβὼν
1086 3861 1156 3965 γὰρ
1183 3863 1324 3965 Πέτρον
1351 3864 1409 3941 καὶ
1431 3859 1504 3940 Ἰά-

139 3951 174 3984 ιι.
190 3934 229 3984 28.
643 3984 653 4007 Ι
820 3987 830 4012 o
1004 3983 1015 4012 x
1055 3987 1073 4017 ν
1204 3989 1214 4013 ἱ
1443 3984 1454 4011 Ι

137 3997 264 4116 ξφϋῑιφῐι-
308 3993 330 4030 “
349 3991 469 4080 κωβον
495 3989 553 4063 καὶ
570 3986 739 4084 Ἰωαννην
764 3989 875 4087 ἀνεβη
904 3993 952 4072 εἰς
980 4022 1020 4068 το
1049 4021 1131 4087 ορος
1159 4021 1216 4065 και
1243 3991 1503 4093 μετεμορφωθη

193 4101 199 4114 ’
229 4099 236 4115 ’
308 4118 330 4155 “
348 4109 554 4212 ἔμπροσθεν
585 4109 712 4206 αὐτῶν,
741 4113 799 4189 καὶ
831 4109 978 4216 ’ἔλαμψε
1010 4108 1052 4190 τὸ
1084 4109 1283 4212 πρόσωπον
1315 4112 1424 4190 αύτοῦ
1455 4113 1504 4195 ὡς
1519 4135 1560 4194 30

308 4241 330 4280 “
348 4231 529 4336 ἀστραπὴ,
549 4231 594 4313 τά
623 4231 659 4313 δέ
688 4232 810 4331 ἱμάτια
838 4236 946 4315 αὐτοῦ
974 4235 1110 4334 ἐγένετο
1136 4233 1247 4314 λευκά
1272 4237 1358 4315 ὡσεὶ
1380 4232 1503 4340 χιών.”

346 4447 370 4483 ι.
390 4433 466 4485 τοῦτο
478 4450 505 4502 ρ.
613 4452 638 4500 4.
658 4433 737 4488 αὐτοῦ
749 4451 776 4504 p.
826 4433 921 4490 Statim
933 4457 961 4491 τι
974 4445 1143 4506 assumptum
1156 4453 1188 4490 ex
1202 4433 1263 4504 Rp.
1378 4435 1404 4490 8.
1423 4435 1507 4491 καίτοι

308 4497 369 4570 Ep.
382 4501 423 4554 καὶ
436 4503 517 4556 καίτοι
531 4501 583 4557 Ed.
743 4521 769 4575 9.
788 4510 949 4576 προοκοιροῦ
962 4507 1023 4575 (sic)
1040 4506 1072 4562 Ε.
1234 4521 1275 4560 12.
1295 4504 1469 4578 ἐπηγγείλατο
1481 4525 1506 4562 a.

309 4586 352 4638 23.
372 4570 452 4626 καίτοι
467 4571 529 4642 (εἰς)
544 4572 576 4627 E.
685 4574 727 4629 26.
747 4576 944 4650 &assumptum
960 4595 993 4632 ex
1006 4577 1066 4648 ap.
