3294 5150
317 315 381 382 312
427 317 465 382 Β.
490 316 681 383 CYRILLI
706 318 973 383 ALEXANDR.
1001 317 1285 382 FRAGMENTA
1328 339 1381 382 xv.
1394 337 1437 398 42
1449 339 1518 402 sqq.

162 427 291 491 [M]
318 479 355 559 δὲ
374 479 433 561 διὰ
451 483 630 582 Χριστοῦ,
652 477 743 588 δόξα
764 515 803 560 τε
826 483 883 560 καὶ
906 481 1097 587 ἀφθαρσία
1124 485 1183 560 καὶ
1210 481 1357 581 δυ’ναμις
1386 485 1447 561 καὶ
1475 479 1517 559 τὸ

198 637 250 670 ver.
263 635 303 684 44·
317 600 485 709 φρόνημα
511 601 554 684 τὸ
577 603 826 693 πνευματικόν·
867 603 970 684 ἔσται
997 603 1071 706 γάρ
1092 605 1193 703 ἡμῶν
1211 602 1253 683 τδ
1279 604 1387 709 σῶμα
1411 639 1512 685 πιεο·

322 733 481 832 ματικίι.

374 849 426 930 Τί
449 848 492 930 τὸ
520 851 744 956 πιεοματιιάι
763 850 815 950 είη
845 849 936 930 ἀνῶ
960 851 1202 954 μυσταγωγε’;
1235 848 1305 954 ἀρα
1323 850 1395 954 γὰρ
1414 849 1517 928 ἔσται

318 971 420 1078 σάρξ
443 971 510 1070 μὲν
532 975 656 1072 οὐκέτι,
676 976 908 1075 συγκείσεται
935 972 973 1053 δὲ
1002 977 1175 1071 οὐδαμῶς,
1203 973 1365 1077 καθάπερ
1393 972 1551 1071 ἀμέλειό

318 1100 376 1176 καί
405 1106 468 1177 νῦν
488 1097 531 1203 ἐξ
554 1099 676 1178 ὀστῶν
692 1132 732 1178 τε
757 1101 814 1176 καὶ
841 1097 972 1199 νεύρων
991 1099 1034 1176 δι’
1054 1095 1103 1176 ῶν
1120 1096 1166 1176 ἀν
1184 1098 1206 1196 ἡ
1223 1106 1288 1176 τοῦ
1312 1097 1394 1178 καθ’
1424 1097 1518 1195 ἡμᾶς

318 1220 487 1318 σώματος
511 1223 724 1301 ἀποτελοῖτο
743 1222 866 1326 φύσις·
898 1221 1001 1300 ἔσται
1026 1221 1064 1300 δὲ
1088 1227 1233 1317 μᾶλλον
1253 1219 1382 1324 ἰσχνόν
1399 1254 1440 1299 τε
1459 1223 1517 1298 καὶ

319 1345 469 1444 ἀερῶδες
498 1349 556 1424 καὶ
584 1351 702 1427 σκιαῖς
728 1345 836 1445 ὀλίγα
854 1352 1094 1447 παραχωροῦν
1114 1351 1229 1449 φησιν
1241 1376 1252 1439 ;
1284 1345 1458 1439 οὐδαμῶς·
1488 1347 1517 1420 εἰ

318 1464 391 1568 γάρ
418 1466 484 1547 ῶδε
513 1477 625 1548 ταῦτα
656 1468 747 1571 ἔχειν
775 1466 910 1546 οίονταί
936 1500 1038 1565 τινες,
1069 1469 1133 1546 οῦκ
1160 1467 1247 1546 αὐτό
1275 1501 1347 1546 που
1373 1465 1517 1548 πάντως

318 1591 559 1684 ἀναβιοίσεται
586 1589 628 1670 τδ
655 1593 788 1671 πίτταν
814 1597 861 1674 εὶς
887 1594 966 1689 γῆν,
987 1591 1070 1669 ἀλλ’
1095 1587 1214 1690 ἔτερόν
1235 1624 1270 1668 τι
1292 1592 1376 1690 παρ’
1395 1591 1515 1685 ἐκεῖνο,
1534 1621 1573 1660 10

320 1713 378 1790 καὶ
403 1719 455 1818 τῷ
478 1712 611 1820 πρῶτιρ
628 1711 839 1816 προσεοικὸς
865 1713 977 1792 οὐδέν·
1009 1713 1119 1818 φαίην
1138 1715 1171 1790 δ’
1192 1711 1236 1790 ἀν
1254 1709 1341 1790 εἶναι
1359 1747 1515 1818 πνεῦμα·

319 1831 420 1924 τικάν,
441 1837 482 1914 οὐ
509 1835 552 1915 τὸ
580 1839 617 1914 ἐν
640 1836 720 1915 εἴδει
748 1842 864 1933 σκιᾶς,
883 1837 995 1938 ἤγουν
1022 1833 1218 1934 ἀσωμάτου
1244 1834 1455 1933 πνεύματος,
1473 1834 1517 1916 τὸ

320 1957 523 2062 ἀφεστηκὸς
552 1957 756 2054 δὲμᾶλλον
782 1961 840 2038 καὶ
868 1959 940 2057 μὴν
966 1961 1023 2038 καὶ
1051 1957 1205 2038 είσάπαν
1233 1959 1517 2061 ἀπηλλαγμένον

318 2088 384 2160 τοῦ
415 2090 590 2183 σαρκικοῦ
622 2085 680 2160 καὶ
713 2083 952 2196 γεωδεστέρου
986 2079 1223 2187 φρονήματος.
1271 2090 1297 2161 εἱ
1334 2081 1405 2183 γάρ
1443 2085 1520 2163 ἐστι’

320 2212 415 2308 φησι
433 2205 538 2310 σῶμα
556 2197 721 2312 φοχικδν,
742 2204 812 2284 ἔστι
839 2213 898 2285 καὶ
918 2208 1153 2311 πνευματικόν.
1186 2203 1310 2307 ὥσπερ
1328 2204 1400 2306 γὰρ
1418 2204 1516 2307 εἴπερ
1532 2239 1572 2296 15

318 2324 437 2407 ἕλοιτό
456 2362 509 2411 τις
528 2327 569 2408 τὸ
589 2327 660 2408 ἀπὸ
679 2332 746 2430 γῆς
767 2329 868 2427 ἡμῶν
886 2333 995 2426 σῶμα
1012 2325 1167 2438 φοχικδν
1186 2332 1391 2430 ἀποκαλεῖν,
1410 2362 1512 2430 περι·

317 2451 392 2549 θείη
422 2451 466 2530 ἀν
484 2486 537 2535 τις
560 2448 702 2536 εἰκότως
721 2454 762 2531 οά
786 2449 829 2531 τὸ
853 2456 976 2558 ψυχῆς
1003 2449 1094 2534 εἶδος
1121 2453 1227 2559 αὐτῷ,
1244 2451 1450 2558 περιτρέψει
1476 2452 1515 2531 δὲ

316 2580 460 2672 μᾶλλον
479 2582 542 2655 τοῦ
567 2574 681 2676 λόγου
706 2573 772 2673 τὴν
790 2573 938 2673 δύναμιν
956 2579 1004 2657 εἷς
1030 2573 1072 2654 τὸ
1099 2575 1267 2679 φρόνημα
1293 2573 1335 2654 τδ
1358 2575 1516 2681 ψυχικὸν

153 2716 289 2767 Mac-ist
320 2696 432 2798 ἤγουν
465 2696 508 2777 τὸ
540 2697 725 2801 σαρκικῶν,
758 2695 919 2800 καθάπερ
951 2696 1075 2796 ἀμέλει
1106 2703 1164 2777 καὶ
1196 2698 1333 2806 σοφίαν
1368 2707 1518 2794 νοοῦμεν

153 2793 193 2844 ¹⁵⁸
321 2818 482 2926 ψυχικὴν
498 2824 555 2900 καὶ
571 2821 723 2922 ε’πίγειον
737 2820 802 2921 τὴν
814 2822 896 2902 καθ’
916 2823 1008 2921 ἡμᾶς
1025 2855 1064 2900 τε
1083 2825 1140 2901 καὶ
1160 2823 1395 2926 ἀνθρωπίνην·
1422 2825 1516 2903 οὕτω
1531 2857 1573 2897 20

320 2943 387 3023 κάν
415 2949 443 3023 εί
471 2942 613 3044 λίγοιτο
642 2944 747 3050 σῶμα
773 2937 939 3052 φοχικδι,
969 2947 1033 3024 οὐκ
1062 2943 1108 3024 ἀν
1140 2942 1236 3042 οἶμαι
1269 2948 1320 3052 τῷ
1350 2947 1445 3053 αὐτῷ
1472 2945 1516 3025 τὸ

320 3071 443 3172 ψυχῆς
471 3064 561 3151 εἶδος
588 3070 787 3169 περιτιθεὶς,
805 3067 871 3168 τὴν
898 3070 956 3148 ε’πὶ
983 3074 1035 3175 τῷ
1062 3073 1319 3167 πεπλανῆσθαι
1346 3071 1516 3173 διαφύγοι

322 3192 477 3298 γραφὴν,
496 3196 570 3273 ἐπεὶ
598 3193 690 3273 κατά
717 3195 797 3273 τίνα
824 3193 959 3298 τρόπον
978 3195 1103 3299 ζῶντές
1128 3231 1165 3275 τε
1187 3196 1238 3274 ἔτι
1263 3197 1320 3274 καὶ
1343 3199 1380 3274 ἐν
1398 3197 1516 3280 αὐτοῖς

322 3314 366 3412 δὴ
394 3317 530 3402 τούτοις
557 3324 631 3401 τοῖς
658 3317 730 3398 ἀπὸ
760 3322 828 3418 γῆς
856 3319 953 3403 ὄντες
984 3319 1143 3416 σώμασι,
1170 3323 1319 3424 ψυχικοῦ
1348 3319 1519 3421 λέγονταί

323 3471 413 3522 τινες
432 3442 491 3518 καὶ
507 3441 739 3537 πνευματικοί
749 3473 758 3535 ;
785 3441 983 3542 γέγραπται
1003 3441 1073 3545 γάρ
1092 3442 1145 3522 ὅτι
1164 3452 1185 3488 “
1198 3442 1353 3546 ψυχικὸς
1371 3443 1512 3545 ἀνθρω-
1530 3474 1570 3532 ²5

324 3571 345 3607 “
362 3595 429 3645 τος
457 3564 499 3642 οῦ
526 3561 663 3667 δέχεται
692 3562 739 3642 τά
766 3571 829 3643 τοῦ
847 3564 1056 3661 Πνεῦματος
1083 3574 1146 3645 τοῦ
1165 3570 1271 3664 Θεοῦ,
1298 3565 1414 3669 μωρία
1444 3563 1516 3668 γάρ

357 3729 453 3779 4—11.
472 3713 635 3784 τί-οὔδίν]
659 3714 733 3769 Haec
754 3725 922 3770 accesserunt
941 3735 972 3770 ex
994 3717 1031 3783 H,
1053 3716 1096 3771 his
1117 3717 1205 3771 verbis
1224 3717 1344 3772 scholion
1365 3717 1515 3786 incipiente,

321 3784 445 3852 κυρίλλαο
457 3785 485 3839 ἐκ
497 3787 544 3838 τοῦ
556 3786 572 3851 ζ
581 3788 660 3854 τόμον
673 3787 717 3854 τῆς
728 3787 794 3855 πρὸς
805 3786 946 3854 κορινθίους
958 3788 1149 3856 praemittente.
1277 3807 1318 3854 14.
1335 3787 1450 3841 'l'extum
1464 3787 1515 3842 SS.

322 3853 379 3909 Scri
399 3864 483 3922 turae,
498 3872 512 3908 e
525 3872 578 3908 ver.
591 3873 627 3922 44
645 3873 749 3926 nempe,
768 3855 811 3910 bic
830 3857 941 3910 collocet
960 3857 1011 3912 Ed.
1065 3859 1088 3911 εὶ
1105 3859 1360 3928 γάρ-πνευματικόν
1378 3865 1516 3926 assumpta

322 3943 353 3978 ex
399 3965 405 3979 .
558 3939 599 3994 17.
618 3947 657 3981 τις
669 3944 722 3982 om·
739 3926 775 3980 H.
928 3943 968 3995 19.
986 3930 1017 3982 τδ
1029 3927 1163 3998 σορκικδν]
1176 3931 1221 3996 τῆς
1234 3930 1331 3997 σαρκὸς
1346 3927 1382 3982 Η.
1419 3927 1516 3981 Statim

321 3994 631 4064 καθάπερ-ἀνθρωπίνην
642 4014 695 4050 om.
711 3996 750 4051 Η.
888 4013 930 4050 οι.
945 3997 976 4052 ἃν
988 4014 1041 4050 om.
1057 3998 1094 4051 H.
1147 3999 1202 4067 ἥτις
1214 3999 1275 4052 αὐτὸ
1287 4015 1336 4067 pro
1347 4002 1383 4070 τῷ
1395 3999 1462 4084 αιἰτηῖ
1478 3997 1516 4052 Η.

323 4081 366 4120 22.
383 4070 419 4138 τῷ
434 4065 471 4119 H.
483 4067 514 4119 τδ
528 4065 578 4120 Ed.
722 4084 764 4138 23.
782 4065 900 4139 γραφὴν]
914 4068 1000 4138 pergit
1012 4068 1058 4121 οὐκ
1070 4069 1101 4120 δν
1112 4069 1226 4138 ψυχικὸν
1237 4070 1268 4122 τὸ
1286 4069 1320 4124 ὥς
1332 4069 1359 4122 ἐν
1370 4071 1515 4137 φρονηματι

323 4140 435 4207 σαρκικῷ
455 4135 531 4191 νοοῖτ’
544 4136 575 4190 δν
589 4136 701 4199 είκότιος,
715 4139 808 4207 ὁμοίως
826 4138 854 4191 δὲ
872 4138 914 4190 καὶ
932 4141 1100 4204 πνευματικὸν
1112 4138 1182 4200 τέως,
1194 4137 1224 4191 τδ
1237 4140 1271 4194 ὡς
1283 4139 1310 4193 ἐν
1321 4137 1465 4209 φρονήματι
1478 4143 1515 4212 τῷ

321 4211 480 4278 πνεοματυιῷ
497 4207 534 4260 ita
548 4206 671 4261 desinens
691 4206 718 4260 H
738 4209 815 4279 cujus
834 4207 926 4261 scholii
945 4217 1045 4277 partem
1063 4209 1159 4262 iterum
1177 4209 1272 4277 repetit
1291 4209 1333 4278 (ut
1344 4207 1422 4276 alibi)
1439 4213 1516 4274 Σῶμα

321 4276 841 4402 ἷίῦῦιᾞίίῖἶ”ἀίίὸἀῖῦίίζά”ἶ
856 4277 1305 4402 ἇῗίδεςὲίίλῗάὀάξίῖῶῗῦ“
1320 4278 1516 4418 δῶτ’ώίῖνῗὸ

321 4435 401 4480 ματος
419 4369 587 4485 [αἱίίῶίταίρ.
599 4434 661 4488 313,
672 4416 701 4488 7]
721 4418 761 4470 καὶ
779 4369 890 4488 γδρωίάὶ
909 4370 986 4471 ῶίῦμτό
1004 4421 1090 4488 φαμεν
1108 4371 1184 4486 σῶμα
1198 4371 1321 4488 ψυχιίιῶί,
1334 4371 1409 4472 οῦιίίδ
1425 4371 1517 4489 ψιίχνίίς

322 4481 390 4537 εἶδος
404 4485 479 4554 ἔχων,
497 4485 566 4538 ἀλλὰ
584 4489 614 4539 τδ
626 4489 740 4576 φογικδν
756 4490 878 4556 φρόνημα
895 4491 974 4556 ἤγουν
986 4491 1117 4557 σαρκικόν·
1135 4488 1215 4543 οὕτως
1233 4492 1273 4542 καὶ
1293 4491 1391 4558 σοφίαν
1408 4491 1517 4558 νοοῦμιν

322 4553 438 4623 ψυχικὴν
449 4554 495 4621 τὴν
506 4553 566 4607 καθ’
578 4554 642 4622 ἡμᾶς
655 4577 700 4624 την
711 4557 877 4626 ἀνθρωπίνην.
893 4557 930 4611 Η.
