<?xml version="1.0" encoding="UTF-8"?>
<!DOCTYPE html PUBLIC "-//W3C//DTD XHTML 1.0 Transitional//EN"
    "http://www.w3.org/TR/xhtml1/DTD/xhtml1-transitional.dtd">
<html xmlns="http://www.w3.org/1999/xhtml" xml:lang="en" lang="en">
 <head>
  <title>
</title>
<meta http-equiv="Content-Type" content="text/html;charset=utf-8" />
  <meta name='ocr-system' content='tesseract 3.04.00' />
  <meta name='ocr-capabilities' content='ocr_page ocr_carea ocr_par ocr_line ocrx_word'/>
</head>
<body>
  <div class='ocr_page' id='page_1' title='image "./sanctipatrisnos01pusegoog_0012.png"; bbox 0 0 3280 5142; ppageno 0'>
   <div class='ocr_carea' id='block_1_1' title="bbox 567 1278 911 1356">
    <p class='ocr_par' dir='ltr' id='par_1_1' title="bbox 567 1278 911 1356">
     <span class='ocr_line' id='line_1_1' title="bbox 567 1278 911 1356; baseline 0.003 -3"><span class='ocrx_word' id='word_1_1' title='bbox 567 1278 806 1354; x_wconf 85' lang='grc' dir='ltr'>ΚΕΦΑΛΗ</span> <span class='ocrx_word' id='word_1_2' title='bbox 847 1279 911 1356; x_wconf 84' lang='grc' dir='ltr'>ΙΒ.</span> 
     </span>
    </p>
   </div>
   <div class='ocr_carea' id='block_1_2' title="bbox 127 1533 1339 1746">
    <p class='ocr_par' dir='ltr' id='par_1_2' title="bbox 127 1533 1339 1746">
     <span class='ocr_line' id='line_1_2' title="bbox 127 1533 1339 1621; baseline 0.002 -20"><span class='ocrx_word' id='word_1_3' title='bbox 127 1533 204 1602; x_wconf 72' lang='grc' dir='ltr'>Ὀτι</span> <span class='ocrx_word' id='word_1_4' title='bbox 235 1539 311 1601; x_wconf 82' lang='grc' dir='ltr'>κατδ</span> <span class='ocrx_word' id='word_1_5' title='bbox 340 1539 434 1620; x_wconf 79' lang='grc' dir='ltr'>φύσιν</span> <span class='ocrx_word' id='word_1_6' title='bbox 464 1538 499 1604; x_wconf 81' lang='grc' dir='ltr'>ἔν</span> <span class='ocrx_word' id='word_1_7' title='bbox 527 1541 611 1605; x_wconf 74' lang='grc' dir='ltr'>ἐστιν</span> <span class='ocrx_word' id='word_1_8' title='bbox 641 1541 657 1602; x_wconf 90' lang='grc' dir='ltr'>ὸ</span> <span class='ocrx_word' id='word_1_9' title='bbox 681 1539 753 1607; x_wconf 71' lang='grc' dir='ltr'>’Υἱὸς</span> <span class='ocrx_word' id='word_1_10' title='bbox 781 1538 854 1620; x_wconf 87' lang='grc' dir='ltr'>πρὸς</span> <span class='ocrx_word' id='word_1_11' title='bbox 884 1539 937 1603; x_wconf 91' lang='grc' dir='ltr'>τὸν</span> <span class='ocrx_word' id='word_1_12' title='bbox 968 1541 1073 1606; x_wconf 77' lang='grc' dir='ltr'>ἑαυτοῦ</span> <span class='ocrx_word' id='word_1_13' title='bbox 1099 1537 1222 1621; x_wconf 83' lang='grc' dir='ltr'>Πατέρα</span> <span class='ocrx_word' id='word_1_14' title='bbox 1248 1538 1339 1618; x_wconf 89' lang='grc' dir='ltr'>Θεὸν,</span> 
     </span>
     <span class='ocr_line' id='line_1_3' title="bbox 250 1657 1230 1746; baseline 0.005 -24"><span class='ocrx_word' id='word_1_15' title='bbox 250 1657 308 1722; x_wconf 80' lang='grc' dir='ltr'>τὸν</span> <span class='ocrx_word' id='word_1_16' title='bbox 329 1659 368 1727; x_wconf 82' lang='grc' dir='ltr'>ὸς</span> <span class='ocrx_word' id='word_1_17' title='bbox 389 1660 423 1723; x_wconf 76' lang='grc' dir='ltr'>ἐν</span> <span class='ocrx_word' id='word_1_18' title='bbox 441 1658 560 1744; x_wconf 87' lang='grc' dir='ltr'>χάριτος</span> <span class='ocrx_word' id='word_1_19' title='bbox 580 1659 663 1742; x_wconf 82' lang='grc' dir='ltr'>μέρει</span> <span class='ocrx_word' id='word_1_20' title='bbox 684 1658 827 1739; x_wconf 84' lang='grc' dir='ltr'>δέξασθαι</span> <span class='ocrx_word' id='word_1_21' title='bbox 849 1659 925 1746; x_wconf 76' lang='grc' dir='ltr'>λέηη</span> <span class='ocrx_word' id='word_1_22' title='bbox 947 1659 981 1724; x_wconf 88' lang='grc' dir='ltr'>τὸ</span> <span class='ocrx_word' id='word_1_23' title='bbox 1004 1660 1038 1725; x_wconf 69' lang='grc' dir='ltr'>ἓν</span> <span class='ocrx_word' id='word_1_24' title='bbox 1061 1660 1138 1725; x_wconf 80' lang='grc' dir='ltr'>εἶναι</span> <span class='ocrx_word' id='word_1_25' title='bbox 1159 1657 1230 1742; x_wconf 85' lang='grc' dir='ltr'>πρὸς</span> 
     </span>
    </p>
   </div>
   <div class='ocr_carea' id='block_1_3' title="bbox 634 1778 1368 1918">
    <p class='ocr_par' dir='ltr' id='par_1_3' title="bbox 634 1778 1368 1918">
     <span class='ocr_line' id='line_1_4' title="bbox 634 1778 1368 1918; baseline 0.001 -74"><span class='ocrx_word' id='word_1_26' title='bbox 634 1779 688 1846; x_wconf 92' lang='grc' dir='ltr'>τὸν</span> <span class='ocrx_word' id='word_1_27' title='bbox 710 1778 840 1863; x_wconf 81' lang='grc' dir='ltr'>Πατέρα</span> <span class='ocrx_word' id='word_1_28' title='bbox 1351 1875 1368 1918; x_wconf 66' lang='grc' dir='ltr'><strong>Θ</strong></span> 
     </span>
    </p>
   </div>
   <div class='ocr_carea' id='block_1_4' title="bbox 101 1993 1392 2452">
    <p class='ocr_par' dir='ltr' id='par_1_4' title="bbox 101 1993 1392 2452">
     <span class='ocr_line' id='line_1_5' title="bbox 101 1993 1389 2078; baseline -0.004 -13"><span class='ocrx_word' id='word_1_29' title='bbox 101 1995 240 2071; x_wconf 80' lang='grc' dir='ltr'>5Κάτὼ</span> <span class='ocrx_word' id='word_1_30' title='bbox 267 1995 326 2062; x_wconf 69' lang='grc' dir='ltr'>τὸν</span> <span class='ocrx_word' id='word_1_31' title='bbox 354 1996 454 2066; x_wconf 79' lang='grc' dir='ltr'>δόξαν</span> <span class='ocrx_word' id='word_1_32' title='bbox 482 1997 521 2064; x_wconf 75' lang='grc' dir='ltr'>ἀν</span> <span class='ocrx_word' id='word_1_33' title='bbox 550 1996 699 2064; x_wconf 79' lang='grc' dir='ltr'>δέδωκάς</span> <span class='ocrx_word' id='word_1_34' title='bbox 727 2021 778 2074; x_wconf 89' lang='grc' dir='ltr'>μοι</span> <span class='ocrx_word' id='word_1_35' title='bbox 809 1997 938 2064; x_wconf 82' lang='grc' dir='ltr'>ὸὲὸωκα</span> <span class='ocrx_word' id='word_1_36' title='bbox 968 1993 1088 2078; x_wconf 75' lang='grc' dir='ltr'>αὐτοῖς,</span> <span class='ocrx_word' id='word_1_37' title='bbox 1115 1997 1168 2062; x_wconf 79' lang='grc' dir='ltr'>ἵνα</span> <span class='ocrx_word' id='word_1_38' title='bbox 1196 1993 1277 2063; x_wconf 82' lang='grc' dir='ltr'>ὦσιν</span> <span class='ocrx_word' id='word_1_39' title='bbox 1304 1997 1338 2061; x_wconf 83' lang='grc' dir='ltr'>ἓν</span> <span class='ocrx_word' id='word_1_40' title='bbox 1355 2013 1389 2054; x_wconf 81' lang='lat'>22</span> 
     </span>
     <span class='ocr_line' id='line_1_6' title="bbox 191 2117 1392 2205; baseline 0.005 -17"><span class='ocrx_word' id='word_1_41' title='bbox 191 2122 303 2189; x_wconf 73' lang='grc' dir='ltr'>καθὼς</span> <span class='ocrx_word' id='word_1_42' title='bbox 340 2119 432 2200; x_wconf 67' lang='grc' dir='ltr'>ἡμεῖς</span> <span class='ocrx_word' id='word_1_43' title='bbox 463 2124 509 2205; x_wconf 85' lang='grc' dir='ltr'>ἓν,</span> <span class='ocrx_word' id='word_1_44' title='bbox 539 2124 605 2199; x_wconf 80' lang='grc' dir='ltr'>ἐτὼ</span> <span class='ocrx_word' id='word_1_45' title='bbox 640 2125 675 2190; x_wconf 79' lang='grc' dir='ltr'>ὲν</span> <span class='ocrx_word' id='word_1_46' title='bbox 707 2121 818 2190; x_wconf 83' lang='grc' dir='ltr'>αὐτοῖς</span> <span class='ocrx_word' id='word_1_47' title='bbox 854 2124 907 2190; x_wconf 80' lang='grc' dir='ltr'>καὶ</span> <span class='ocrx_word' id='word_1_48' title='bbox 943 2123 980 2192; x_wconf 83' lang='grc' dir='ltr'>σὺ</span> <span class='ocrx_word' id='word_1_49' title='bbox 1015 2125 1051 2190; x_wconf 78' lang='grc' dir='ltr'>ὲν</span> <span class='ocrx_word' id='word_1_50' title='bbox 1082 2121 1163 2203; x_wconf 75' lang='grc' dir='ltr'>ἐμοὶ,</span> <span class='ocrx_word' id='word_1_51' title='bbox 1194 2122 1247 2188; x_wconf 81' lang='grc' dir='ltr'>ἰ’να</span> <span class='ocrx_word' id='word_1_52' title='bbox 1278 2117 1392 2194; x_wconf 68' lang='grc' dir='ltr'>ὦοι23</span> 
     </span>
     <span class='ocr_line' id='line_1_7' title="bbox 191 2247 1341 2340; baseline 0 -27"><span class='ocrx_word' id='word_1_53' title='bbox 191 2251 442 2324; x_wconf 75' lang='grc' dir='ltr'>τετελειωμένοι</span> <span class='ocrx_word' id='word_1_54' title='bbox 482 2247 529 2315; x_wconf 75' lang='lat' dir='ltr'>sic</span> <span class='ocrx_word' id='word_1_55' title='bbox 569 2251 615 2330; x_wconf 85' lang='grc' dir='ltr'>ἓν,</span> <span class='ocrx_word' id='word_1_56' title='bbox 650 2250 704 2317; x_wconf 84' lang='grc' dir='ltr'>ἵνα</span> <span class='ocrx_word' id='word_1_57' title='bbox 745 2248 887 2340; x_wconf 81' lang='grc' dir='ltr'>τινὼακη</span> <span class='ocrx_word' id='word_1_58' title='bbox 922 2250 941 2316; x_wconf 88' lang='grc' dir='ltr'>ὸ</span> <span class='ocrx_word' id='word_1_59' title='bbox 978 2253 1098 2326; x_wconf 77' lang='grc' dir='ltr'>κόσμος</span> <span class='ocrx_word' id='word_1_60' title='bbox 1140 2250 1190 2315; x_wconf 86' lang='grc' dir='ltr'>ὅτι</span> <span class='ocrx_word' id='word_1_61' title='bbox 1227 2247 1264 2314; x_wconf 86' lang='grc' dir='ltr'>ού</span> <span class='ocrx_word' id='word_1_62' title='bbox 1300 2271 1341 2326; x_wconf 87' lang='grc' dir='ltr'>με</span> 
     </span>
     <span class='ocr_line' id='line_1_8' title="bbox 191 2371 1246 2452; baseline 0.002 -16"><span class='ocrx_word' id='word_1_63' title='bbox 191 2371 389 2440; x_wconf 79' lang='grc' dir='ltr'>ἀπέστειλας</span> <span class='ocrx_word' id='word_1_64' title='bbox 416 2375 470 2440; x_wconf 80' lang='grc' dir='ltr'>καὶ</span> <span class='ocrx_word' id='word_1_65' title='bbox 497 2375 668 2450; x_wconf 71' lang='grc' dir='ltr'>ἀτάττιιαας</span> <span class='ocrx_word' id='word_1_66' title='bbox 696 2374 815 2443; x_wconf 71' lang='grc' dir='ltr'>αὐτοὺς</span> <span class='ocrx_word' id='word_1_67' title='bbox 842 2375 952 2442; x_wconf 75' lang='grc' dir='ltr'>καθὼς</span> <span class='ocrx_word' id='word_1_68' title='bbox 979 2373 1038 2452; x_wconf 76' lang='grc' dir='ltr'>ἐμὲ</span> <span class='ocrx_word' id='word_1_69' title='bbox 1065 2375 1246 2448; x_wconf 71' lang='grc' dir='ltr'>ἀτάττιισοο.</span> 
     </span>
    </p>
   </div>
   <div class='ocr_carea' id='block_1_5' title="bbox 78 2569 1507 4418">
    <p class='ocr_par' dir='ltr' id='par_1_5' title="bbox 78 2569 1507 4418">
     <span class='ocr_line' id='line_1_9' title="bbox 199 2569 1341 2680; baseline 0.002 -30"><span class='ocrx_word' id='word_1_70' title='bbox 199 2575 437 2652; x_wconf 83' lang='grc' dir='ltr'>ΟΥΣΙΩΔΗ</span> <span class='ocrx_word' id='word_1_71' title='bbox 466 2607 505 2652; x_wconf 91' lang='grc' dir='ltr'>τε</span> <span class='ocrx_word' id='word_1_72' title='bbox 531 2575 590 2652; x_wconf 81' lang='grc' dir='ltr'>καὶ</span> <span class='ocrx_word' id='word_1_73' title='bbox 618 2572 778 2680; x_wconf 82' lang='grc' dir='ltr'>φυσικὴν</span> <span class='ocrx_word' id='word_1_74' title='bbox 805 2573 871 2674; x_wconf 86' lang='grc' dir='ltr'>τὴν</span> <span class='ocrx_word' id='word_1_75' title='bbox 898 2574 1028 2654; x_wconf 82' lang='grc' dir='ltr'>ἕνωσιν</span> <span class='ocrx_word' id='word_1_76' title='bbox 1056 2573 1149 2678; x_wconf 88' lang='grc' dir='ltr'>έχειν</span> <span class='ocrx_word' id='word_1_77' title='bbox 1177 2573 1214 2651; x_wconf 82' lang='grc' dir='ltr'>εὖ</span> <span class='ocrx_word' id='word_1_78' title='bbox 1241 2569 1341 2671; x_wconf 78' lang='grc' dir='ltr'>μάλα</span> 
     </span>
     <span class='ocr_line' id='line_1_10' title="bbox 83 2695 1339 2803; baseline 0.003 -31"><span class='ocrx_word' id='word_1_79' title='bbox 83 2733 124 2772; x_wconf 80' lang='grc' dir='ltr'>ιο</span> <span class='ocrx_word' id='word_1_80' title='bbox 140 2695 359 2801; x_wconf 83' lang='grc' dir='ltr'>φρονοῦντές</span> <span class='ocrx_word' id='word_1_81' title='bbox 387 2702 507 2803; x_wconf 86' lang='grc' dir='ltr'>φαμεν</span> <span class='ocrx_word' id='word_1_82' title='bbox 532 2695 623 2800; x_wconf 88' lang='grc' dir='ltr'>πρὸς</span> <span class='ocrx_word' id='word_1_83' title='bbox 652 2696 715 2776; x_wconf 91' lang='grc' dir='ltr'>τὸν</span> <span class='ocrx_word' id='word_1_84' title='bbox 733 2701 859 2779; x_wconf 86' lang='grc' dir='ltr'>ἑαυτοῦ</span> <span class='ocrx_word' id='word_1_85' title='bbox 879 2697 1026 2802; x_wconf 82' lang='grc' dir='ltr'>Πατέρα</span> <span class='ocrx_word' id='word_1_86' title='bbox 1047 2695 1111 2777; x_wconf 91' lang='grc' dir='ltr'>τὸν</span> <span class='ocrx_word' id='word_1_87' title='bbox 1131 2699 1339 2798; x_wconf 80' lang='grc' dir='ltr'>Μονογενῆ,</span> 
     </span>
     <span class='ocr_line' id='line_1_11' title="bbox 139 2816 1507 2924; baseline 0 -26"><span class='ocrx_word' id='word_1_88' title='bbox 139 2817 236 2898; x_wconf 86' lang='grc' dir='ltr'>καθὸ</span> <span class='ocrx_word' id='word_1_89' title='bbox 255 2821 313 2898; x_wconf 79' lang='grc' dir='ltr'>καὶ</span> <span class='ocrx_word' id='word_1_90' title='bbox 331 2820 539 2921; x_wconf 73' lang='grc' dir='ltr'>γεγεννηται</span> <span class='ocrx_word' id='word_1_91' title='bbox 557 2819 649 2901; x_wconf 82' lang='grc' dir='ltr'>κατὰ</span> <span class='ocrx_word' id='word_1_92' title='bbox 671 2821 735 2902; x_wconf 88' lang='grc' dir='ltr'>τὸν</span> <span class='ocrx_word' id='word_1_93' title='bbox 753 2825 871 2923; x_wconf 78' lang='grc' dir='ltr'>ἀληθῆ</span> <span class='ocrx_word' id='word_1_94' title='bbox 894 2825 958 2922; x_wconf 78' lang='grc' dir='ltr'>τῆς</span> <span class='ocrx_word' id='word_1_95' title='bbox 976 2819 1178 2924; x_wconf 74' lang='grc' dir='ltr'>γεννήσεως</span> <span class='ocrx_word' id='word_1_96' title='bbox 1196 2816 1340 2920; x_wconf 89' lang='grc' dir='ltr'>τρόπον,</span> <span class='ocrx_word' id='word_1_97' title='bbox 1353 2837 1507 2892; x_wconf 59' lang='grc' dir='ltr'>ν1001ὰ</span> 
     </span>
     <span class='ocr_line' id='line_1_12' title="bbox 138 2942 1342 3054; baseline 0.002 -34"><span class='ocrx_word' id='word_1_98' title='bbox 138 2945 202 3021; x_wconf 76' lang='grc' dir='ltr'>καὶ</span> <span class='ocrx_word' id='word_1_99' title='bbox 226 2943 270 3049; x_wconf 81' lang='grc' dir='ltr'>ἐξ</span> <span class='ocrx_word' id='word_1_100' title='bbox 290 2944 399 3024; x_wconf 84' lang='grc' dir='ltr'>αι’ντοῦ</span> <span class='ocrx_word' id='word_1_101' title='bbox 424 2953 554 3024; x_wconf 84' lang='grc' dir='ltr'>νοεῖται</span> <span class='ocrx_word' id='word_1_102' title='bbox 578 2948 637 3026; x_wconf 78' lang='grc' dir='ltr'>καὶ</span> <span class='ocrx_word' id='word_1_103' title='bbox 655 2949 693 3025; x_wconf 87' lang='grc' dir='ltr'>ε’ν</span> <span class='ocrx_word' id='word_1_104' title='bbox 711 2946 818 3054; x_wconf 77' lang='grc' dir='ltr'>αὐτῷ,</span> <span class='ocrx_word' id='word_1_105' title='bbox 833 2954 878 3052; x_wconf 78' lang='grc' dir='ltr'>τῇ</span> <span class='ocrx_word' id='word_1_106' title='bbox 897 2945 962 3044; x_wconf 79' lang='grc' dir='ltr'>μέν</span> <span class='ocrx_word' id='word_1_107' title='bbox 980 2947 1055 3026; x_wconf 88' lang='grc' dir='ltr'>κατ’</span> <span class='ocrx_word' id='word_1_108' title='bbox 1076 2945 1169 3025; x_wconf 81' lang='grc' dir='ltr'>ἰδίαν</span> <span class='ocrx_word' id='word_1_109' title='bbox 1188 2942 1342 3049; x_wconf 79' lang='grc' dir='ltr'>ὕπαρξιν</span> 
     </span>
     <span class='ocr_line' id='line_1_13' title="bbox 137 3065 1340 3176; baseline 0.002 -31"><span class='ocrx_word' id='word_1_110' title='bbox 137 3065 321 3169; x_wconf 82' lang='grc' dir='ltr'>ἑτερότητι</span> <span class='ocrx_word' id='word_1_111' title='bbox 338 3066 521 3148; x_wconf 84' lang='grc' dir='ltr'>διεστάναι</span> <span class='ocrx_word' id='word_1_112' title='bbox 543 3103 581 3150; x_wconf 88' lang='grc' dir='ltr'>τε</span> <span class='ocrx_word' id='word_1_113' title='bbox 604 3070 663 3150; x_wconf 79' lang='grc' dir='ltr'>καὶ</span> <span class='ocrx_word' id='word_1_114' title='bbox 688 3071 876 3174; x_wconf 86' lang='grc' dir='ltr'>διωρίσθαι</span> <span class='ocrx_word' id='word_1_115' title='bbox 899 3073 1025 3168; x_wconf 81' lang='grc' dir='ltr'>δοκῶν,</span> <span class='ocrx_word' id='word_1_116' title='bbox 1043 3075 1088 3176; x_wconf 81' lang='grc' dir='ltr'>τῇ</span> <span class='ocrx_word' id='word_1_117' title='bbox 1107 3066 1223 3170; x_wconf 78' lang='grc' dir='ltr'>γεμὴν</span> <span class='ocrx_word' id='word_1_118' title='bbox 1240 3101 1340 3167; x_wconf 86' lang='grc' dir='ltr'>συμ-</span> 
     </span>
     <span class='ocr_line' id='line_1_14' title="bbox 137 3189 1341 3296; baseline 0.004 -25"><span class='ocrx_word' id='word_1_119' title='bbox 137 3189 331 3296; x_wconf 83' lang='grc' dir='ltr'>φνεστοίτη</span> <span class='ocrx_word' id='word_1_120' title='bbox 357 3195 421 3291; x_wconf 79' lang='grc' dir='ltr'>τῆς</span> <span class='ocrx_word' id='word_1_121' title='bbox 448 3193 573 3276; x_wconf 80' lang='grc' dir='ltr'>οὐσίας</span> <span class='ocrx_word' id='word_1_122' title='bbox 601 3194 790 3295; x_wconf 83' lang='grc' dir='ltr'>ταυτότητι</span> <span class='ocrx_word' id='word_1_123' title='bbox 812 3198 872 3274; x_wconf 80' lang='grc' dir='ltr'>καὶ</span> <span class='ocrx_word' id='word_1_124' title='bbox 894 3196 943 3278; x_wconf 84' lang='grc' dir='ltr'>ὡς</span> <span class='ocrx_word' id='word_1_125' title='bbox 966 3193 1004 3273; x_wconf 86' lang='grc' dir='ltr'>έν</span> <span class='ocrx_word' id='word_1_126' title='bbox 1026 3228 1061 3274; x_wconf 93' lang='grc' dir='ltr'>τι</span> <span class='ocrx_word' id='word_1_127' title='bbox 1085 3191 1176 3293; x_wconf 88' lang='grc' dir='ltr'>μετά</span> <span class='ocrx_word' id='word_1_128' title='bbox 1195 3190 1341 3295; x_wconf 89' lang='grc' dir='ltr'>Πατρὸς</span> 
     </span>
     <span class='ocr_line' id='line_1_15' title="bbox 82 3314 1340 3418; baseline -0.006 -18"><span class='ocrx_word' id='word_1_129' title='bbox 82 3359 121 3416; x_wconf 88' lang='lat'>15</span> <span class='ocrx_word' id='word_1_130' title='bbox 137 3315 340 3411; x_wconf 82' lang='grc' dir='ltr'>νοούμενος.</span> <span class='ocrx_word' id='word_1_131' title='bbox 369 3314 488 3416; x_wconf 80' lang='grc' dir='ltr'>ἐπειδὴ</span> <span class='ocrx_word' id='word_1_132' title='bbox 505 3315 543 3398; x_wconf 78' lang='grc' dir='ltr'>δέ</span> <span class='ocrx_word' id='word_1_133' title='bbox 560 3322 623 3416; x_wconf 84' lang='grc' dir='ltr'>τῆς</span> <span class='ocrx_word' id='word_1_134' title='bbox 641 3319 722 3400; x_wconf 84' lang='grc' dir='ltr'>καθ’</span> <span class='ocrx_word' id='word_1_135' title='bbox 743 3319 835 3418; x_wconf 81' lang='grc' dir='ltr'>ἡμᾶς</span> <span class='ocrx_word' id='word_1_136' title='bbox 853 3319 969 3398; x_wconf 81' lang='grc' dir='ltr'>ἕνεκεν</span> <span class='ocrx_word' id='word_1_137' title='bbox 987 3318 1196 3416; x_wconf 76' lang='grc' dir='ltr'>οἰκονομίας,</span> <span class='ocrx_word' id='word_1_138' title='bbox 1215 3348 1340 3416; x_wconf 88' lang='grc' dir='ltr'>σωτη-</span> 
     </span>
     <span class='ocr_line' id='line_1_16' title="bbox 135 3437 1342 3547; baseline -0.001 -27"><span class='ocrx_word' id='word_1_139' title='bbox 135 3441 222 3544; x_wconf 87' lang='grc' dir='ltr'>ρίας</span> <span class='ocrx_word' id='word_1_140' title='bbox 240 3475 280 3519; x_wconf 92' lang='grc' dir='ltr'>τε</span> <span class='ocrx_word' id='word_1_141' title='bbox 303 3445 361 3520; x_wconf 78' lang='grc' dir='ltr'>καὶ</span> <span class='ocrx_word' id='word_1_142' title='bbox 382 3441 483 3546; x_wconf 80' lang='grc' dir='ltr'>ζωῆς,</span> <span class='ocrx_word' id='word_1_143' title='bbox 501 3443 565 3522; x_wconf 92' lang='grc' dir='ltr'>τὸν</span> <span class='ocrx_word' id='word_1_144' title='bbox 584 3444 621 3522; x_wconf 82' lang='grc' dir='ltr'>ἐν</span> <span class='ocrx_word' id='word_1_145' title='bbox 639 3444 765 3547; x_wconf 83' lang='grc' dir='ltr'>ἀρχαῖς</span> <span class='ocrx_word' id='word_1_146' title='bbox 790 3438 914 3546; x_wconf 81' lang='grc' dir='ltr'>ὥσπερ</span> <span class='ocrx_word' id='word_1_147' title='bbox 939 3441 1110 3542; x_wconf 78' lang='grc' dir='ltr'>ἐκβέβηκε</span> <span class='ocrx_word' id='word_1_148' title='bbox 1135 3438 1257 3537; x_wconf 86' lang='grc' dir='ltr'>τόπον,</span> <span class='ocrx_word' id='word_1_149' title='bbox 1275 3437 1342 3537; x_wconf 87' lang='grc' dir='ltr'>τὴν</span> 
     </span>
     <span class='ocr_line' id='line_1_17' title="bbox 136 3561 1342 3672; baseline -0.003 -26"><span class='ocrx_word' id='word_1_150' title='bbox 136 3561 297 3664; x_wconf 79' lang='grc' dir='ltr'>ἰσότητά</span> <span class='ocrx_word' id='word_1_151' title='bbox 320 3571 414 3672; x_wconf 87' lang='grc' dir='ltr'>φημι</span> <span class='ocrx_word' id='word_1_152' title='bbox 438 3564 504 3666; x_wconf 76' lang='grc' dir='ltr'>τὴν</span> <span class='ocrx_word' id='word_1_153' title='bbox 522 3565 612 3668; x_wconf 89' lang='grc' dir='ltr'>πρὸς</span> <span class='ocrx_word' id='word_1_154' title='bbox 637 3564 701 3646; x_wconf 90' lang='grc' dir='ltr'>τὸν</span> <span class='ocrx_word' id='word_1_155' title='bbox 720 3566 866 3670; x_wconf 89' lang='grc' dir='ltr'>Πατέρα</span> <span class='ocrx_word' id='word_1_156' title='bbox 893 3569 952 3647; x_wconf 81' lang='grc' dir='ltr'>καὶ</span> <span class='ocrx_word' id='word_1_157' title='bbox 974 3564 1079 3662; x_wconf 82' lang='grc' dir='ltr'>Θεὸν,</span> <span class='ocrx_word' id='word_1_158' title='bbox 1099 3568 1198 3644; x_wconf 85' lang='grc' dir='ltr'>δοκεῖ</span> <span class='ocrx_word' id='word_1_159' title='bbox 1220 3563 1258 3643; x_wconf 81' lang='grc' dir='ltr'>δέ</span> <span class='ocrx_word' id='word_1_160' title='bbox 1283 3565 1342 3643; x_wconf 84' lang='grc' dir='ltr'>καὶ</span> 
     </span>
     <span class='ocr_line' id='line_1_18' title="bbox 135 3687 1340 3796; baseline -0.003 -26"><span class='ocrx_word' id='word_1_161' title='bbox 135 3691 399 3770; x_wconf 82' lang='grc' dir='ltr'>σεσαλεῦσθαί</span> <span class='ocrx_word' id='word_1_162' title='bbox 412 3723 490 3773; x_wconf 88' lang='grc' dir='ltr'>πως</span> <span class='ocrx_word' id='word_1_163' title='bbox 509 3694 557 3774; x_wconf 82' lang='grc' dir='ltr'>εἰς</span> <span class='ocrx_word' id='word_1_164' title='bbox 573 3687 641 3788; x_wconf 77' lang='grc' dir='ltr'>τὴν</span> <span class='ocrx_word' id='word_1_165' title='bbox 653 3693 717 3787; x_wconf 78' lang='grc' dir='ltr'>τῆς</span> <span class='ocrx_word' id='word_1_166' title='bbox 736 3693 983 3796; x_wconf 84' lang='grc' dir='ltr'>ἀφανεστέρας</span> <span class='ocrx_word' id='word_1_167' title='bbox 1002 3687 1110 3796; x_wconf 79' lang='grc' dir='ltr'>δόξης</span> <span class='ocrx_word' id='word_1_168' title='bbox 1129 3687 1340 3791; x_wconf 79' lang='grc' dir='ltr'>ὑπέρβασιν·</span> 
     </span>
     <span class='ocr_line' id='line_1_19' title="bbox 136 3809 1492 3946; baseline 0.001 -51"><span class='ocrx_word' id='word_1_169' title='bbox 136 3822 251 3894; x_wconf 83' lang='grc' dir='ltr'>τοῦτο</span> <span class='ocrx_word' id='word_1_170' title='bbox 272 3811 344 3915; x_wconf 86' lang='grc' dir='ltr'>γάρ</span> <span class='ocrx_word' id='word_1_171' title='bbox 363 3809 408 3912; x_wconf 83' lang='grc' dir='ltr'>ἦν</span> <span class='ocrx_word' id='word_1_172' title='bbox 429 3810 471 3892; x_wconf 89' lang='grc' dir='ltr'>τό</span> <span class='ocrx_word' id='word_1_173' title='bbox 492 3812 693 3893; x_wconf 86' lang='grc' dir='ltr'>Κεκένωκεν</span> <span class='ocrx_word' id='word_1_174' title='bbox 715 3812 851 3894; x_wconf 83' lang='grc' dir='ltr'>ἑαυτόν·</span> <span class='ocrx_word' id='word_1_175' title='bbox 885 3814 905 3893; x_wconf 91' lang='grc' dir='ltr'><strong>ὁ</strong></span> <span class='ocrx_word' id='word_1_176' title='bbox 932 3811 1048 3894; x_wconf 82' lang='grc' dir='ltr'>πάλαι</span> <span class='ocrx_word' id='word_1_177' title='bbox 1075 3815 1133 3893; x_wconf 81' lang='grc' dir='ltr'>καὶ</span> <span class='ocrx_word' id='word_1_178' title='bbox 1160 3812 1204 3922; x_wconf 82' lang='grc' dir='ltr'>ἐξ</span> <span class='ocrx_word' id='word_1_179' title='bbox 1228 3814 1342 3916; x_wconf 82' lang='grc' dir='ltr'>ἀρχῆς</span> <span class='ocrx_word' id='word_1_180' title='bbox 1386 3816 1492 3946; x_wconf 55' lang='lat' dir='ltr'>{¹²stst</span> 
     </span>
     <span class='ocr_line' id='line_1_20' title="bbox 78 3934 1375 4042; baseline -0.005 -23"><span class='ocrx_word' id='word_1_181' title='bbox 78 3991 120 4030; x_wconf 80' lang='lat'>20</span> <span class='ocrx_word' id='word_1_182' title='bbox 133 3935 352 4042; x_wconf 82' lang='grc' dir='ltr'>ἐνυπάρχων</span> <span class='ocrx_word' id='word_1_183' title='bbox 378 3935 469 4036; x_wconf 82' lang='grc' dir='ltr'>μετὰ</span> <span class='ocrx_word' id='word_1_184' title='bbox 497 3934 644 4039; x_wconf 91' lang='grc' dir='ltr'>Πατρὸς</span> <span class='ocrx_word' id='word_1_185' title='bbox 675 3937 813 4042; x_wconf 84' lang='grc' dir='ltr'>δέχεται</span> <span class='ocrx_word' id='word_1_186' title='bbox 843 3944 948 4017; x_wconf 83' lang='grc' dir='ltr'>τοῦτο</span> <span class='ocrx_word' id='word_1_187' title='bbox 978 3934 1069 4036; x_wconf 87' lang='grc' dir='ltr'>μετά</span> <span class='ocrx_word' id='word_1_188' title='bbox 1102 3936 1248 4040; x_wconf 89' lang='grc' dir='ltr'>σαρκὸς,</span> <span class='ocrx_word' id='word_1_189' title='bbox 1277 3942 1375 4016; x_wconf 77' lang='grc' dir='ltr'>τοῦὸ</span> 
     </span>
     <span class='ocr_line' id='line_1_21' title="bbox 133 4058 1343 4165; baseline 0.001 -23"><span class='ocrx_word' id='word_1_190' title='bbox 133 4061 268 4165; x_wconf 82' lang='grc' dir='ltr'>γηίνον</span> <span class='ocrx_word' id='word_1_191' title='bbox 296 4095 334 4142; x_wconf 89' lang='grc' dir='ltr'>τε</span> <span class='ocrx_word' id='word_1_192' title='bbox 363 4064 422 4140; x_wconf 85' lang='grc' dir='ltr'>καὶ</span> <span class='ocrx_word' id='word_1_193' title='bbox 450 4058 617 4163; x_wconf 76' lang='grc' dir='ltr'>έπικὴρου</span> <span class='ocrx_word' id='word_1_194' title='bbox 643 4059 912 4162; x_wconf 86' lang='grc' dir='ltr'>περιβλήματος</span> <span class='ocrx_word' id='word_1_195' title='bbox 942 4065 1001 4140; x_wconf 85' lang='grc' dir='ltr'>καὶ</span> <span class='ocrx_word' id='word_1_196' title='bbox 1028 4065 1092 4160; x_wconf 82' lang='grc' dir='ltr'>τῆς</span> <span class='ocrx_word' id='word_1_197' title='bbox 1122 4059 1343 4162; x_wconf 87' lang='grc' dir='ltr'>ἀνθρωπείας</span> 
     </span>
     <span class='ocr_line' id='line_1_22' title="bbox 133 4182 1339 4293; baseline -0.002 -23"><span class='ocrx_word' id='word_1_198' title='bbox 133 4190 297 4291; x_wconf 78' lang='grc' dir='ltr'>μορφῆς,</span> <span class='ocrx_word' id='word_1_199' title='bbox 333 4189 398 4285; x_wconf 81' lang='grc' dir='ltr'>τῆς</span> <span class='ocrx_word' id='word_1_200' title='bbox 433 4187 481 4269; x_wconf 84' lang='grc' dir='ltr'>ὡς</span> <span class='ocrx_word' id='word_1_201' title='bbox 518 4188 556 4265; x_wconf 85' lang='grc' dir='ltr'>έν</span> <span class='ocrx_word' id='word_1_202' title='bbox 590 4182 692 4292; x_wconf 81' lang='grc' dir='ltr'>λόγῳ</span> <span class='ocrx_word' id='word_1_203' title='bbox 730 4188 823 4293; x_wconf 85' lang='grc' dir='ltr'>φημὶ</span> <span class='ocrx_word' id='word_1_204' title='bbox 858 4192 910 4293; x_wconf 77' lang='grc' dir='ltr'>τῷ</span> <span class='ocrx_word' id='word_1_205' title='bbox 951 4190 1096 4293; x_wconf 80' lang='grc' dir='ltr'>φυσικῷ</span> <span class='ocrx_word' id='word_1_206' title='bbox 1135 4182 1339 4284; x_wconf 85' lang='grc' dir='ltr'>νοουμένης,</span> 
     </span>
     <span class='ocr_line' id='line_1_23' title="bbox 135 4305 1343 4418; baseline -0.002 -28"><span class='ocrx_word' id='word_1_207' title='bbox 135 4307 367 4409; x_wconf 82' lang='grc' dir='ltr'>ἀπαιτούσης</span> <span class='ocrx_word' id='word_1_208' title='bbox 391 4311 602 4412; x_wconf 83' lang='grc' dir='ltr'>ἀναγκαίως,</span> <span class='ocrx_word' id='word_1_209' title='bbox 621 4307 782 4413; x_wconf 80' lang='grc' dir='ltr'>καθάπερ</span> <span class='ocrx_word' id='word_1_210' title='bbox 805 4312 843 4390; x_wconf 80' lang='grc' dir='ltr'>ἐν</span> <span class='ocrx_word' id='word_1_211' title='bbox 865 4309 1009 4416; x_wconf 83' lang='grc' dir='ltr'>χάριτος</span> <span class='ocrx_word' id='word_1_212' title='bbox 1033 4309 1140 4412; x_wconf 83' lang='grc' dir='ltr'>μέρει,</span> <span class='ocrx_word' id='word_1_213' title='bbox 1163 4305 1206 4388; x_wconf 91' lang='grc' dir='ltr'>τὸ</span> <span class='ocrx_word' id='word_1_214' title='bbox 1232 4307 1343 4418; x_wconf 82' lang='grc' dir='ltr'>φύσει</span> 
     </span>
    </p>
   </div>
   <div class='ocr_carea' id='block_1_6' title="bbox 134 4545 1345 4680">
    <p class='ocr_par' dir='ltr' id='par_1_6' title="bbox 134 4545 1345 4680">
     <span class='ocr_line' id='line_1_24' title="bbox 178 4545 1345 4620; baseline -0.003 -16"><span class='ocrx_word' id='word_1_215' title='bbox 178 4565 230 4616; x_wconf 78' lang='grc'>1-4</span> <span class='ocrx_word' id='word_1_216' title='bbox 243 4564 299 4603; x_wconf 86' lang='lat' dir='ltr'>om.</span> <span class='ocrx_word' id='word_1_217' title='bbox 314 4547 345 4602; x_wconf 84' lang='grc' dir='ltr'>Ε.</span> <span class='ocrx_word' id='word_1_218' title='bbox 468 4548 494 4604; x_wconf 83' lang='grc'>6.</span> <span class='ocrx_word' id='word_1_219' title='bbox 514 4546 553 4620; x_wconf 78' lang='grc' dir='ltr'>έν]</span> <span class='ocrx_word' id='word_1_220' title='bbox 573 4557 597 4612; x_wconf 85' lang='lat'>†</span> <span class='ocrx_word' id='word_1_221' title='bbox 615 4548 695 4618; x_wconf 80' lang='grc' dir='ltr'>ε’σμεν</span> <span class='ocrx_word' id='word_1_222' title='bbox 707 4546 760 4603; x_wconf 83' lang='grc' dir='ltr'>Εδ.</span> <span class='ocrx_word' id='word_1_223' title='bbox 772 4547 856 4604; x_wconf 84' lang='lat' dir='ltr'>invito</span> <span class='ocrx_word' id='word_1_224' title='bbox 869 4547 902 4602; x_wconf 83' lang='lat' dir='ltr'>E.</span> <span class='ocrx_word' id='word_1_225' title='bbox 1023 4559 1048 4617; x_wconf 83' lang='lat'>7.</span> <span class='ocrx_word' id='word_1_226' title='bbox 1066 4546 1103 4604; x_wconf 78' lang='grc' dir='ltr'>εἷς</span> <span class='ocrx_word' id='word_1_227' title='bbox 1114 4545 1141 4602; x_wconf 82' lang='grc' dir='ltr'>έν</span> <span class='ocrx_word' id='word_1_228' title='bbox 1152 4545 1345 4616; x_wconf 79' lang='grc' dir='ltr'>τετελειωμένοι</span> 
     </span>
     <span class='ocr_line' id='line_1_25' title="bbox 134 4617 434 4680; baseline -0.007 -4"><span class='ocrx_word' id='word_1_229' title='bbox 134 4623 250 4676; x_wconf 80' lang='lat' dir='ltr'>invem</span> <span class='ocrx_word' id='word_1_230' title='bbox 262 4617 358 4674; x_wconf 73' lang='lat' dir='ltr'>ordine</span> <span class='ocrx_word' id='word_1_231' title='bbox 369 4618 402 4674; x_wconf 82' lang='lat' dir='ltr'>E.</span> <span class='ocrx_word' id='word_1_232' title='bbox 432 4673 434 4680; x_wconf 87' lang='grc'>,</span> 
     </span>
    </p>
   </div>
   <div class='ocr_carea' id='block_1_7' title="bbox 182 4719 759 4768">
    <p class='ocr_par' dir='ltr' id='par_1_7' title="bbox 182 4719 759 4768">
     <span class='ocr_line' id='line_1_26' title="bbox 182 4719 759 4768; baseline -0.002 -2"><span class='ocrx_word' id='word_1_233' title='bbox 182 4719 258 4768; x_wconf 74' lang='lat' dir='ltr'>VOL.</span> <span class='ocrx_word' id='word_1_234' title='bbox 275 4723 320 4768; x_wconf 82' lang='lat'>111.</span> <span class='ocrx_word' id='word_1_235' title='bbox 739 4721 759 4765; x_wconf 88' lang='lat' dir='ltr'>B</span> 
     </span>
    </p>
   </div>
   <div class='ocr_carea' id='block_1_8' title="bbox 248 4829 304 4901">
    <p class='ocr_par' dir='ltr' id='par_1_8' title="bbox 248 4829 304 4901">
     <span class='ocr_line' id='line_1_27' title="bbox 248 4829 304 4901; baseline 0 0"><span class='ocrx_word' id='word_1_236' title='bbox 248 4829 304 4901; x_wconf 65' lang='grc' dir='ltr'>,τ’</span> 
     </span>
    </p>
   </div>
   <div class='ocr_carea' id='block_1_9' title="bbox 0 0 1661 5142">
    <p class='ocr_par' dir='ltr' id='par_1_9' title="bbox 0 0 1661 5142">
     <span class='ocr_line' id='line_1_28' title="bbox 0 0 1661 5142; baseline 0 0"><span class='ocrx_word' id='word_1_237' title='bbox 0 0 1661 5142; x_wconf 95' lang='lat' dir='ltr'> </span> 
     </span>
    </p>
   </div>
  </div>
 </body>
</html>
