3284 5130
130 323 198 391 xix.
217 347 266 413 ¹9·
413 333 470 397 IN
497 333 531 399 S.
556 334 577 396 J
583 333 812 399 OANNEM.
852 333 946 398 LIB.
965 334 1044 397 XII.
1294 332 1336 394 83

133 491 443 600 συναφθῆσεσθαι
469 498 682 596 μελλόντων
708 499 804 607 αύτῷ
833 499 897 579 δύο
926 505 1041 595 λαῶν,
1072 500 1165 600 φημὶ
1196 495 1240 594 δὴ
1271 503 1335 574 τοῦ

133 611 179 720 ἐξ
203 612 358 719 Ἰσραὴλ
386 624 445 702 καὶ
472 631 537 703 τοῦ
566 623 610 730 ἐξ
634 626 758 703 ἐθνῶν.
806 623 1017 726 κατάκριτος
1045 619 1083 701 δέ
1113 618 1171 700 διὰ
1199 621 1238 699 τί
1263 625 1335 698 τῶν

133 737 305 820 τοιούτων
324 745 344 823 ό
362 745 497 842 τύπος;
528 748 720 832 Ἰουδαίους
741 746 806 846 μὲν
825 745 898 850 γὰρ
925 749 944 826 ό
972 747 1079 843 νόμος
1104 744 1366 847 κατακρίτουςο

134 861 316 964 ἐδείκνυεν,
329 865 445 975 ἔνοχοι
463 870 535 974 γὰρ
552 869 650 973 ἦσαν
668 878 745 956 ταῖς
763 871 1031 975 παραβάσεσιν,
1044 867 1236 968 Ἕλληνας
1255 865 1293 945 δέ
1312 867 1335 968 ἡ

100 986 270 1089 5πλάνη·
300 994 563 1098 λελαπρεύκασι
581 993 653 1098 γὰρ
672 997 716 1100 τῇ
735 994 850 1075 κτίσει
866 993 966 1099 παρὰ
985 993 1047 1074 τόν
1066 993 1252 1074 κτίσαντα.

193 1115 266 1193 Καὶ
294 1115 378 1196 καθ’
400 1118 519 1223 ἕτερον
545 1117 584 1198 δέ
613 1118 749 1223 τρόπον
779 1125 812 1199 οἱ
841 1125 994 1225 Χριστῷ
1022 1117 1247 1216 κολλώμενοι
1277 1117 1337 1196 καὶ

134 1248 423 1343 συστανροῦνπαι
449 1244 592 1328 πάντως
620 1245 728 1350 αύτῷ·
771 1241 927 1324 θάνατον
955 1240 1026 1345 γάρ
1055 1239 1182 1342 ὥσπερ
1206 1237 1271 1318 τὸν
1297 1241 1336 1319 ἐκ

134 1364 198 1458 Ὶῆἲ
227 1364 376 1468 ἀρχαίας
406 1367 640 1472 ἀναστροφῆς
671 1366 904 1466 ὑπομένοντες
936 1365 1026 1469 πρὸς
1060 1364 1143 1444 νέαν
1170 1360 1250 1442 τινά
1278 1366 1336 1442 καὶ

134 1485 370 1588 εύαγγελικῆν
388 1491 679 1597 ἀναμορφοῦνται
704 1489 809 1593 ζωήν.
850 1493 908 1570 καὶ
933 1498 1022 1593 γοῦν
1042 1490 1061 1568 ό
1082 1493 1233 1572 Παῦλος
1250 1482 1333 1565 ἐλε-

87 1646 121 1687 ιο
135 1641 199 1710 γευ
227 1619 249 1657 “
263 1615 313 1690 Οἱ
340 1613 378 1692 δέ
405 1623 470 1694 τοῦ
497 1613 622 1716 Ἰησοῦ
646 1620 813 1718 Χριστοῦ
846 1612 912 1714 τὴν
944 1611 1066 1717 σάρκα
1097 1609 1335 1714 ἐσταύρωσαν
1381 1614 1473 1746 ffv·

135 1747 157 1782 “
175 1732 246 1814 σῦν
264 1744 337 1821 τοῖς
359 1737 550 1840 παθήμασι
578 1741 638 1819 καὶ
665 1746 742 1824 ταῖς
763 1739 993 1839 ἐπιθυμίαις,”
1013 1740 1072 1818 καὶ
1095 1737 1209 1818 πάλιν
1227 1739 1275 1820 ὡς
1297 1736 1369 1815 ἐνά

133 1865 208 1944 τοῖς
236 1863 316 1940 καθ’
343 1859 469 1943 ἑαυτὸν
496 1865 577 1965 περὶ
604 1861 751 1944 πάντων
779 1873 801 1910 “
814 1863 913 1965 Ἐγὼ
938 1861 1011 1966 γάρ
1029 1860 1089 1942 διὰ
1108 1859 1218 1960 νόμον
1237 1859 1335 1965 νόμῳ
1380 1868 1501 1984 ξξδὶῐνι

135 1993 156 2029 “
175 1983 364 2082 ἀπέθανον,
382 1988 441 2064 ἵνα
464 1992 547 2093 Θεῷ
574 1984 683 2090 ζήσω,
702 1988 856 2094 Χριστῷ
883 1983 1193 2087 συνεσταύρωμαι,
1222 1980 1269 2084 ζεῦ
1297 1980 1335 2061 δέ
1415 1970 1421 1984 ’

135 2119 156 2155 “
175 2107 289 2187 οῦκέτι
316 2106 398 2211 ἐγὼ,
427 2108 469 2214 ᾖ
499 2110 538 2190 δὲ
566 2112 604 2190 έν
632 2111 711 2209 ἐμοὶ
739 2107 937 2213 Χριστός·”
977 2105 1184 2190 ἐπιστέλλει
1214 2107 1252 2187 δέ
1277 2111 1336 2188 καὶ

89 2265 121 2324 15
133 2229 226 2333 πρός
243 2266 343 2318 τινας
366 2243 389 2281 “
404 2240 450 2315 Ei
474 2235 538 2314 οῦν
556 2231 749 2315 ἀπεθάνετε
767 2235 805 2313 ἐκ
823 2241 888 2314 τοῦ
913 2230 1069 2331 κόσμου,
1090 2233 1128 2312 τί
1144 2235 1191 2316 ὡς
1210 2231 1336 2335 ζῶντες
1415 2330 1421 2344 ⁸

135 2365 157 2402 “
174 2358 215 2435 ἐν
232 2362 283 2464 τῷ
304 2354 432 2465 κόσμῳ
459 2358 688 2464 χρηματίζετε
701 2356 735 2456 ;”
766 2357 919 2442 θάνατος
942 2355 1014 2460 γὰρ
1040 2360 1215 2455 κωμικῆς
1244 2358 1333 2436 ἀνα-

134 2484 302 2586 στροφῆς
327 2488 375 2566 είς
396 2482 511 2589 ἀρχάς
541 2484 711 2590 ἀναφέρει
738 2486 803 2582 τῆς
830 2483 869 2561 ἐν
887 2486 1041 2587 Χριστῷ
1067 2481 1251 2563 πολιτείας
1279 2481 1337 2559 καὶ
1429 2565 1433 2571 ,

135 2602 237 2707 ζωῆς.
263 2607 389 2686 οὐκοῦν
407 2607 429 2707 ἡ
448 2605 706 2711 συσταύρωσις
724 2613 798 2685 τῶν
816 2604 879 2686 δύο
898 2610 1061 2710 λῃστῶν,
1075 2603 1242 2702 σημαίνει
1260 2637 1338 2687 πως

135 2729 221 2828 ἡμῖν
238 2729 296 2810 διὰ
314 2739 377 2811 τοῦ
395 2731 683 2832 συμβεβηκότος,
703 2736 776 2811 τῶν
795 2728 859 2814 δύο
879 2733 979 2808 λαῶν
1001 2724 1068 2828 τῆν
1089 2723 1338 2829 παράστασιν,

86 2854 473 2962 ιοσυντεθνηξομένωυ
501 2853 626 2956 ὥσπερ
653 2859 705 2964 τῷ
734 2857 875 2956 Σωτῆρι
904 2856 1069 2959 Χριστῷ,
1103 2848 1195 2930 κατά
1221 2884 1263 2953 γε
1294 2849 1337 2930 τὸ

135 2975 392 3084 ἀποτάξασθαι
428 2985 617 3079 κοσμικαῖς
654 2978 806 3079 ἡδοναῖς,
840 2979 898 3057 καὶ
936 2974 1060 3076 μηκέτι
1088 2975 1155 3079 ζῆν
1188 2972 1338 3054 ἑλέσθαι

134 3109 328 3203 σαρκικιῦς,
346 3102 601 3208 σνζησομένων
619 3100 657 3181 δέ
683 3108 830 3200 μᾶλλον
857 3106 909 3208 τῷ
939 3100 1015 3206 ίδίῳ
1034 3094 1226 3202 Δεσπότη,
1246 3095 1367 3178 ὅσονο

134 3225 220 3326 ᾗκεν
238 3233 286 3312 εἰς
303 3227 345 3308 τὸ
370 3229 466 3335 αύτῷ
492 3224 758 3322 πολιτεύεσθαι,
779 3228 836 3305 καὶ
858 3225 954 3332 αὐτῷ
978 3219 1045 3321 τῆν
1064 3222 1156 3302 ἰδίαν
1179 3219 1338 3324 ἀναγρά-

133 3355 209 3458 ψαι
233 3350 336 3455 ζωήν.
377 3353 583 3449 λυμαίνεται
611 3348 649 3429 δέ
677 3348 841 3454 ούδέντῆ
869 3351 933 3447 τῆς
956 3343 1088 3428 εἰκόνος
1114 3342 1269 3443 δυνάμει,
1295 3343 1336 3425 τὸ
1383 3351 1483 3430 ⁵·.¹.⁴¹¹⁰·

1382 3418 1452 3467 xxni.
1465 3431 1505 3478 3²·

86 3515 121 3574 25
135 3474 355 3578 κακούργους
379 3473 465 3556 εἶναι
488 3472 572 3560 τοῦς
600 3472 965 3576 συγκεκρεμαμένους·
998 3480 1021 3517 “
1035 3466 1122 3570 ἦμεν
1141 3467 1212 3572 γὰρ
1231 3469 1338 3550 τέκνα
1382 3483 1486 3548 1³·th

134 3609 160 3645 “
178 3597 288 3703 φύσει
311 3601 450 3704 ὀργῆς”
476 3597 549 3703 πρὸ
572 3603 636 3700 τῆς
662 3604 711 3682 εἰς
733 3593 898 3700 Χριστὸν
917 3594 1085 3691 πίστεως,
1107 3595 1167 3672 καὶ
1194 3593 1338 3703 θανάτιρ
1382 3563 1407 3611 ³⁸

132 3721 269 3808 πάντες
288 3723 415 3830 ἔνοχοι,
433 3723 596 3827 καθάπερ
614 3721 756 3821 ε’ίπομεν
775 3723 812 3802 ἐν
830 3723 937 3826 ἀρχῆ.

128 3939 281 4028 Ἒτραψε
309 3939 345 4005 δὲ
373 3940 426 4004 καὶ
452 3939 561 4005 τίτλον
583 3939 601 4005 ὀ
625 3939 768 4004 Πιλάτου
798 3937 852 4002 καὶ
877 3936 995 4001 ἔθιικεν
1023 3932 1073 3999 ἐπὶ
1101 3939 1158 4000 τοῦ
1186 3937 1335 4020 σταυροῦ·
1354 3953 1389 4010 19

188 4065 227 4135 νῦν
255 4067 291 4137 δὲ
315 4068 534 4158 τετραμμένον
571 4064 716 4131 ΙΗΣΟΥ(
758 4063 785 4128 0
819 4061 1040 4128 ΝΑΖΩΡΑΙΟ(
1081 4060 1108 4125 0
1142 4056 1333 4124 ΒΑΣΙΛΕΥ(

84 4206 121 4262 30
187 4185 276 4252 ΤΩΝ
311 4184 513 4256 ΙΟΥΔΑΙΩΝ.

192 4339 311 4416 Τοῦτο
334 4331 378 4434 δῆ
402 4332 545 4417 πάντως
566 4334 645 4411 ἐστὶ
668 4328 709 4410 τὸ
733 4329 816 4408 καθ’
836 4326 936 4426 ἡμῶν
964 4322 1219 4432 χειρόγραφον,
1237 4319 1257 4401 δ
1276 4323 1334 4400 καὶ
1348 4343 1506 4403 aloooA.

136 4489 139 4494 ¹
174 4531 200 4569 τ.
221 4513 370 4588 κατάκριηος
382 4511 415 4566 Ε.
428 4511 574 4580 κατάκριτοι
589 4509 640 4565 Ed.
773 4519 797 4577 7.
817 4507 906 4575 ὥσπερ
919 4521 973 4558 οιιι.
987 4503 1020 4557 E.
1155 4499 1195 4557 16.
1214 4501 1338 4574 χρηματί-

137 4588 208 4654 (twa
223 4583 254 4640 Ε.
268 4581 494 4656 χρηματίζεσθεβ)
509 4581 538 4637 F.
681 4595 725 4650 31.
745 4581 826 4632 Τοῦτο
839 4573 885 4647 δίη]
898 4575 975 4630 Τουτὶ
988 4574 1015 4629 δι’
1030 4592 1054 4629 a.

714 4681 738 4724 M
756 4677 773 4725 2
