3284 5130
301 290 344 350 8ss
604 290 644 355 Β.
668 288 879 354 CYRILLI
910 287 1201 353 ALEXANDR.
1371 285 1503 366 xix.19.

303 454 551 555 προσηλῶσαί
576 459 691 562 φησιν
718 457 740 534 ὁ
768 455 962 538 θεσπέσιος
989 460 1139 539 Παῦλος
1168 455 1219 561 τῷ
1248 452 1324 559 ίδίῳ
1354 449 1504 553 σταυρῷ

304 575 369 658 τὸν
400 576 544 681 Κύρων,
576 582 821 683 θριαμβεῦσαί
846 614 885 658 τε
914 581 952 658 ἐν
985 579 1081 686 αὐτῷ
1112 576 1177 664 τὰς
1206 573 1319 682 άρχᾶς
1349 576 1408 654 καὶ
1436 570 1503 656 τὰς

303 701 479 808 ἐξουσίας,
498 705 547 787 ὡς
575 701 798 802 νενικημένας
825 699 994 804 δηλονότι
1019 705 1079 782 καὶ
1101 706 1165 802 τῆς
1184 702 1272 784 ίδίας
1290 693 1501 779 άποπεσού·

302 861 374 910 σας
393 828 515 930 ἀρχῆς.
546 832 576 906 εί
594 826 664 930 γὰρ
683 833 741 906 καὶ
759 829 824 908 οὐκ
841 825 948 912 αὐτὸς
964 824 1029 907 τὸυ
1047 828 1157 908 τίτλον
1175 824 1306 931 ἔπηξεν
1324 823 1344 900 ὁ
1363 817 1504 922 Σωτῆρ,

303 951 387 1029 ἀλλ’
410 951 512 1051 ὁτῆς
528 952 710 1031 Ἰουδαίων
727 951 855 1052 μανίας
880 949 1102 1054 συνεργάτην
1129 953 1187 1029 καὶ
1212 945 1400 1050 ὑπουργὸς,
1416 947 1502 1024 ἀλλ’
1520 961 1539 1022 5

304 1075 367 1153 οὖν
385 1076 436 1180 τῷ
453 1075 586 1179 ἐφεῖναι
605 1074 774 1177 γενέσθαι
792 1077 850 1156 καὶ
872 1083 979 1155 τοῦτο
998 1079 1045 1160 ὡς
1064 1071 1259 1176 αὐτουργὸς
1277 1070 1505 1173 άναγεγραπ-

302 1231 372 1274 ται.
401 1197 653 1300 τεθριάμβευκε
672 1196 711 1277 δέ
730 1197 793 1282 τὰς
811 1197 925 1303 ἀρχὰς
942 1200 981 1277 έν
999 1198 1107 1305 αὐτῷ.
1138 1198 1327 1300 προῦκειτο
1344 1193 1417 1297 γὰρ
1429 1201 1504 1276 τοῖς

268 1318 493 1401 δέθέλουσιν
510 1328 558 1407 είς
583 1321 798 1425 ἀνάγνωσιν,
816 1318 880 1402 τόν
901 1319 989 1426 ὑπὲρ
1009 1322 1109 1422 ἡμῶν
1126 1319 1291 1403 παθόντα
1315 1324 1504 1420 σημαῖνον,

304 1447 362 1523 καὶ
388 1443 454 1540 τῆν
474 1446 565 1525 ίδίαν
583 1445 727 1526 διδόντα
745 1443 872 1552 φνχῆν
889 1449 953 1545 τῆς
979 1444 1149 1527 ἁπάντων
1167 1444 1257 1549 ζωῆς
1278 1444 1503 1543 ἀντίλυτρον.

303 1566 433 1652 πάντες
460 1568 526 1665 μὲν
543 1568 615 1672 γὰρ
631 1575 664 1649 οἱ
690 1568 787 1654 ὄντες
813 1572 868 1650 ἐπὶ
891 1575 955 1670 τῆς
983 1574 1061 1672 γῆς,
1078 1571 1222 1672 ε’πείπερ
1250 1565 1390 1671 ἀρκύων
1417 1563 1505 1644 εἴσω
1523 1592 1563 1632 10

304 1697 377 1771 τῶν
409 1696 472 1791 τῆς
505 1693 680 1796 ἁμαρτίας
712 1692 963 1792 πεπτώκαμεν·
1006 1692 1172 1779 “πάντες
1208 1691 1281 1796 γάρ
1309 1691 1506 1798 ἐξέκλιναν,

304 1825 327 1862 “
345 1812 420 1914 ἅμα
451 1815 732 1921 ῆχρειιίθησαν”
761 1818 854 1899 κατά
885 1853 927 1922 γε
960 1817 1003 1899 τὸ
1036 1817 1296 1923 γεγραμμένον·
1336 1824 1413 1901 ταῖς
1440 1823 1506 1895 τοῦ

305 1937 480 2034 διαβόλου
519 1941 746 2045 κατηγορίαις
782 1943 969 2046 γεγονότες
1005 1941 1137 2049 ἔνοχοι,
1178 1939 1338 2042 στυγνόν
1372 1975 1411 2021 τε
1446 1941 1506 2019 καὶ

305 2065 430 2164 ἀμειδῆ
459 2060 623 2165 διεζῶμεν
650 2065 742 2161 βίον.
774 2063 847 2171 εἶχε
875 2064 1021 2147 δὲκαθ’
1051 2067 1153 2167 ἡμῶν
1170 2065 1421 2172 χειρόγραφον,
1440 2063 1507 2165 τῆν

305 2189 344 2265 ἐκ
372 2195 436 2266 τοῦ
459 2188 556 2267 θείου
577 2185 687 2287 νόμον
713 2197 788 2274 τοῖς
815 2190 1105 2294 παραβαίνουσιν
1132 2189 1378 2294 έπηρτημένην
1405 2186 1506 2292 ἀρὰν,
1523 2211 1563 2270 ¹5

275 2312 363 2389 θκαὶ
382 2308 447 2410 τῆν
466 2309 558 2391 κατὰ
576 2321 640 2392 τοῦ
657 2317 721 2413 τῆς
743 2315 894 2419 ἀρχαίας
920 2314 1052 2416 ἐκείνης
1077 2311 1420 2417 παρολισθῆσαντος
1445 2315 1504 2391 ε’ν-

304 2438 415 2533 τολῆς
432 2435 680 2542 ἐξενεχθεῖσαν
698 2441 840 2545 ψῆφον,
857 2436 940 2517 καθ’
960 2437 1152 2540 ὁμοιότητα
1169 2435 1236 2538 τὴν
1254 2439 1395 2534 ἐκείνου,
1415 2433 1508 2515 κατά

304 2557 438 2644 παντὸς
475 2560 668 2665 ἐρχομένην
699 2571 764 2643 τοῦ
800 2560 934 2666 γένους,
965 2561 1028 2644 ἅτε
1059 2560 1104 2662 δὴ
1138 2565 1197 2642 καὶ
1230 2559 1329 2665 παρὰ
1361 2558 1508 2642 πάντων

304 2684 578 2786 παραλυομένου
595 2694 661 2766 τοῦ
678 2689 867 2771 δοκοῦντος
885 2689 982 2794 θεῷ.
1022 2684 1153 2790 οὐγὰρ
1173 2685 1288 2787 δῆπου
1307 2682 1508 2785 λελύπηται

304 2807 371 2907 μὲν
397 2809 436 2888 ἐν
454 2807 576 2908 Ἀδὰμ
599 2813 853 2892 διαπταίσαντι
871 2810 977 2909 Θεὸς,
1005 2810 1120 2890 οὐκέτι
1148 2808 1185 2890 δὲ
1213 2809 1257 2913 ῆν
1284 2817 1443 2895 τοιοῦτος
1470 2809 1509 2888 έν
1523 2838 1566 2879 20

304 2939 378 3016 τοῖς
403 2934 479 3030 μετ’
499 2935 631 3014 ἐκεῖνον
649 2933 859 3038 ἀτιμάζουσι
883 2934 926 3015 τὸ
945 2938 997 3044 τῷ
1015 2936 1179 3016 κτίσαντι
1197 2940 1336 3033 δοκοῦν,
1355 2935 1439 3014 ἀλλ’
1459 2936 1508 3017 ὡς

305 3057 361 3161 ἐφ’
393 3055 473 3140 ἑνὸς
503 3055 595 3137 κατὰ
623 3058 769 3139 πάντων
801 3061 822 3139 ὁ
853 3065 927 3146 τοῖς
958 3068 1240 3160 πλημμελοῦσιν
1269 3059 1508 3161 ἐπηρτημένος

305 3180 495 3286 ε’ξετείνετο
511 3179 629 3278 νόμος.
659 3181 747 3283 ἦμεν
765 3186 827 3265 οὖν
846 3183 1028 3289 ἔπάρατοι,
1043 3188 1101 3264 καὶ
1120 3191 1165 3289 τῆ
1179 3184 1256 3291 θείᾳ
1270 3181 1388 3290 φῆφερ
1399 3216 1510 3262 κατα-

306 3304 514 3407 κεκριμένοι,
532 3307 592 3384 διά
619 3341 657 3386 τε
686 3304 752 3406 τὴν
769 3309 808 3388 έν
825 3307 945 3405 Ἀδάμ
967 3308 1190 3412 παράβασιν,
1209 3311 1268 3388 καὶ
1295 3306 1361 3405 τῆν
1377 3307 1417 3385 έκ
1444 3314 1509 3386 τοῦ

306 3435 382 3524 μετ’
401 3430 534 3510 ἐκεῖνον
561 3432 803 3534 διορισθεῖιτος
831 3429 951 3530 νόμου·
984 3430 1085 3511 ἄλλά
1107 3439 1214 3513 τοῦτο
1236 3429 1278 3512 τό
1301 3427 1384 3510 καθ’
1406 3430 1508 3530 ἡμῶν
1525 3458 1566 3518 25

274 3576 295 3640 d
306 3551 548 3659 χειρόγραφον
575 3553 768 3661 ἐξήλειφεν
797 3554 984 3661 ὁΣωτῆρ,
1015 3557 1268 3660 προσηλώσας
1295 3555 1358 3634 τὸν
1385 3555 1511 3635 τίτλον

306 3679 358 3783 τῷ
387 3676 462 3784 ἰδίῳ
490 3680 650 3785 σταυρῷ,
674 3686 806 3785 σαφῶς
834 3679 873 3758 εὖ
901 3679 1003 3776 μάλα
1031 3680 1254 3778 σημαίνοντα
1281 3675 1345 3756 τὸν
1374 3680 1431 3759 ε’πὶ
1458 3685 1511 3785 τῷ

135 1686 177 1735 Ρς.
189 1685 241 1736 xiii.

137 1767 159 1814 3.

308 3801 410 3908 ξύλῳ
435 3797 601 3899 θάνατον,
626 3799 668 3880 ὃν
694 3801 781 3906 ὑπὲρ
809 3806 873 3900 τῆς
898 3809 971 3881 τῶν
994 3801 1348 3900 καταδεδικασμέυων
1372 3801 1510 3902 ὑπέστη

308 3926 409 4030 ζωῆς.
457 3924 595 4032 ἐξέτισε
623 3925 695 4029 γὰρ
723 3925 811 4030 ὑπὲρ
839 3928 940 4027 ἡμῶν
966 3926 1029 4012 τὰς
1058 3925 1146 4031 ὑπὲρ
1173 3932 1247 4007 τῶν
1272 3923 1511 4028 ἐγκλημάτων

342 4133 364 4172 1.
377 4120 552 4190 προσηλῶσαί
566 4120 597 4176 E.
611 4120 693 4178 Cord.
705 4122 899 4247 πφοσηλῶσθοί
910 4122 960 4178 Ed.
973 4122 1160 4194 [προσηλῶσαι
1171 4121 1253 4178 Cord.
1262 4121 1373 4178 adnotat
1385 4129 1411 4176 et
1423 4120 1510 4193 Aub.]

312 4203 336 4242 2.
356 4189 415 4258 θριο
454 4189 533 4248 κύσας
544 4214 572 4246 τε
586 4193 647 4262 (nic)
661 4192 716 4249 Cor
736 4193 967 4266 .θριορβεύσοντα
980 4211 1005 4247 a.
1262 4213 1287 4262 4·
1308 4192 1512 4264 προσέπηξίνθ·

312 4257 338 4311 6.
357 4263 393 4331 τῷ
426 4262 462 4314 τὸ
476 4261 603 4335 eod.]E.
624 4263 718 4319 τδΕά.
781 4269 858 4319 τοῦτο
879 4265 1045 4336 θςορτοαοτ.
1062 4265 1123 4320 “nl.
1136 4263 1237 4318 τοῦτο”
1252 4264 1303 4318 Ed.
1316 4282 1373 4334 mg.
1385 4263 1467 4336 τούτῳ
1481 4261 1510 4317 F.

314 4327 365 4382 Ed.
402 4351 447 4384 ουν
458 4333 521 4388 καθὸ
533 4335 656 4405 γενέσθαι
668 4337 744 4389 τοῦτο
757 4335 852 4406 ε’φῆκεν
864 4336 898 4391 ὣς
911 4353 935 4390 a.
1057 4349 1082 4406 7.
1100 4334 1291 4408 γδρρῐοδέα.
1416 4333 1442 4387 8.
1462 4355 1512 4402 ση-

311 4400 408 4466 μαίνων
420 4417 444 4454 a.
463 4423 506 4471 γρ.
519 4407 649 4472 σημαίνων
662 4405 713 4460 Εθ.
728 4423 783 4476 mg.
803 4408 927 4474 σημαῖνον
941 4405 1021 4461 habet
1035 4405 1064 4460 F.
1261 4423 1287 4476 9·
1306 4403 1363 4475 τῆς]
1380 4411 1409 4467 4
1424 4409 1475 4458 *ὢν
1486 4421 1511 4460 ⁸·

316 4483 357 4522 ιτ.
375 4468 440 4560 ἅμα]
458 4479 486 4534 ÷
502 4475 542 4528 καὶ
557 4474 637 4532 Cord.
691 4498 721 4548 γε
734 4486 903 4548 assumptum
917 4493 948 4530 ex
963 4475 995 4530 E.
1259 4493 1299 4544 ¹4·
1319 4475 1474 4546 ῖδιόγροφον
1486 4491 1511 4530 a.

316 4551 356 4606 15.
376 4561 487 4612 καταραν
498 4560 522 4597 a.
702 4561 746 4614 25.
764 4545 821 4601 καθ’
836 4546 899 4616 ἡμᾶς
913 4546 996 4603 Cord.
