<?xml version="1.0" encoding="UTF-8"?>
<!DOCTYPE html PUBLIC "-//W3C//DTD XHTML 1.0 Transitional//EN"
    "http://www.w3.org/TR/xhtml1/DTD/xhtml1-transitional.dtd">
<html xmlns="http://www.w3.org/1999/xhtml" xml:lang="en" lang="en">
 <head>
  <title>
</title>
<meta http-equiv="Content-Type" content="text/html;charset=utf-8" />
  <meta name='ocr-system' content='tesseract 3.04.00' />
  <meta name='ocr-capabilities' content='ocr_page ocr_carea ocr_par ocr_line ocrx_word'/>
</head>
<body>
  <div class='ocr_page' id='page_1' title='image "./sanctipatrisnos01pusegoog_0469.png"; bbox 0 0 3294 5130; ppageno 0'>
   <div class='ocr_carea' id='block_1_1' title="bbox 312 319 1133 388">
    <p class='ocr_par' dir='ltr' id='par_1_1' title="bbox 312 319 1133 388">
     <span class='ocr_line' id='line_1_1' title="bbox 312 319 1133 388; baseline 0.005 -6"><span class='ocrx_word' id='word_1_1' title='bbox 312 320 375 382; x_wconf 77' lang='lat'>446</span> <span class='ocrx_word' id='word_1_2' title='bbox 677 319 737 385; x_wconf 85' lang='lat' dir='ltr'>DE</span> <span class='ocrx_word' id='word_1_3' title='bbox 761 321 1056 388; x_wconf 80' lang='lat' dir='ltr'><strong>FRAGMENTIS</strong></span> <span class='ocrx_word' id='word_1_4' title='bbox 1081 323 1133 386; x_wconf 92' lang='lat' dir='ltr'>IN</span> 
     </span>
    </p>
   </div>
   <div class='ocr_carea' id='block_1_2' title="bbox 135 484 1516 2022">
    <p class='ocr_par' dir='ltr' id='par_1_2' title="bbox 135 484 1516 2022">
     <span class='ocr_line' id='line_1_2' title="bbox 311 484 1516 563; baseline 0.005 -25"><span class='ocrx_word' id='word_1_5' title='bbox 311 484 373 538; x_wconf 86' lang='grc' dir='ltr'>σθαί</span> <span class='ocrx_word' id='word_1_6' title='bbox 385 499 458 540; x_wconf 59' lang='grc' dir='ltr'>ποτε</span> <span class='ocrx_word' id='word_1_7' title='bbox 479 484 598 558; x_wconf 68' lang='grc' dir='ltr'>ἡγεῖσθαι</span> <span class='ocrx_word' id='word_1_8' title='bbox 611 487 639 540; x_wconf 69' lang='grc' dir='ltr'>δι’</span> <span class='ocrx_word' id='word_1_9' title='bbox 652 489 753 556; x_wconf 88' lang='grc' dir='ltr'>μῦλλαν</span> <span class='ocrx_word' id='word_1_10' title='bbox 765 492 812 542; x_wconf 89' lang='grc' dir='ltr'>τοῦ</span> <span class='ocrx_word' id='word_1_11' title='bbox 826 491 920 546; x_wconf 86' lang='grc' dir='ltr'>παντός</span> <span class='ocrx_word' id='word_1_12' title='bbox 933 488 1004 557; x_wconf 72' lang='grc' dir='ltr'>ἀξιον</span> <span class='ocrx_word' id='word_1_13' title='bbox 1016 492 1104 562; x_wconf 84' lang='grc' dir='ltr'>λόγον,</span> <span class='ocrx_word' id='word_1_14' title='bbox 1118 490 1249 563; x_wconf 81' lang='grc' dir='ltr'>εῦηγορεῖν</span> <span class='ocrx_word' id='word_1_15' title='bbox 1262 491 1353 545; x_wconf 81' lang='grc' dir='ltr'>εἶδέναι</span> <span class='ocrx_word' id='word_1_16' title='bbox 1366 493 1409 544; x_wconf 82' lang='grc' dir='ltr'>καῖ</span> <span class='ocrx_word' id='word_1_17' title='bbox 1421 493 1516 545; x_wconf 85' lang='grc' dir='ltr'>λαλεῖν</span> 
     </span>
     <span class='ocr_line' id='line_1_3' title="bbox 309 582 1516 661; baseline 0.006 -26"><span class='ocrx_word' id='word_1_18' title='bbox 309 582 342 636; x_wconf 82' lang='grc' dir='ltr'>τά</span> <span class='ocrx_word' id='word_1_19' title='bbox 362 585 456 639; x_wconf 85' lang='grc' dir='ltr'>παντὸς</span> <span class='ocrx_word' id='word_1_20' title='bbox 477 583 579 637; x_wconf 89' lang='grc' dir='ltr'>ε’παίνου</span> <span class='ocrx_word' id='word_1_21' title='bbox 599 585 691 654; x_wconf 89' lang='grc' dir='ltr'>μεστά.</span> <span class='ocrx_word' id='word_1_22' title='bbox 715 583 822 661; x_wconf 78' lang='lat' dir='ltr'><strong>[pergit</strong></span> <span class='ocrx_word' id='word_1_23' title='bbox 842 587 944 658; x_wconf 70' lang='grc' dir='ltr'>ψάλλει</span> <span class='ocrx_word' id='word_1_24' title='bbox 964 587 1050 642; x_wconf 88' lang='grc' dir='ltr'>δαυε1δ</span> <span class='ocrx_word' id='word_1_25' title='bbox 1070 591 1139 641; x_wconf 87' lang='grc' dir='ltr'>Θεοῦ</span> <span class='ocrx_word' id='word_1_26' title='bbox 1159 585 1236 643; x_wconf 82' lang='lat' dir='ltr'><strong>infra</strong></span> <span class='ocrx_word' id='word_1_27' title='bbox 1256 585 1290 660; x_wconf 92' lang='lat' dir='ltr'>d]</span> <span class='ocrx_word' id='word_1_28' title='bbox 1308 591 1394 660; x_wconf 79' lang='grc' dir='ltr'>χρῆμα</span> <span class='ocrx_word' id='word_1_29' title='bbox 1415 589 1447 656; x_wconf 78' lang='grc' dir='ltr'>δὴ</span> <span class='ocrx_word' id='word_1_30' title='bbox 1468 587 1516 642; x_wconf 83' lang='grc' dir='ltr'>οῦν</span> 
     </span>
     <span class='ocr_line' id='line_1_4' title="bbox 308 679 1514 762; baseline 0.007 -28"><span class='ocrx_word' id='word_1_31' title='bbox 308 679 524 751; x_wconf 75' lang='grc' dir='ltr'>πρεπωδέστατον</span> <span class='ocrx_word' id='word_1_32' title='bbox 543 679 583 734; x_wconf 84' lang='grc' dir='ltr'>ότι</span> <span class='ocrx_word' id='word_1_33' title='bbox 604 682 718 750; x_wconf 77' lang='grc' dir='ltr'>μάλιστά</span> <span class='ocrx_word' id='word_1_34' title='bbox 739 705 770 754; x_wconf 88' lang='grc' dir='ltr'>γε</span> <span class='ocrx_word' id='word_1_35' title='bbox 790 684 817 737; x_wconf 88' lang='grc' dir='ltr'>έν</span> <span class='ocrx_word' id='word_1_36' title='bbox 836 686 890 741; x_wconf 88' lang='grc' dir='ltr'>τοῖς</span> <span class='ocrx_word' id='word_1_37' title='bbox 912 685 1014 751; x_wconf 73' lang='grc' dir='ltr'>εῦζωεῖν</span> <span class='ocrx_word' id='word_1_38' title='bbox 1032 683 1166 755; x_wconf 73' lang='grc' dir='ltr'>ᾑρημένοις</span> <span class='ocrx_word' id='word_1_39' title='bbox 1186 679 1338 762; x_wconf 74' lang='grc' dir='ltr'>[εἰρημένοις</span> <span class='ocrx_word' id='word_1_40' title='bbox 1355 703 1409 760; x_wconf 84' lang='lat' dir='ltr'>pro</span> <span class='ocrx_word' id='word_1_41' title='bbox 1428 703 1514 742; x_wconf 80' lang='lat' dir='ltr'>more</span> 
     </span>
     <span class='ocr_line' id='line_1_5' title="bbox 308 773 1511 856; baseline 0.004 -25"><span class='ocrx_word' id='word_1_42' title='bbox 308 775 440 832; x_wconf 82' lang='lat' dir='ltr'><strong>codicum</strong></span> <span class='ocrx_word' id='word_1_43' title='bbox 454 775 640 853; x_wconf 70' lang='lat' dir='ltr'><strong>antiquorum</strong></span> <span class='ocrx_word' id='word_1_44' title='bbox 651 773 689 856; x_wconf 87' lang='grc'>0.]</span> <span class='ocrx_word' id='word_1_45' title='bbox 702 780 732 833; x_wconf 84' lang='grc' dir='ltr'>τδ</span> <span class='ocrx_word' id='word_1_46' title='bbox 746 781 835 835; x_wconf 83' lang='grc' dir='ltr'>λαλεῖν</span> <span class='ocrx_word' id='word_1_47' title='bbox 848 780 953 852; x_wconf 79' lang='grc' dir='ltr'>σοφίαν·</span> <span class='ocrx_word' id='word_1_48' title='bbox 976 781 1123 849; x_wconf 77' lang='grc' dir='ltr'>ἀπόβλητον</span> <span class='ocrx_word' id='word_1_49' title='bbox 1134 782 1185 854; x_wconf 78' lang='grc' dir='ltr'>γάρ</span> <span class='ocrx_word' id='word_1_50' title='bbox 1199 783 1281 854; x_wconf 85' lang='grc' dir='ltr'>όγίοις</span> <span class='ocrx_word' id='word_1_51' title='bbox 1294 784 1325 837; x_wconf 88' lang='grc' dir='ltr'>τό</span> <span class='ocrx_word' id='word_1_52' title='bbox 1338 785 1511 854; x_wconf 75' lang='grc' dir='ltr'>μωρολογεῖν,</span> 
     </span>
     <span class='ocr_line' id='line_1_6' title="bbox 308 873 1515 951; baseline 0.007 -25"><span class='ocrx_word' id='word_1_53' title='bbox 308 875 349 927; x_wconf 78' lang='grc' dir='ltr'>καὶ</span> <span class='ocrx_word' id='word_1_54' title='bbox 368 873 494 943; x_wconf 73' lang='grc' dir='ltr'>ἀσύνηθες</span> <span class='ocrx_word' id='word_1_55' title='bbox 513 876 602 944; x_wconf 77' lang='grc' dir='ltr'>κομιδῆ</span> <span class='ocrx_word' id='word_1_56' title='bbox 623 877 653 930; x_wconf 88' lang='grc' dir='ltr'>τό</span> <span class='ocrx_word' id='word_1_57' title='bbox 674 877 817 947; x_wconf 75' lang='grc' dir='ltr'>κεχρῆσθαί</span> <span class='ocrx_word' id='word_1_58' title='bbox 836 898 905 931; x_wconf 91' lang='grc' dir='ltr'>τισιν</span> <span class='ocrx_word' id='word_1_59' title='bbox 926 876 940 946; x_wconf 72' lang='grc' dir='ltr'>ἢ</span> <span class='ocrx_word' id='word_1_60' title='bbox 961 878 1145 948; x_wconf 75' lang='grc' dir='ltr'>εὐτραπελίαις,</span> <span class='ocrx_word' id='word_1_61' title='bbox 1160 882 1240 950; x_wconf 78' lang='grc' dir='ltr'>ἤγουν</span> <span class='ocrx_word' id='word_1_62' title='bbox 1259 878 1515 951; x_wconf 79' lang='grc' dir='ltr'>αίσχρορημααῦναις</span> 
     </span>
     <span class='ocr_line' id='line_1_7' title="bbox 139 967 1506 1055; baseline 0.01 -36"><span class='ocrx_word' id='word_1_63' title='bbox 139 970 206 1035; x_wconf 79' lang='grc' dir='ltr'>Ερλ.</span> <span class='ocrx_word' id='word_1_64' title='bbox 216 987 241 1023; x_wconf 85' lang='lat' dir='ltr'>v.</span> <span class='ocrx_word' id='word_1_65' title='bbox 254 987 278 1035; x_wconf 83' lang='grc'><strong>4.</strong></span> <span class='ocrx_word' id='word_1_66' title='bbox 307 969 324 1024; x_wconf 85' lang='grc' dir='ltr'>δ</span> <span class='ocrx_word' id='word_1_67' title='bbox 341 967 397 1046; x_wconf 76' lang='lat' dir='ltr'><strong>[ita</strong></span> <span class='ocrx_word' id='word_1_68' title='bbox 410 969 472 1027; x_wconf 86' lang='lat' dir='ltr'>cod.</span> <span class='ocrx_word' id='word_1_69' title='bbox 487 969 573 1029; x_wconf 80' lang='lat' dir='ltr'><strong>Coisl.</strong></span> <span class='ocrx_word' id='word_1_70' title='bbox 589 970 615 1027; x_wconf 85' lang='grc' dir='ltr'>αί</span> <span class='ocrx_word' id='word_1_71' title='bbox 625 991 650 1028; x_wconf 80' lang='grc' dir='ltr'>ιι.</span> <span class='ocrx_word' id='word_1_72' title='bbox 661 968 730 1050; x_wconf 82' lang='grc' dir='ltr'>Εά.]</span> <span class='ocrx_word' id='word_1_73' title='bbox 746 975 792 1027; x_wconf 92' lang='grc' dir='ltr'>οῦκ</span> <span class='ocrx_word' id='word_1_74' title='bbox 804 973 893 1042; x_wconf 78' lang='grc' dir='ltr'>ἀνῆκεν</span> <span class='ocrx_word' id='word_1_75' title='bbox 905 969 959 1052; x_wconf 77' lang='lat' dir='ltr'>[ita</span> <span class='ocrx_word' id='word_1_76' title='bbox 972 991 997 1031; x_wconf 89' lang='grc'>0.</span> <span class='ocrx_word' id='word_1_77' title='bbox 1011 973 1102 1044; x_wconf 76' lang='grc' dir='ltr'>ἀνῆκον</span> <span class='ocrx_word' id='word_1_78' title='bbox 1110 993 1136 1031; x_wconf 82' lang='grc'>0.</span> <span class='ocrx_word' id='word_1_79' title='bbox 1148 970 1216 1053; x_wconf 84' lang='lat' dir='ltr'>Ed.]</span> <span class='ocrx_word' id='word_1_80' title='bbox 1227 977 1290 1032; x_wconf 86' lang='grc' dir='ltr'>καθά</span> <span class='ocrx_word' id='word_1_81' title='bbox 1304 971 1380 1054; x_wconf 88' lang='grc' dir='ltr'>[καθά</span> <span class='ocrx_word' id='word_1_82' title='bbox 1393 993 1450 1032; x_wconf 85' lang='grc'><strong>0111.</strong></span> <span class='ocrx_word' id='word_1_83' title='bbox 1466 972 1506 1055; x_wconf 91' lang='grc'>0.]</span> 
     </span>
     <span class='ocr_line' id='line_1_8' title="bbox 308 1070 1512 1147; baseline 0.005 -25"><span class='ocrx_word' id='word_1_84' title='bbox 308 1070 392 1140; x_wconf 90' lang='grc' dir='ltr'>φησιν</span> <span class='ocrx_word' id='word_1_85' title='bbox 411 1071 426 1122; x_wconf 84' lang='grc' dir='ltr'>ἀ</span> <span class='ocrx_word' id='word_1_86' title='bbox 446 1070 583 1140; x_wconf 89' lang='grc' dir='ltr'>πάνσοφος</span> <span class='ocrx_word' id='word_1_87' title='bbox 604 1073 715 1127; x_wconf 88' lang='grc' dir='ltr'>Παῦλος·</span> <span class='ocrx_word' id='word_1_88' title='bbox 744 1071 825 1142; x_wconf 82' lang='grc' dir='ltr'>φίλον</span> <span class='ocrx_word' id='word_1_89' title='bbox 845 1072 873 1125; x_wconf 80' lang='grc' dir='ltr'>δέ</span> <span class='ocrx_word' id='word_1_90' title='bbox 898 1073 984 1128; x_wconf 82' lang='grc' dir='ltr'>αὐτοῖς</span> <span class='ocrx_word' id='word_1_91' title='bbox 1008 1073 1048 1126; x_wconf 76' lang='grc' dir='ltr'>καί</span> <span class='ocrx_word' id='word_1_92' title='bbox 1072 1071 1114 1126; x_wconf 88' lang='grc' dir='ltr'>διδ</span> <span class='ocrx_word' id='word_1_93' title='bbox 1136 1074 1251 1142; x_wconf 79' lang='grc' dir='ltr'>σπουδῆς</span> <span class='ocrx_word' id='word_1_94' title='bbox 1272 1077 1396 1147; x_wconf 84' lang='grc' dir='ltr'>γεγόνασι</span> <span class='ocrx_word' id='word_1_95' title='bbox 1416 1072 1512 1129; x_wconf 77' lang='grc' dir='ltr'>τοῦτον</span> 
     </span>
     <span class='ocr_line' id='line_1_9' title="bbox 307 1166 1512 1243; baseline 0.005 -24"><span class='ocrx_word' id='word_1_96' title='bbox 307 1166 444 1239; x_wconf 86' lang='grc' dir='ltr'>εῦηγορεῖν·</span> <span class='ocrx_word' id='word_1_97' title='bbox 467 1166 630 1237; x_wconf 85' lang='grc' dir='ltr'>διαμέμνηται</span> <span class='ocrx_word' id='word_1_98' title='bbox 649 1168 699 1240; x_wconf 84' lang='grc' dir='ltr'>γάρ</span> <span class='ocrx_word' id='word_1_99' title='bbox 719 1169 782 1222; x_wconf 86' lang='grc' dir='ltr'>κατά</span> <span class='ocrx_word' id='word_1_100' title='bbox 802 1169 832 1222; x_wconf 88' lang='grc' dir='ltr'>τδ</span> <span class='ocrx_word' id='word_1_101' title='bbox 853 1168 919 1224; x_wconf 80' lang='grc' dir='ltr'>εἷκδς</span> <span class='ocrx_word' id='word_1_102' title='bbox 935 1170 1010 1242; x_wconf 83' lang='grc' dir='ltr'>[κατὰ</span> <span class='ocrx_word' id='word_1_103' title='bbox 1023 1170 1053 1222; x_wconf 91' lang='grc' dir='ltr'>τδ</span> <span class='ocrx_word' id='word_1_104' title='bbox 1068 1170 1134 1226; x_wconf 86' lang='grc' dir='ltr'>είκδς</span> <span class='ocrx_word' id='word_1_105' title='bbox 1147 1187 1203 1226; x_wconf 89' lang='grc'><strong>0111.</strong></span> <span class='ocrx_word' id='word_1_106' title='bbox 1218 1171 1256 1243; x_wconf 91' lang='grc'>0.]</span> <span class='ocrx_word' id='word_1_107' title='bbox 1271 1173 1317 1239; x_wconf 82' lang='grc' dir='ltr'>τῆς</span> <span class='ocrx_word' id='word_1_108' title='bbox 1330 1171 1404 1242; x_wconf 79' lang='grc' dir='ltr'>ἁγίας</span> <span class='ocrx_word' id='word_1_109' title='bbox 1416 1169 1512 1242; x_wconf 83' lang='grc' dir='ltr'>λεγοῦ-</span> 
     </span>
     <span class='ocr_line' id='line_1_10' title="bbox 139 1263 1511 1342; baseline 0.007 -30"><span class='ocrx_word' id='word_1_110' title='bbox 139 1263 270 1342; x_wconf 57' lang='grc'><strong>001110,</strong></span> <span class='ocrx_word' id='word_1_111' title='bbox 308 1285 357 1332; x_wconf 92' lang='grc' dir='ltr'>σης</span> <span class='ocrx_word' id='word_1_112' title='bbox 369 1266 473 1337; x_wconf 80' lang='grc' dir='ltr'>γραφῆς</span> <span class='ocrx_word' id='word_1_113' title='bbox 485 1263 515 1319; x_wconf 85' lang='lat'>‘0</span> <span class='ocrx_word' id='word_1_114' title='bbox 529 1265 608 1337; x_wconf 87' lang='grc' dir='ltr'>λόγος</span> <span class='ocrx_word' id='word_1_115' title='bbox 621 1266 691 1334; x_wconf 89' lang='grc' dir='ltr'>ῦμῶν</span> <span class='ocrx_word' id='word_1_116' title='bbox 704 1266 731 1319; x_wconf 85' lang='grc' dir='ltr'>έν</span> <span class='ocrx_word' id='word_1_117' title='bbox 743 1265 830 1337; x_wconf 84' lang='grc' dir='ltr'>χάριτι</span> <span class='ocrx_word' id='word_1_118' title='bbox 847 1265 923 1319; x_wconf 79' lang='grc' dir='ltr'>ἀλατι</span> <span class='ocrx_word' id='word_1_119' title='bbox 942 1264 1078 1336; x_wconf 74' lang='grc' dir='ltr'>ἠρτυμένος</span> <span class='ocrx_word' id='word_1_120' title='bbox 1098 1265 1138 1321; x_wconf 84' lang='grc' dir='ltr'>ἵνα</span> <span class='ocrx_word' id='word_1_121' title='bbox 1159 1268 1195 1342; x_wconf 77' lang='grc' dir='ltr'>δῷ</span> <span class='ocrx_word' id='word_1_122' title='bbox 1215 1267 1292 1339; x_wconf 91' lang='grc' dir='ltr'>χάριν</span> <span class='ocrx_word' id='word_1_123' title='bbox 1304 1271 1359 1324; x_wconf 90' lang='grc' dir='ltr'>τοῖς</span> <span class='ocrx_word' id='word_1_124' title='bbox 1375 1267 1511 1324; x_wconf 86' lang='grc' dir='ltr'>ἀκουοῦσι·</span> 
     </span>
     <span class='ocr_line' id='line_1_11' title="bbox 138 1328 1512 1438; baseline 0.004 -24"><span class='ocrx_word' id='word_1_125' title='bbox 138 1328 619 1433; x_wconf 43' lang='grc' dir='ltr'>11111019.κώπιῢήνςχποθχμτω</span> <span class='ocrx_word' id='word_1_126' title='bbox 637 1363 683 1431; x_wconf 82' lang='grc' dir='ltr'>μέν</span> <span class='ocrx_word' id='word_1_127' title='bbox 696 1362 711 1432; x_wconf 76' lang='grc' dir='ltr'><em>ἢ</em></span> <span class='ocrx_word' id='word_1_128' title='bbox 726 1362 897 1418; x_wconf 81' lang='grc' dir='ltr'>θεόπνευστος</span> <span class='ocrx_word' id='word_1_129' title='bbox 914 1363 1004 1434; x_wconf 74' lang='grc' dir='ltr'>γραφη</span> <span class='ocrx_word' id='word_1_130' title='bbox 1017 1365 1048 1416; x_wconf 88' lang='grc' dir='ltr'>τό</span> <span class='ocrx_word' id='word_1_131' title='bbox 1065 1362 1171 1421; x_wconf 80' lang='grc' dir='ltr'>ε’πιεικές</span> <span class='ocrx_word' id='word_1_132' title='bbox 1191 1364 1228 1421; x_wconf 88' lang='grc' dir='ltr'>ε1ς</span> <span class='ocrx_word' id='word_1_133' title='bbox 1248 1366 1351 1437; x_wconf 85' lang='grc' dir='ltr'>λόγους,</span> <span class='ocrx_word' id='word_1_134' title='bbox 1365 1366 1512 1438; x_wconf 72' lang='grc' dir='ltr'>καταψέγει</span> 
     </span>
     <span class='ocr_line' id='line_1_12' title="bbox 306 1453 1511 1536; baseline 0.006 -24"><span class='ocrx_word' id='word_1_135' title='bbox 306 1458 334 1512; x_wconf 81' lang='grc' dir='ltr'>δέ</span> <span class='ocrx_word' id='word_1_136' title='bbox 356 1453 762 1536; x_wconf 72' lang='grc' dir='ltr'><strong>κα1[κα10111101101.1111*1110</strong></span> <span class='ocrx_word' id='word_1_137' title='bbox 781 1455 938 1536; x_wconf 80' lang='lat' dir='ltr'><strong>codicibus]</strong></span> <span class='ocrx_word' id='word_1_138' title='bbox 956 1461 1027 1528; x_wconf 90' lang='grc' dir='ltr'>μάλα</span> <span class='ocrx_word' id='word_1_139' title='bbox 1047 1461 1148 1518; x_wconf 79' lang='grc' dir='ltr'>εἰκότως</span> <span class='ocrx_word' id='word_1_140' title='bbox 1169 1463 1214 1530; x_wconf 83' lang='grc' dir='ltr'>τῆς</span> <span class='ocrx_word' id='word_1_141' title='bbox 1233 1463 1359 1534; x_wconf 80' lang='grc' dir='ltr'>γλώσσης</span> <span class='ocrx_word' id='word_1_142' title='bbox 1378 1465 1409 1518; x_wconf 83' lang='grc' dir='ltr'>τδ</span> <span class='ocrx_word' id='word_1_143' title='bbox 1429 1463 1511 1536; x_wconf 86' lang='grc' dir='ltr'>ἀκρα-</span> 
     </span>
     <span class='ocr_line' id='line_1_13' title="bbox 305 1553 1510 1632; baseline 0.002 -22"><span class='ocrx_word' id='word_1_144' title='bbox 305 1555 355 1612; x_wconf 88' lang='grc' dir='ltr'>τές.</span> <span class='ocrx_word' id='word_1_145' title='bbox 383 1558 434 1627; x_wconf 74' lang='grc' dir='ltr'>ἔφη</span> <span class='ocrx_word' id='word_1_146' title='bbox 447 1557 494 1625; x_wconf 79' lang='grc' dir='ltr'>μέν</span> <span class='ocrx_word' id='word_1_147' title='bbox 506 1559 556 1629; x_wconf 90' lang='grc' dir='ltr'>γάρ</span> <span class='ocrx_word' id='word_1_148' title='bbox 571 1556 597 1612; x_wconf 82' lang='grc' dir='ltr'>εἴ</span> <span class='ocrx_word' id='word_1_149' title='bbox 617 1577 658 1618; x_wconf 90' lang='grc' dir='ltr'>τις</span> <span class='ocrx_word' id='word_1_150' title='bbox 679 1559 707 1612; x_wconf 76' lang='grc' dir='ltr'>έν</span> <span class='ocrx_word' id='word_1_151' title='bbox 727 1555 801 1632; x_wconf 70' lang='grc' dir='ltr'>λόγῳ</span> <span class='ocrx_word' id='word_1_152' title='bbox 822 1557 854 1611; x_wconf 85' lang='grc' dir='ltr'>οῦ</span> <span class='ocrx_word' id='word_1_153' title='bbox 874 1553 976 1626; x_wconf 81' lang='grc' dir='ltr'>πταίει,</span> <span class='ocrx_word' id='word_1_154' title='bbox 991 1554 1069 1619; x_wconf 87' lang='grc' dir='ltr'>οῦτος</span> <span class='ocrx_word' id='word_1_155' title='bbox 1083 1557 1188 1620; x_wconf 84' lang='grc' dir='ltr'>τέλειος</span> <span class='ocrx_word' id='word_1_156' title='bbox 1203 1559 1280 1632; x_wconf 76' lang='grc' dir='ltr'>ἀνὴρ,</span> <span class='ocrx_word' id='word_1_157' title='bbox 1295 1556 1404 1621; x_wconf 76' lang='grc' dir='ltr'>δυνατὸς</span> <span class='ocrx_word' id='word_1_158' title='bbox 1424 1559 1510 1632; x_wconf 83' lang='grc' dir='ltr'>χαλι-</span> 
     </span>
     <span class='ocr_line' id='line_1_14' title="bbox 138 1650 1512 1729; baseline 0.001 -19"><span class='ocrx_word' id='word_1_159' title='bbox 138 1660 181 1710; x_wconf 74' lang='lat' dir='ltr'>Pu.</span> <span class='ocrx_word' id='word_1_160' title='bbox 192 1661 241 1710; x_wconf 83' lang='lat' dir='ltr'><strong>cxl.</strong></span> <span class='ocrx_word' id='word_1_161' title='bbox 252 1675 276 1725; x_wconf 79' lang='lat'>3.</span> <span class='ocrx_word' id='word_1_162' title='bbox 306 1654 463 1726; x_wconf 73' lang='grc' dir='ltr'>ναγωγῖησαι</span> <span class='ocrx_word' id='word_1_163' title='bbox 484 1650 531 1709; x_wconf 82' lang='grc' dir='ltr'>καὶ</span> <span class='ocrx_word' id='word_1_164' title='bbox 550 1651 616 1709; x_wconf 87' lang='grc' dir='ltr'>δλον</span> <span class='ocrx_word' id='word_1_165' title='bbox 633 1653 665 1709; x_wconf 88' lang='grc' dir='ltr'>τδ</span> <span class='ocrx_word' id='word_1_166' title='bbox 685 1657 772 1729; x_wconf 85' lang='grc' dir='ltr'>σῶμα.</span> <span class='ocrx_word' id='word_1_167' title='bbox 801 1655 902 1726; x_wconf 74' lang='grc' dir='ltr'>ψάλλει</span> <span class='ocrx_word' id='word_1_168' title='bbox 916 1654 946 1708; x_wconf 91' lang='grc' dir='ltr'>δέ</span> <span class='ocrx_word' id='word_1_169' title='bbox 957 1676 1008 1710; x_wconf 87' lang='grc' dir='ltr'>που</span> <span class='ocrx_word' id='word_1_170' title='bbox 1022 1656 1062 1709; x_wconf 77' lang='grc' dir='ltr'>καὶ</span> <span class='ocrx_word' id='word_1_171' title='bbox 1076 1655 1169 1710; x_wconf 90' lang='grc' dir='ltr'>Δαυείδ</span> <span class='ocrx_word' id='word_1_172' title='bbox 1184 1657 1200 1685; x_wconf 83' lang='grc'>“</span> <span class='ocrx_word' id='word_1_173' title='bbox 1212 1659 1272 1726; x_wconf 88' lang='grc' dir='ltr'>θοῦ,</span> <span class='ocrx_word' id='word_1_174' title='bbox 1289 1654 1373 1728; x_wconf 84' lang='grc' dir='ltr'>Κῦριε,</span> <span class='ocrx_word' id='word_1_175' title='bbox 1388 1659 1512 1729; x_wconf 79' lang='grc' dir='ltr'>φυλακὴν</span> 
     </span>
     <span class='ocr_line' id='line_1_15' title="bbox 305 1750 1510 1828; baseline 0.005 -25"><span class='ocrx_word' id='word_1_176' title='bbox 305 1753 322 1779; x_wconf 90' lang='grc'>“</span> <span class='ocrx_word' id='word_1_177' title='bbox 336 1754 372 1825; x_wconf 76' lang='grc' dir='ltr'>τῷ</span> <span class='ocrx_word' id='word_1_178' title='bbox 393 1751 502 1820; x_wconf 87' lang='grc' dir='ltr'>στόματί</span> <span class='ocrx_word' id='word_1_179' title='bbox 521 1773 580 1820; x_wconf 90' lang='grc' dir='ltr'>μου,</span> <span class='ocrx_word' id='word_1_180' title='bbox 595 1753 637 1805; x_wconf 78' lang='grc' dir='ltr'>καὶ</span> <span class='ocrx_word' id='word_1_181' title='bbox 650 1750 729 1823; x_wconf 89' lang='grc' dir='ltr'>θῦραν</span> <span class='ocrx_word' id='word_1_182' title='bbox 748 1753 869 1823; x_wconf 79' lang='grc' dir='ltr'>περιοχῆς</span> <span class='ocrx_word' id='word_1_183' title='bbox 881 1752 941 1823; x_wconf 89' lang='grc' dir='ltr'>περ1</span> <span class='ocrx_word' id='word_1_184' title='bbox 958 1751 990 1805; x_wconf 85' lang='grc' dir='ltr'>τδ</span> <span class='ocrx_word' id='word_1_185' title='bbox 1007 1753 1083 1822; x_wconf 85' lang='grc' dir='ltr'>χείλη</span> <span class='ocrx_word' id='word_1_186' title='bbox 1102 1751 1178 1822; x_wconf 85' lang='grc' dir='ltr'>μου,”</span> <span class='ocrx_word' id='word_1_187' title='bbox 1209 1752 1258 1828; x_wconf 81' lang='grc' dir='ltr'>[τηῖ</span> <span class='ocrx_word' id='word_1_188' title='bbox 1279 1755 1510 1825; x_wconf 86' lang='grc' dir='ltr'>στόματί-χείλη</span> 
     </span>
     <span class='ocr_line' id='line_1_16' title="bbox 303 1846 1512 1922; baseline 0.004 -19"><span class='ocrx_word' id='word_1_189' title='bbox 303 1869 352 1917; x_wconf 86' lang='grc' dir='ltr'>μου</span> <span class='ocrx_word' id='word_1_190' title='bbox 366 1864 421 1903; x_wconf 92' lang='lat' dir='ltr'>om.</span> <span class='ocrx_word' id='word_1_191' title='bbox 438 1846 465 1904; x_wconf 89' lang='lat' dir='ltr'>d.</span> <span class='ocrx_word' id='word_1_192' title='bbox 488 1848 523 1918; x_wconf 75' lang='grc' dir='ltr'>μὴ</span> <span class='ocrx_word' id='word_1_193' title='bbox 545 1849 659 1918; x_wconf 75' lang='grc' dir='ltr'>ἐκκλίνῃς</span> <span class='ocrx_word' id='word_1_194' title='bbox 674 1849 720 1918; x_wconf 69' lang='grc' dir='ltr'>τὴν</span> <span class='ocrx_word' id='word_1_195' title='bbox 733 1849 837 1921; x_wconf 79' lang='grc' dir='ltr'>καρδίαν</span> <span class='ocrx_word' id='word_1_196' title='bbox 853 1871 904 1918; x_wconf 93' lang='grc' dir='ltr'>μου</span> <span class='ocrx_word' id='word_1_197' title='bbox 918 1849 954 1905; x_wconf 75' lang='grc' dir='ltr'>εἶς</span> <span class='ocrx_word' id='word_1_198' title='bbox 971 1852 1066 1922; x_wconf 90' lang='grc' dir='ltr'>λόγους</span> <span class='ocrx_word' id='word_1_199' title='bbox 1079 1847 1200 1921; x_wconf 80' lang='grc' dir='ltr'>πονηρίας</span> <span class='ocrx_word' id='word_1_200' title='bbox 1218 1847 1301 1906; x_wconf 75' lang='lat' dir='ltr'><strong>addit</strong></span> <span class='ocrx_word' id='word_1_201' title='bbox 1319 1853 1350 1907; x_wconf 82' lang='grc'>01</span> <span class='ocrx_word' id='word_1_202' title='bbox 1369 1849 1413 1908; x_wconf 73' lang='lat' dir='ltr'>ita</span> <span class='ocrx_word' id='word_1_203' title='bbox 1432 1849 1512 1908; x_wconf 77' lang='grc'><strong>11081-</strong></span> 
     </span>
     <span class='ocr_line' id='line_1_17' title="bbox 135 1941 1511 2022; baseline 0.001 -20"><span class='ocrx_word' id='word_1_204' title='bbox 135 1953 175 2003; x_wconf 92' lang='lat' dir='ltr'>Ib.</span> <span class='ocrx_word' id='word_1_205' title='bbox 185 1955 289 2006; x_wconf 76' lang='lat' dir='ltr'>xxxviii.</span> <span class='ocrx_word' id='word_1_206' title='bbox 304 1941 349 1999; x_wconf 81' lang='lat' dir='ltr'>nit</span> <span class='ocrx_word' id='word_1_207' title='bbox 363 1943 400 2014; x_wconf 83' lang='lat' dir='ltr'>c.]</span> <span class='ocrx_word' id='word_1_208' title='bbox 418 1947 458 1999; x_wconf 84' lang='grc' dir='ltr'>καί</span> <span class='ocrx_word' id='word_1_209' title='bbox 477 1947 556 2000; x_wconf 89' lang='grc' dir='ltr'>πάλιν</span> <span class='ocrx_word' id='word_1_210' title='bbox 569 1948 585 1974; x_wconf 89' lang='lat'><strong>“</strong></span> <span class='ocrx_word' id='word_1_211' title='bbox 597 1941 665 2000; x_wconf 81' lang='grc' dir='ltr'>Εἶτα</span> <span class='ocrx_word' id='word_1_212' title='bbox 679 1946 787 2014; x_wconf 71' lang='grc' dir='ltr'>Φυλάξω</span> <span class='ocrx_word' id='word_1_213' title='bbox 808 1947 854 2002; x_wconf 79' lang='grc' dir='ltr'>τὰς</span> <span class='ocrx_word' id='word_1_214' title='bbox 875 1945 950 2002; x_wconf 83' lang='grc' dir='ltr'>όδοάς</span> <span class='ocrx_word' id='word_1_215' title='bbox 969 1968 1019 2015; x_wconf 91' lang='grc' dir='ltr'>μου</span> <span class='ocrx_word' id='word_1_216' title='bbox 1033 1949 1080 2000; x_wconf 88' lang='grc' dir='ltr'>τοῦ</span> <span class='ocrx_word' id='word_1_217' title='bbox 1095 1947 1130 2016; x_wconf 72' lang='grc' dir='ltr'>μὴ</span> <span class='ocrx_word' id='word_1_218' title='bbox 1144 1948 1295 2018; x_wconf 81' lang='grc' dir='ltr'>ἁμαρτάνειν</span> <span class='ocrx_word' id='word_1_219' title='bbox 1307 1971 1339 2018; x_wconf 85' lang='grc' dir='ltr'>με</span> <span class='ocrx_word' id='word_1_220' title='bbox 1353 1949 1380 2003; x_wconf 88' lang='grc' dir='ltr'>έν</span> <span class='ocrx_word' id='word_1_221' title='bbox 1392 1951 1511 2022; x_wconf 81' lang='grc' dir='ltr'>γλῶσαῃ</span> 
     </span>
    </p>
   </div>
   <div class='ocr_carea' id='block_1_3' title="bbox 139 2033 1195 2116">
    <p class='ocr_par' dir='ltr' id='par_1_3' title="bbox 139 2033 1195 2116">
     <span class='ocr_line' id='line_1_18' title="bbox 139 2033 1195 2116; baseline 0.025 -35"><span class='ocrx_word' id='word_1_222' title='bbox 139 2033 159 2068; x_wconf 80' lang='lat'>¹·</span> <span class='ocrx_word' id='word_1_223' title='bbox 305 2045 321 2070; x_wconf 70' lang='lat'>‘⁶</span> <span class='ocrx_word' id='word_1_224' title='bbox 335 2041 410 2112; x_wconf 55' lang='lat' dir='ltr'>pov?</span> <span class='ocrx_word' id='word_1_225' title='bbox 431 2043 524 2115; x_wconf 77' lang='grc' dir='ltr'>ἀρίστη</span> <span class='ocrx_word' id='word_1_226' title='bbox 537 2043 587 2116; x_wconf 81' lang='grc' dir='ltr'>γάρ</span> <span class='ocrx_word' id='word_1_227' title='bbox 603 2044 707 2116; x_wconf 81' lang='grc' dir='ltr'>φυλακὴ</span> <span class='ocrx_word' id='word_1_228' title='bbox 721 2045 751 2098; x_wconf 89' lang='grc' dir='ltr'>τδ</span> <span class='ocrx_word' id='word_1_229' title='bbox 764 2043 907 2098; x_wconf 72' lang='grc' dir='ltr'>ἄπταιστον</span> <span class='ocrx_word' id='word_1_230' title='bbox 919 2045 988 2114; x_wconf 83' lang='grc' dir='ltr'>έχειν</span> <span class='ocrx_word' id='word_1_231' title='bbox 1001 2043 1048 2113; x_wconf 75' lang='grc' dir='ltr'>τὴν</span> <span class='ocrx_word' id='word_1_232' title='bbox 1060 2046 1195 2116; x_wconf 68' lang='grc' dir='ltr'>γλῶσσαν·</span> 
     </span>
    </p>
   </div>
   <div class='ocr_carea' id='block_1_4' title="bbox 298 2191 1511 4000">
    <p class='ocr_par' dir='ltr' id='par_1_4' title="bbox 659 2191 1150 2265">
     <span class='ocr_line' id='line_1_19' title="bbox 659 2191 1150 2265; baseline 0.006 -18"><span class='ocrx_word' id='word_1_233' title='bbox 659 2194 701 2264; x_wconf 73' lang='grc' dir='ltr'>Μὴ</span> <span class='ocrx_word' id='word_1_234' title='bbox 716 2195 881 2249; x_wconf 81' lang='grc' dir='ltr'>καταλαλεῖτε</span> <span class='ocrx_word' id='word_1_235' title='bbox 894 2193 1017 2262; x_wconf 74' lang='grc' dir='ltr'>ἀλλήλων</span> <span class='ocrx_word' id='word_1_236' title='bbox 1030 2191 1150 2265; x_wconf 86' lang='grc' dir='ltr'>ἀδελφοί.</span> 
     </span>
    </p>

    <p class='ocr_par' dir='ltr' id='par_1_5' title="bbox 300 2305 1511 3258">
     <span class='ocr_line' id='line_1_20' title="bbox 343 2305 1510 2382; baseline 0 -18"><span class='ocrx_word' id='word_1_237' title='bbox 343 2305 421 2365; x_wconf 78' lang='lat' dir='ltr'><strong>afol.</strong></span> <span class='ocrx_word' id='word_1_238' title='bbox 441 2325 497 2382; x_wconf 87' lang='lat'>190</span> <span class='ocrx_word' id='word_1_239' title='bbox 511 2326 538 2366; x_wconf 86' lang='lat' dir='ltr'>v.</span> <span class='ocrx_word' id='word_1_240' title='bbox 560 2305 640 2364; x_wconf 84' lang='lat' dir='ltr'><strong>cfol.</strong></span> <span class='ocrx_word' id='word_1_241' title='bbox 659 2320 703 2381; x_wconf 88' lang='lat'>15.</span> <span class='ocrx_word' id='word_1_242' title='bbox 733 2309 908 2381; x_wconf 69' lang='grc' dir='ltr'>Πογχιὶλεπον</span> <span class='ocrx_word' id='word_1_243' title='bbox 933 2305 988 2379; x_wconf 77' lang='lat' dir='ltr'><strong>[ita</strong></span> <span class='ocrx_word' id='word_1_244' title='bbox 1012 2323 1035 2364; x_wconf 85' lang='grc' dir='ltr'>ο.</span> <span class='ocrx_word' id='word_1_245' title='bbox 1063 2311 1115 2362; x_wconf 78' lang='grc' dir='ltr'>πᾶν</span> <span class='ocrx_word' id='word_1_246' title='bbox 1140 2309 1256 2379; x_wconf 79' lang='grc' dir='ltr'>χαλεπὸν</span> <span class='ocrx_word' id='word_1_247' title='bbox 1279 2305 1349 2382; x_wconf 63' lang='lat' dir='ltr'>Ed]</span> <span class='ocrx_word' id='word_1_248' title='bbox 1376 2308 1510 2382; x_wconf 73' lang='grc' dir='ltr'>ἀποκείρει</span> 
     </span>
     <span class='ocr_line' id='line_1_21' title="bbox 302 2404 1511 2479; baseline 0.002 -19"><span class='ocrx_word' id='word_1_249' title='bbox 302 2405 384 2462; x_wconf 85' lang='grc' dir='ltr'>πάθος</span> <span class='ocrx_word' id='word_1_250' title='bbox 403 2413 454 2460; x_wconf 88' lang='grc' dir='ltr'>τῶν</span> <span class='ocrx_word' id='word_1_251' title='bbox 473 2406 600 2478; x_wconf 77' lang='grc' dir='ltr'>ἡμετέρων</span> <span class='ocrx_word' id='word_1_252' title='bbox 619 2407 743 2476; x_wconf 81' lang='grc' dir='ltr'>διανοιῶν,</span> <span class='ocrx_word' id='word_1_253' title='bbox 760 2407 905 2477; x_wconf 75' lang='grc' dir='ltr'>ὑπεροψίας</span> <span class='ocrx_word' id='word_1_254' title='bbox 925 2404 1008 2476; x_wconf 69' lang='grc' dir='ltr'>ἀρχην</span> <span class='ocrx_word' id='word_1_255' title='bbox 1028 2406 1068 2459; x_wconf 84' lang='grc' dir='ltr'>καὶ</span> <span class='ocrx_word' id='word_1_256' title='bbox 1087 2404 1206 2476; x_wconf 79' lang='grc' dir='ltr'>γέννησα</span> <span class='ocrx_word' id='word_1_257' title='bbox 1222 2405 1336 2478; x_wconf 89' lang='grc' dir='ltr'>[γένεσιν</span> <span class='ocrx_word' id='word_1_258' title='bbox 1350 2407 1396 2479; x_wconf 92' lang='grc'><strong>0.].</strong></span> <span class='ocrx_word' id='word_1_259' title='bbox 1425 2409 1511 2462; x_wconf 80' lang='grc' dir='ltr'>καίτοι</span> 
     </span>
     <span class='ocr_line' id='line_1_22' title="bbox 301 2502 1510 2575; baseline 0.001 -17"><span class='ocrx_word' id='word_1_260' title='bbox 301 2504 350 2575; x_wconf 88' lang='grc' dir='ltr'>γάρ</span> <span class='ocrx_word' id='word_1_261' title='bbox 370 2503 427 2558; x_wconf 89' lang='grc' dir='ltr'>δέον</span> <span class='ocrx_word' id='word_1_262' title='bbox 439 2505 509 2560; x_wconf 86' lang='grc' dir='ltr'>τινάς</span> <span class='ocrx_word' id='word_1_263' title='bbox 527 2503 632 2560; x_wconf 84' lang='grc' dir='ltr'>ίαυτοῦς</span> <span class='ocrx_word' id='word_1_264' title='bbox 649 2502 877 2572; x_wconf 88' lang='grc' dir='ltr'>κατασκέπτεσθαι,</span> <span class='ocrx_word' id='word_1_265' title='bbox 892 2504 933 2556; x_wconf 80' lang='grc' dir='ltr'>καί</span> <span class='ocrx_word' id='word_1_266' title='bbox 951 2503 1014 2556; x_wconf 87' lang='grc' dir='ltr'>κατά</span> <span class='ocrx_word' id='word_1_267' title='bbox 1029 2504 1096 2556; x_wconf 90' lang='grc' dir='ltr'>Θεδν</span> <span class='ocrx_word' id='word_1_268' title='bbox 1108 2502 1299 2573; x_wconf 85' lang='grc' dir='ltr'>πολιτεῦεσθαι,</span> <span class='ocrx_word' id='word_1_269' title='bbox 1313 2509 1389 2558; x_wconf 86' lang='grc' dir='ltr'>τοῦτο</span> <span class='ocrx_word' id='word_1_270' title='bbox 1409 2505 1458 2574; x_wconf 78' lang='grc' dir='ltr'>μέν</span> <span class='ocrx_word' id='word_1_271' title='bbox 1476 2506 1510 2559; x_wconf 84' lang='grc' dir='ltr'>οῦ</span> 
     </span>
     <span class='ocr_line' id='line_1_23' title="bbox 301 2598 1510 2673; baseline 0.004 -20"><span class='ocrx_word' id='word_1_272' title='bbox 301 2600 391 2671; x_wconf 90' lang='grc' dir='ltr'>δρῶσι,</span> <span class='ocrx_word' id='word_1_273' title='bbox 408 2603 655 2672; x_wconf 86' lang='grc' dir='ltr'>πολυπραγμονοῦσι</span> <span class='ocrx_word' id='word_1_274' title='bbox 676 2600 704 2654; x_wconf 77' lang='grc' dir='ltr'>δέ</span> <span class='ocrx_word' id='word_1_275' title='bbox 727 2601 760 2654; x_wconf 86' lang='grc' dir='ltr'>τδ</span> <span class='ocrx_word' id='word_1_276' title='bbox 782 2599 881 2672; x_wconf 85' lang='grc' dir='ltr'>έτέρων·</span> <span class='ocrx_word' id='word_1_277' title='bbox 904 2600 950 2654; x_wconf 84' lang='grc' dir='ltr'>κάν</span> <span class='ocrx_word' id='word_1_278' title='bbox 970 2599 1139 2656; x_wconf 87' lang='grc' dir='ltr'>ἀσθενοῦντας</span> <span class='ocrx_word' id='word_1_279' title='bbox 1158 2598 1237 2655; x_wconf 79' lang='grc' dir='ltr'>ἴδωσί</span> <span class='ocrx_word' id='word_1_280' title='bbox 1255 2622 1333 2666; x_wconf 89' lang='grc' dir='ltr'>τινας,</span> <span class='ocrx_word' id='word_1_281' title='bbox 1356 2602 1447 2673; x_wconf 81' lang='grc' dir='ltr'>ῶσπερ</span> <span class='ocrx_word' id='word_1_282' title='bbox 1469 2603 1510 2658; x_wconf 85' lang='grc' dir='ltr'>ε1ς</span> 
     </span>
     <span class='ocr_line' id='line_1_24' title="bbox 300 2692 1508 2775; baseline 0.003 -26"><span class='ocrx_word' id='word_1_283' title='bbox 300 2697 382 2767; x_wconf 73' lang='grc' dir='ltr'>λήθην</span> <span class='ocrx_word' id='word_1_284' title='bbox 395 2698 528 2769; x_wconf 76' lang='grc' dir='ltr'>ἐρχόμενα</span> <span class='ocrx_word' id='word_1_285' title='bbox 541 2703 592 2752; x_wconf 85' lang='grc' dir='ltr'>τῶν</span> <span class='ocrx_word' id='word_1_286' title='bbox 605 2697 676 2753; x_wconf 90' lang='grc' dir='ltr'>1δίων</span> <span class='ocrx_word' id='word_1_287' title='bbox 692 2697 906 2769; x_wconf 76' lang='grc' dir='ltr'>ἀρρωστημάτων,</span> <span class='ocrx_word' id='word_1_288' title='bbox 920 2697 1086 2769; x_wconf 77' lang='grc' dir='ltr'>φιλοφογίας</span> <span class='ocrx_word' id='word_1_289' title='bbox 1101 2692 1284 2775; x_wconf 71' lang='grc' dir='ltr'>[φιλοφοφίας</span> <span class='ocrx_word' id='word_1_290' title='bbox 1298 2695 1364 2770; x_wconf 79' lang='lat' dir='ltr'>(sio)</span> <span class='ocrx_word' id='word_1_291' title='bbox 1380 2692 1420 2775; x_wconf 77' lang='grc'>0.]</span> <span class='ocrx_word' id='word_1_292' title='bbox 1438 2699 1508 2753; x_wconf 91' lang='grc' dir='ltr'>ῦπό-</span> 
     </span>
     <span class='ocr_line' id='line_1_25' title="bbox 301 2792 1508 2870; baseline 0.002 -19"><span class='ocrx_word' id='word_1_293' title='bbox 301 2796 375 2851; x_wconf 89' lang='grc' dir='ltr'>θεσιν</span> <span class='ocrx_word' id='word_1_294' title='bbox 387 2799 516 2851; x_wconf 87' lang='grc' dir='ltr'>ποιοῦνται</span> <span class='ocrx_word' id='word_1_295' title='bbox 529 2795 559 2848; x_wconf 84' lang='grc' dir='ltr'>τδ</span> <span class='ocrx_word' id='word_1_296' title='bbox 572 2797 658 2866; x_wconf 79' lang='grc' dir='ltr'>χρῆμα</span> <span class='ocrx_word' id='word_1_297' title='bbox 676 2795 717 2849; x_wconf 89' lang='grc' dir='ltr'>κα1</span> <span class='ocrx_word' id='word_1_298' title='bbox 733 2796 888 2851; x_wconf 85' lang='grc' dir='ltr'>καταλαλιῦς</span> <span class='ocrx_word' id='word_1_299' title='bbox 901 2793 1021 2866; x_wconf 75' lang='grc' dir='ltr'>ἀφορμήν</span> <span class='ocrx_word' id='word_1_300' title='bbox 1037 2793 1170 2866; x_wconf 78' lang='grc' dir='ltr'>[ἀφορμήν</span> <span class='ocrx_word' id='word_1_301' title='bbox 1182 2792 1226 2850; x_wconf 74' lang='lat' dir='ltr'>ita</span> <span class='ocrx_word' id='word_1_302' title='bbox 1240 2811 1264 2850; x_wconf 91' lang='grc'>0.</span> <span class='ocrx_word' id='word_1_303' title='bbox 1285 2794 1409 2849; x_wconf 82' lang='grc' dir='ltr'>ὑπόθεσιν</span> <span class='ocrx_word' id='word_1_304' title='bbox 1423 2812 1508 2870; x_wconf 73' lang='lat' dir='ltr'><strong>mpe-</strong></span> 
     </span>
     <span class='ocr_line' id='line_1_26' title="bbox 301 2890 1508 2966; baseline -0.001 -18"><span class='ocrx_word' id='word_1_305' title='bbox 301 2891 340 2948; x_wconf 78' lang='lat' dir='ltr'>tit</span> <span class='ocrx_word' id='word_1_306' title='bbox 354 2893 404 2965; x_wconf 80' lang='lat' dir='ltr'><strong>a.]·</strong></span> <span class='ocrx_word' id='word_1_307' title='bbox 427 2893 647 2964; x_wconf 70' lang='grc' dir='ltr'>καταψηφίζονται</span> <span class='ocrx_word' id='word_1_308' title='bbox 666 2893 718 2966; x_wconf 79' lang='grc' dir='ltr'>γάρ</span> <span class='ocrx_word' id='word_1_309' title='bbox 737 2894 827 2947; x_wconf 89' lang='grc' dir='ltr'>αῦτῶν·</span> <span class='ocrx_word' id='word_1_310' title='bbox 853 2893 898 2948; x_wconf 85' lang='grc' dir='ltr'>οῦκ</span> <span class='ocrx_word' id='word_1_311' title='bbox 919 2893 1014 2948; x_wconf 79' lang='grc' dir='ltr'>εἶδός-ες</span> <span class='ocrx_word' id='word_1_312' title='bbox 1035 2891 1075 2947; x_wconf 86' lang='grc' dir='ltr'>ότι</span> <span class='ocrx_word' id='word_1_313' title='bbox 1094 2890 1126 2945; x_wconf 84' lang='grc' dir='ltr'>τῦ</span> <span class='ocrx_word' id='word_1_314' title='bbox 1146 2891 1193 2947; x_wconf 88' lang='grc' dir='ltr'>Ιι’σα</span> <span class='ocrx_word' id='word_1_315' title='bbox 1215 2897 1349 2949; x_wconf 83' lang='grc' dir='ltr'>νοσοῦντες</span> <span class='ocrx_word' id='word_1_316' title='bbox 1369 2895 1424 2950; x_wconf 87' lang='grc' dir='ltr'>τοῖς</span> <span class='ocrx_word' id='word_1_317' title='bbox 1443 2900 1508 2966; x_wconf 80' lang='grc' dir='ltr'>παρ’</span> 
     </span>
     <span class='ocr_line' id='line_1_27' title="bbox 302 2987 1509 3064; baseline 0.002 -20"><span class='ocrx_word' id='word_1_318' title='bbox 302 2991 385 3045; x_wconf 81' lang='grc' dir='ltr'>αὐτῶν</span> <span class='ocrx_word' id='word_1_319' title='bbox 400 2990 618 3060; x_wconf 78' lang='grc' dir='ltr'>διαβεβλημένοις,</span> <span class='ocrx_word' id='word_1_320' title='bbox 634 2992 738 3046; x_wconf 82' lang='grc' dir='ltr'>εἀυτοῦς</span> <span class='ocrx_word' id='word_1_321' title='bbox 753 2987 809 3064; x_wconf 72' lang='lat' dir='ltr'><strong>[ita</strong></span> <span class='ocrx_word' id='word_1_322' title='bbox 823 3008 846 3046; x_wconf 87' lang='grc'>0.</span> <span class='ocrx_word' id='word_1_323' title='bbox 861 2988 923 3047; x_wconf 81' lang='lat' dir='ltr'>eod.</span> <span class='ocrx_word' id='word_1_324' title='bbox 938 2987 1025 3048; x_wconf 77' lang='grc'><strong>00101.</strong></span> <span class='ocrx_word' id='word_1_325' title='bbox 1041 2991 1136 3045; x_wconf 83' lang='grc' dir='ltr'>ίαυτῶν</span> <span class='ocrx_word' id='word_1_326' title='bbox 1148 2991 1188 3063; x_wconf 77' lang='grc'>0.]</span> <span class='ocrx_word' id='word_1_327' title='bbox 1206 2990 1408 3062; x_wconf 87' lang='grc' dir='ltr'>κατακρίνουσιν.</span> <span class='ocrx_word' id='word_1_328' title='bbox 1437 2989 1509 3047; x_wconf 78' lang='grc' dir='ltr'>οῦτοι</span> 
     </span>
     <span class='ocr_line' id='line_1_28' title="bbox 301 3081 1510 3162; baseline 0 -18"><span class='ocrx_word' id='word_1_329' title='bbox 301 3111 351 3144; x_wconf 91' lang='grc' dir='ltr'>που</span> <span class='ocrx_word' id='word_1_330' title='bbox 365 3091 405 3143; x_wconf 82' lang='grc' dir='ltr'>καὶ</span> <span class='ocrx_word' id='word_1_331' title='bbox 419 3092 433 3143; x_wconf 89' lang='grc' dir='ltr'>ό</span> <span class='ocrx_word' id='word_1_332' title='bbox 447 3090 600 3160; x_wconf 72' lang='grc' dir='ltr'>σοφώτατος</span> <span class='ocrx_word' id='word_1_333' title='bbox 613 3090 709 3160; x_wconf 87' lang='grc' dir='ltr'>γράφει</span> <span class='ocrx_word' id='word_1_334' title='bbox 723 3091 827 3145; x_wconf 90' lang='grc' dir='ltr'>Παῦλος</span> <span class='ocrx_word' id='word_1_335' title='bbox 841 3091 857 3117; x_wconf 92' lang='grc'>“</span> <span class='ocrx_word' id='word_1_336' title='bbox 868 3081 948 3162; x_wconf 73' lang='grc' dir='ltr'>Ἐνφ</span> <span class='ocrx_word' id='word_1_337' title='bbox 965 3089 1016 3160; x_wconf 84' lang='grc' dir='ltr'>γὰρ</span> <span class='ocrx_word' id='word_1_338' title='bbox 1030 3089 1121 3159; x_wconf 89' lang='grc' dir='ltr'>κρίνεις</span> <span class='ocrx_word' id='word_1_339' title='bbox 1133 3089 1179 3143; x_wconf 87' lang='grc' dir='ltr'>τόν</span> <span class='ocrx_word' id='word_1_340' title='bbox 1191 3087 1288 3160; x_wconf 77' lang='grc' dir='ltr'>ἕτερον,</span> <span class='ocrx_word' id='word_1_341' title='bbox 1303 3091 1413 3144; x_wconf 88' lang='grc' dir='ltr'>σεαυτόν</span> <span class='ocrx_word' id='word_1_342' title='bbox 1426 3110 1510 3144; x_wconf 87' lang='grc' dir='ltr'>κατα-</span> 
     </span>
     <span class='ocr_line' id='line_1_29' title="bbox 302 3184 932 3258; baseline -0.003 -17"><span class='ocrx_word' id='word_1_343' title='bbox 302 3188 318 3216; x_wconf 86' lang='grc'>“</span> <span class='ocrx_word' id='word_1_344' title='bbox 333 3184 431 3257; x_wconf 88' lang='grc' dir='ltr'>κρίνεις·</span> <span class='ocrx_word' id='word_1_345' title='bbox 459 3187 491 3239; x_wconf 80' lang='grc' dir='ltr'>τὰ</span> <span class='ocrx_word' id='word_1_346' title='bbox 504 3187 555 3258; x_wconf 81' lang='grc' dir='ltr'>γὰρ</span> <span class='ocrx_word' id='word_1_347' title='bbox 569 3187 634 3240; x_wconf 76' lang='grc' dir='ltr'>αὐτὰ</span> <span class='ocrx_word' id='word_1_348' title='bbox 648 3187 777 3258; x_wconf 81' lang='grc' dir='ltr'>πράσσεις</span> <span class='ocrx_word' id='word_1_349' title='bbox 792 3188 806 3239; x_wconf 88' lang='grc' dir='ltr'>ό</span> <span class='ocrx_word' id='word_1_350' title='bbox 821 3185 932 3257; x_wconf 81' lang='grc' dir='ltr'>κρίνων.”</span> 
     </span>
    </p>

    <p class='ocr_par' dir='ltr' id='par_1_6' title="bbox 682 3323 1109 3398">
     <span class='ocr_line' id='line_1_30' title="bbox 682 3323 1109 3398; baseline 0.002 -19"><span class='ocrx_word' id='word_1_351' title='bbox 682 3324 748 3396; x_wconf 80' lang='grc' dir='ltr'>Ἀγε</span> <span class='ocrx_word' id='word_1_352' title='bbox 763 3328 808 3379; x_wconf 90' lang='grc' dir='ltr'>νῦν</span> <span class='ocrx_word' id='word_1_353' title='bbox 821 3327 844 3379; x_wconf 87' lang='grc' dir='ltr'>αί</span> <span class='ocrx_word' id='word_1_354' title='bbox 856 3324 976 3397; x_wconf 86' lang='grc' dir='ltr'>λέγοντες</span> <span class='ocrx_word' id='word_1_355' title='bbox 989 3323 1109 3398; x_wconf 72' lang='grc' dir='ltr'>Σήμερον.</span> 
     </span>
    </p>

    <p class='ocr_par' dir='ltr' id='par_1_7' title="bbox 298 3435 1508 4000">
     <span class='ocr_line' id='line_1_31' title="bbox 341 3435 1508 3513; baseline 0.002 -19"><span class='ocrx_word' id='word_1_356' title='bbox 341 3456 358 3494; x_wconf 76' lang='lat' dir='ltr'><strong>a</strong></span> <span class='ocrx_word' id='word_1_357' title='bbox 374 3435 422 3496; x_wconf 88' lang='lat' dir='ltr'><strong>fol.</strong></span> <span class='ocrx_word' id='word_1_358' title='bbox 442 3455 507 3511; x_wconf 82' lang='lat'>191.</span> <span class='ocrx_word' id='word_1_359' title='bbox 529 3435 605 3494; x_wconf 83' lang='grc'><strong>0101.</strong></span> <span class='ocrx_word' id='word_1_360' title='bbox 623 3449 668 3510; x_wconf 82' lang='grc'>15.</span> <span class='ocrx_word' id='word_1_361' title='bbox 691 3441 723 3492; x_wconf 89' lang='grc'>01</span> <span class='ocrx_word' id='word_1_362' title='bbox 735 3438 784 3507; x_wconf 80' lang='grc' dir='ltr'>μέν</span> <span class='ocrx_word' id='word_1_363' title='bbox 796 3439 848 3510; x_wconf 90' lang='grc' dir='ltr'>γάρ</span> <span class='ocrx_word' id='word_1_364' title='bbox 862 3439 926 3510; x_wconf 76' lang='grc' dir='ltr'>πρὸς</span> <span class='ocrx_word' id='word_1_365' title='bbox 940 3436 1060 3512; x_wconf 87' lang='grc' dir='ltr'>έμπορίας</span> <span class='ocrx_word' id='word_1_366' title='bbox 1079 3442 1120 3494; x_wconf 80' lang='grc' dir='ltr'>καὶ</span> <span class='ocrx_word' id='word_1_367' title='bbox 1136 3441 1183 3496; x_wconf 81' lang='grc' dir='ltr'>τάς</span> <span class='ocrx_word' id='word_1_368' title='bbox 1197 3440 1311 3495; x_wconf 86' lang='grc' dir='ltr'>ε’ντεῦθεν</span> <span class='ocrx_word' id='word_1_369' title='bbox 1323 3441 1508 3513; x_wconf 85' lang='grc' dir='ltr'>φιλοκερδείας</span> 
     </span>
     <span class='ocr_line' id='line_1_32' title="bbox 300 3534 1507 3610; baseline 0.002 -20"><span class='ocrx_word' id='word_1_370' title='bbox 300 3535 445 3608; x_wconf 87' lang='grc' dir='ltr'>ἀκορέστως</span> <span class='ocrx_word' id='word_1_371' title='bbox 459 3538 592 3607; x_wconf 86' lang='grc' dir='ltr'>κεχηνότες</span> <span class='ocrx_word' id='word_1_372' title='bbox 605 3537 757 3608; x_wconf 89' lang='grc' dir='ltr'>όδοιποριῶν</span> <span class='ocrx_word' id='word_1_373' title='bbox 770 3534 903 3606; x_wconf 89' lang='grc' dir='ltr'>ἀνέχονται</span> <span class='ocrx_word' id='word_1_374' title='bbox 920 3542 1022 3608; x_wconf 81' lang='grc' dir='ltr'>μακρῶν</span> <span class='ocrx_word' id='word_1_375' title='bbox 1036 3538 1163 3594; x_wconf 82' lang='grc' dir='ltr'>ναυτιλίας</span> <span class='ocrx_word' id='word_1_376' title='bbox 1180 3539 1220 3592; x_wconf 81' lang='grc' dir='ltr'>καῖ</span> <span class='ocrx_word' id='word_1_377' title='bbox 1236 3543 1287 3592; x_wconf 85' lang='grc' dir='ltr'>τῶν</span> <span class='ocrx_word' id='word_1_378' title='bbox 1301 3538 1328 3592; x_wconf 85' lang='grc' dir='ltr'>έν</span> <span class='ocrx_word' id='word_1_379' title='bbox 1341 3538 1403 3608; x_wconf 78' lang='grc' dir='ltr'>αῦτῇ</span> <span class='ocrx_word' id='word_1_380' title='bbox 1423 3542 1507 3610; x_wconf 89' lang='grc' dir='ltr'>κυμά-</span> 
     </span>
     <span class='ocr_line' id='line_1_33' title="bbox 299 3634 1508 3708; baseline 0.004 -20"><span class='ocrx_word' id='word_1_381' title='bbox 299 3650 358 3690; x_wconf 89' lang='grc' dir='ltr'>των·</span> <span class='ocrx_word' id='word_1_382' title='bbox 381 3637 405 3688; x_wconf 90' lang='grc' dir='ltr'>οί</span> <span class='ocrx_word' id='word_1_383' title='bbox 425 3634 453 3689; x_wconf 81' lang='grc' dir='ltr'>δέ</span> <span class='ocrx_word' id='word_1_384' title='bbox 473 3635 519 3703; x_wconf 82' lang='grc' dir='ltr'>τὴν</span> <span class='ocrx_word' id='word_1_385' title='bbox 539 3634 728 3705; x_wconf 87' lang='grc' dir='ltr'>πεπορισμένην</span> <span class='ocrx_word' id='word_1_386' title='bbox 748 3634 833 3690; x_wconf 88' lang='grc' dir='ltr'>αῦτοῖς</span> <span class='ocrx_word' id='word_1_387' title='bbox 853 3634 1003 3688; x_wconf 89' lang='grc' dir='ltr'>δυναστείαν</span> <span class='ocrx_word' id='word_1_388' title='bbox 1022 3635 1105 3690; x_wconf 82' lang='grc' dir='ltr'>ὅπλον</span> <span class='ocrx_word' id='word_1_389' title='bbox 1124 3639 1253 3691; x_wconf 86' lang='grc' dir='ltr'>ποιοῦνται</span> <span class='ocrx_word' id='word_1_390' title='bbox 1273 3637 1318 3704; x_wconf 71' lang='grc' dir='ltr'>τῆς</span> <span class='ocrx_word' id='word_1_391' title='bbox 1338 3635 1395 3691; x_wconf 83' lang='grc' dir='ltr'>καθ’</span> <span class='ocrx_word' id='word_1_392' title='bbox 1410 3638 1508 3708; x_wconf 85' lang='grc' dir='ltr'>έτέρων</span> 
     </span>
     <span class='ocr_line' id='line_1_34' title="bbox 300 3728 1506 3805; baseline -0.001 -16"><span class='ocrx_word' id='word_1_393' title='bbox 300 3732 457 3801; x_wconf 77' lang='grc' dir='ltr'>πλεονεξίας·</span> <span class='ocrx_word' id='word_1_394' title='bbox 479 3731 560 3804; x_wconf 86' lang='grc' dir='ltr'>έτεροι</span> <span class='ocrx_word' id='word_1_395' title='bbox 574 3732 602 3785; x_wconf 75' lang='grc' dir='ltr'>δι’</span> <span class='ocrx_word' id='word_1_396' title='bbox 616 3728 649 3785; x_wconf 86' lang='grc' dir='ltr'>οῦ</span> <span class='ocrx_word' id='word_1_397' title='bbox 662 3731 694 3785; x_wconf 79' lang='grc' dir='ltr'>τά</span> <span class='ocrx_word' id='word_1_398' title='bbox 711 3729 755 3804; x_wconf 85' lang='grc' dir='ltr'>[οῦ</span> <span class='ocrx_word' id='word_1_399' title='bbox 769 3731 801 3785; x_wconf 83' lang='grc' dir='ltr'>τά</span> <span class='ocrx_word' id='word_1_400' title='bbox 812 3748 835 3788; x_wconf 90' lang='grc'>0.</span> <span class='ocrx_word' id='word_1_401' title='bbox 857 3733 922 3785; x_wconf 85' lang='grc' dir='ltr'>αῦτά</span> <span class='ocrx_word' id='word_1_402' title='bbox 935 3750 960 3788; x_wconf 71' lang='lat' dir='ltr'>a.</span> <span class='ocrx_word' id='word_1_403' title='bbox 973 3729 1041 3804; x_wconf 74' lang='grc'><strong>1111]</strong></span> <span class='ocrx_word' id='word_1_404' title='bbox 1057 3731 1084 3787; x_wconf 89' lang='grc' dir='ltr'>έκ</span> <span class='ocrx_word' id='word_1_405' title='bbox 1097 3732 1234 3804; x_wconf 85' lang='grc' dir='ltr'>μοχθηρῶν</span> <span class='ocrx_word' id='word_1_406' title='bbox 1246 3733 1392 3804; x_wconf 87' lang='grc' dir='ltr'>εῦρημάτιον</span> <span class='ocrx_word' id='word_1_407' title='bbox 1404 3734 1506 3805; x_wconf 84' lang='grc' dir='ltr'>παχῦν-</span> 
     </span>
     <span class='ocr_line' id='line_1_35' title="bbox 299 3826 1501 3906; baseline 0.002 -21"><span class='ocrx_word' id='word_1_408' title='bbox 299 3853 360 3887; x_wconf 94' lang='grc' dir='ltr'>ουσι</span> <span class='ocrx_word' id='word_1_409' title='bbox 379 3832 511 3896; x_wconf 75' lang='grc' dir='ltr'>βαλόντα,</span> <span class='ocrx_word' id='word_1_410' title='bbox 528 3831 568 3884; x_wconf 76' lang='grc' dir='ltr'>καὶ</span> <span class='ocrx_word' id='word_1_411' title='bbox 587 3832 670 3886; x_wconf 86' lang='grc' dir='ltr'>τόκοις</span> <span class='ocrx_word' id='word_1_412' title='bbox 691 3826 774 3904; x_wconf 88' lang='grc' dir='ltr'>[τόκοι</span> <span class='ocrx_word' id='word_1_413' title='bbox 794 3826 961 3886; x_wconf 67' lang='grc'><strong>0011110101.</strong></span> <span class='ocrx_word' id='word_1_414' title='bbox 983 3830 1026 3884; x_wconf 86' lang='grc' dir='ltr'><strong>έπ1</strong></span> <span class='ocrx_word' id='word_1_415' title='bbox 1045 3834 1129 3887; x_wconf 87' lang='grc' dir='ltr'>τόκοις</span> <span class='ocrx_word' id='word_1_416' title='bbox 1149 3834 1186 3886; x_wconf 72' lang='lat' dir='ltr'>tr.</span> <span class='ocrx_word' id='word_1_417' title='bbox 1208 3828 1365 3886; x_wconf 70' lang='lat' dir='ltr'>emendans</span> <span class='ocrx_word' id='word_1_418' title='bbox 1385 3827 1501 3906; x_wconf 77' lang='lat' dir='ltr'>Migne]</span> 
     </span>
     <span class='ocr_line' id='line_1_36' title="bbox 298 3926 1505 4000; baseline 0.001 -17"><span class='ocrx_word' id='word_1_419' title='bbox 298 3929 342 3984; x_wconf 88' lang='grc' dir='ltr'><strong>έπ1</strong></span> <span class='ocrx_word' id='word_1_420' title='bbox 363 3931 451 3984; x_wconf 90' lang='grc' dir='ltr'>τόκους</span> <span class='ocrx_word' id='word_1_421' title='bbox 467 3927 575 3984; x_wconf 87' lang='grc' dir='ltr'>ἀνοσίως</span> <span class='ocrx_word' id='word_1_422' title='bbox 589 3926 769 4000; x_wconf 89' lang='grc' dir='ltr'>συλλέγοντες,</span> <span class='ocrx_word' id='word_1_423' title='bbox 784 3931 836 3999; x_wconf 89' lang='grc' dir='ltr'>πῦρ</span> <span class='ocrx_word' id='word_1_424' title='bbox 850 3929 891 3982; x_wconf 84' lang='grc' dir='ltr'>καὶ</span> <span class='ocrx_word' id='word_1_425' title='bbox 905 3929 1014 3981; x_wconf 89' lang='grc' dir='ltr'>κόλασιν</span> <span class='ocrx_word' id='word_1_426' title='bbox 1027 3930 1082 3984; x_wconf 89' lang='grc' dir='ltr'>ταῖς</span> <span class='ocrx_word' id='word_1_427' title='bbox 1097 3930 1191 3982; x_wconf 78' lang='grc' dir='ltr'>ἑαυτῶν</span> <span class='ocrx_word' id='word_1_428' title='bbox 1204 3929 1358 3998; x_wconf 89' lang='grc' dir='ltr'>καταχέουσι</span> <span class='ocrx_word' id='word_1_429' title='bbox 1377 3930 1505 4000; x_wconf 84' lang='grc' dir='ltr'>κεφαλαῖς</span> 
     </span>
    </p>
   </div>
   <div class='ocr_carea' id='block_1_5' title="bbox 300 4023 1392 4102">
    <p class='ocr_par' dir='ltr' id='par_1_8' title="bbox 300 4023 1392 4102">
     <span class='ocr_line' id='line_1_37' title="bbox 300 4023 1392 4102; baseline 0 -21"><span class='ocrx_word' id='word_1_430' title='bbox 300 4026 370 4099; x_wconf 76' lang='grc' dir='ltr'>[περί</span> <span class='ocrx_word' id='word_1_431' title='bbox 384 4025 546 4098; x_wconf 71' lang='grc' dir='ltr'>φρονήματος</span> <span class='ocrx_word' id='word_1_432' title='bbox 559 4027 688 4097; x_wconf 76' lang='grc' dir='ltr'>μετεάιρου</span> <span class='ocrx_word' id='word_1_433' title='bbox 701 4027 731 4080; x_wconf 92' lang='grc' dir='ltr'>τδ</span> <span class='ocrx_word' id='word_1_434' title='bbox 745 4027 893 4097; x_wconf 80' lang='grc' dir='ltr'>λεγόμενον,</span> <span class='ocrx_word' id='word_1_435' title='bbox 910 4024 940 4079; x_wconf 85' lang='grc' dir='ltr'>οῦ</span> <span class='ocrx_word' id='word_1_436' title='bbox 953 4027 984 4080; x_wconf 89' lang='grc' dir='ltr'>τό</span> <span class='ocrx_word' id='word_1_437' title='bbox 997 4025 1073 4082; x_wconf 87' lang='grc' dir='ltr'>τέλος</span> <span class='ocrx_word' id='word_1_438' title='bbox 1085 4025 1232 4096; x_wconf 85' lang='grc' dir='ltr'>ἀφανισμός</span> <span class='ocrx_word' id='word_1_439' title='bbox 1244 4023 1327 4084; x_wconf 73' lang='lat' dir='ltr'><strong>addit</strong></span> <span class='ocrx_word' id='word_1_440' title='bbox 1341 4023 1392 4102; x_wconf 90' lang='grc'><strong>0.].</strong></span> 
     </span>
    </p>
   </div>
   <div class='ocr_carea' id='block_1_6' title="bbox 298 4151 1504 4332">
    <p class='ocr_par' dir='ltr' id='par_1_9' title="bbox 298 4151 1504 4332">
     <span class='ocr_line' id='line_1_38' title="bbox 338 4151 1504 4235; baseline 0.001 -20"><span class='ocrx_word' id='word_1_441' title='bbox 338 4156 416 4215; x_wconf 73' lang='grc'><strong>0101.</strong></span> <span class='ocrx_word' id='word_1_442' title='bbox 435 4175 488 4231; x_wconf 90' lang='lat'>191</span> <span class='ocrx_word' id='word_1_443' title='bbox 505 4174 533 4213; x_wconf 85' lang='lat' dir='ltr'>v.</span> <span class='ocrx_word' id='word_1_444' title='bbox 559 4152 652 4235; x_wconf 77' lang='lat' dir='ltr'>[deest</span> <span class='ocrx_word' id='word_1_445' title='bbox 673 4159 708 4212; x_wconf 78' lang='grc'>01</span> <span class='ocrx_word' id='word_1_446' title='bbox 729 4153 785 4212; x_wconf 80' lang='lat' dir='ltr'><strong>vid.</strong></span> <span class='ocrx_word' id='word_1_447' title='bbox 812 4153 844 4211; x_wconf 86' lang='lat' dir='ltr'>in</span> <span class='ocrx_word' id='word_1_448' title='bbox 866 4151 903 4234; x_wconf 75' lang='grc' dir='ltr'>ο]</span> <span class='ocrx_word' id='word_1_449' title='bbox 928 4155 1133 4213; x_wconf 72' lang='grc' dir='ltr'>τουτέστιν-οῖ</span> <span class='ocrx_word' id='word_1_450' title='bbox 1161 4157 1267 4212; x_wconf 77' lang='grc' dir='ltr'>δείλαιοι</span> <span class='ocrx_word' id='word_1_451' title='bbox 1294 4174 1311 4213; x_wconf 79' lang='lat' dir='ltr'><strong>e</strong></span> <span class='ocrx_word' id='word_1_452' title='bbox 1337 4174 1440 4214; x_wconf 79' lang='lat' dir='ltr'><strong>comm.</strong></span> <span class='ocrx_word' id='word_1_453' title='bbox 1471 4155 1504 4216; x_wconf 88' lang='lat' dir='ltr'>in</span> 
     </span>
     <span class='ocr_line' id='line_1_39' title="bbox 298 4252 941 4332; baseline -0.002 -22"><span class='ocrx_word' id='word_1_454' title='bbox 298 4253 413 4314; x_wconf 80' lang='lat' dir='ltr'><strong>Esaiam</strong></span> <span class='ocrx_word' id='word_1_455' title='bbox 426 4253 599 4332; x_wconf 75' lang='lat' dir='ltr'>prophetam</span> <span class='ocrx_word' id='word_1_456' title='bbox 616 4254 673 4324; x_wconf 86' lang='lat'>468</span> <span class='ocrx_word' id='word_1_457' title='bbox 683 4252 731 4310; x_wconf 73' lang='lat' dir='ltr'>ab</span> <span class='ocrx_word' id='word_1_458' title='bbox 744 4252 941 4328; x_wconf 76' lang='lat' dir='ltr'><strong>desumptum.</strong></span> 
     </span>
    </p>
   </div>
   <div class='ocr_carea' id='block_1_7' title="bbox 337 4385 1505 4592">
    <p class='ocr_par' dir='ltr' id='par_1_10' title="bbox 337 4385 1505 4592">
     <span class='ocr_line' id='line_1_40' title="bbox 778 4385 1007 4458; baseline 0.022 -19"><span class='ocrx_word' id='word_1_459' title='bbox 778 4385 1007 4458; x_wconf 79' lang='grc' dir='ltr'>Μακροθυμίησατε.</span> 
     </span>
     <span class='ocr_line' id='line_1_41' title="bbox 337 4514 1505 4592; baseline 0.003 -18"><span class='ocrx_word' id='word_1_460' title='bbox 337 4537 355 4574; x_wconf 81' lang='grc' dir='ltr'>ιι</span> <span class='ocrx_word' id='word_1_461' title='bbox 369 4518 417 4578; x_wconf 82' lang='grc'><strong>101.</strong></span> <span class='ocrx_word' id='word_1_462' title='bbox 439 4536 504 4592; x_wconf 85' lang='lat'>192.</span> <span class='ocrx_word' id='word_1_463' title='bbox 527 4514 603 4574; x_wconf 85' lang='grc'><strong>0101.</strong></span> <span class='ocrx_word' id='word_1_464' title='bbox 622 4518 667 4574; x_wconf 83' lang='grc'>16.</span> <span class='ocrx_word' id='word_1_465' title='bbox 690 4517 721 4572; x_wconf 75' lang='grc' dir='ltr'>Εἰ</span> <span class='ocrx_word' id='word_1_466' title='bbox 738 4518 790 4590; x_wconf 77' lang='grc' dir='ltr'>γάρ</span> <span class='ocrx_word' id='word_1_467' title='bbox 809 4519 849 4572; x_wconf 80' lang='grc' dir='ltr'>καί</span> <span class='ocrx_word' id='word_1_468' title='bbox 863 4515 1024 4590; x_wconf 86' lang='grc' dir='ltr'>ῦπερτίθεταί</span> <span class='ocrx_word' id='word_1_469' title='bbox 1037 4521 1120 4591; x_wconf 88' lang='grc' dir='ltr'>φησιν</span> <span class='ocrx_word' id='word_1_470' title='bbox 1134 4523 1149 4574; x_wconf 91' lang='grc' dir='ltr'>ό</span> <span class='ocrx_word' id='word_1_471' title='bbox 1163 4521 1230 4578; x_wconf 85' lang='grc' dir='ltr'>θεὸς</span> <span class='ocrx_word' id='word_1_472' title='bbox 1243 4525 1294 4576; x_wconf 88' lang='grc' dir='ltr'>τῶν</span> <span class='ocrx_word' id='word_1_473' title='bbox 1308 4522 1505 4592; x_wconf 59' lang='grc' dir='ltr'>ἁμαρτανόντων</span> 
     </span>
    </p>
   </div>
   <div class='ocr_carea' id='block_1_8' title="bbox 0 0 1652 5130">
    <p class='ocr_par' dir='ltr' id='par_1_11' title="bbox 0 0 1652 5130">
     <span class='ocr_line' id='line_1_42' title="bbox 0 0 1652 5130; baseline 0 4"><span class='ocrx_word' id='word_1_474' title='bbox 0 0 1652 5130; x_wconf 95' lang='lat' dir='ltr'> </span> 
     </span>
    </p>
   </div>
  </div>
 </body>
</html>
