3294 5130
311 347 376 410 458
463 347 500 410 Β.
526 343 713 410 CYRILLI
740 342 1001 408 ALEXANDR.
1029 341 1356 407 FRAGMENTUM

309 511 367 615 ἐφ’
396 509 489 609 ἠμάς
519 507 678 612 κατάραν
705 508 888 611 ἄπρακτον
916 508 1115 613 ἀποφήνας,
1143 509 1223 588 οῦτε
1251 503 1323 606 μήν
1350 505 1508 609 ἁμαρτία

311 632 402 713 κατὰ
420 632 463 713 τὸ
482 629 615 734 ἀληθὲς
633 632 654 711 ὁ
671 630 737 716 τάς
755 633 930 735 ἁμαρτίας
949 628 1013 715 τάς
1031 631 1200 733 ἡμετέρας
1218 632 1430 736 ἀπαλείψας
1447 632 1508 710 καὶ

311 764 384 837 τῶν
411 758 569 862 ἀρχαίων
596 759 815 855 αίτιαμοίτων
846 752 1007 840 ἀπάντας
1036 758 1242 857 ἐλευθερῶν.
1279 756 1318 834 τί
1341 755 1404 834 οῦν
1437 753 1509 856 ἀρα

313 880 573 987 φορτικώτερον
603 880 646 959 τὸ
679 879 899 984 χρηματίσαι
930 877 1089 980 κατάραν
1120 883 1178 960 καὶ
1208 879 1386 980 ἁμαρτίαν
1412 875 1436 978 ἢ
1462 876 1507 956 τῦ

312 1006 394 1098 μεθ’
423 1005 524 1104 ἡμῶν
551 1005 610 1083 καὶ
637 1001 707 1084 ἀπὸ
735 1001 845 1103 νόμον
872 1002 1041 1104 γενέσθω
1068 1000 1160 1082 κατά
1186 1000 1229 1083 τὸ
1257 1000 1544 1105 ἀνθράπινον;5
1645 999 1646 1050 ³

310 1133 496 1208 οἰκειοῦται
514 1127 632 1208 τοίνυν
644 1124 789 1208 ἅπαντα
800 1125 846 1206 τά
859 1132 904 1232 τῇ
922 1123 1171 1229 ἀνθρωπότητι
1187 1124 1371 1227 πρέποντα
1388 1121 1448 1203 διά
1463 1157 1508 1225 γε

251 1287 253 1294 ’
311 1250 353 1332 τὸ
381 1250 461 1350 μεθ’
484 1252 584 1350 ἡμῶν
612 1251 779 1353 γενέσθω
805 1248 897 1331 κατά
925 1248 1057 1352 σάρκα.
1097 1249 1186 1330 πότε
1213 1249 1333 1329 τοίνυν
1359 1233 1507 1350 γέγονεν

312 1375 381 1456 ἀπὸ
410 1373 572 1476 νόμον,ὁ
597 1373 768 1474 μακάριυς
787 1379 930 1457 Λουκᾶς
958 1370 1262 1475 ὁεῦαγγελιστής
1288 1369 1507 1478 ἐξηγήσεται

312 1501 430 1601 λέγων
457 1509 479 1546 “
492 1496 584 1577 ’Ότε
602 1495 845 1596 ἐπλήσθησαν
863 1502 900 1576 αἱ
916 1496 1043 1599 ἡμέραι
1061 1505 1125 1576 τοῦ
1145 1501 1371 1599 καθαρισμοῦ
1388 1495 1508 1572 αὐτῶν

311 1632 333 1670 “
351 1622 443 1702 κατὰ
461 1620 525 1701 τὸν
547 1619 655 1719 νόμον
677 1621 854 1717 Μωσέως,
872 1618 1058 1722 ἀνήγαγον
1075 1616 1184 1700 αὐτὸν
1202 1624 1251 1703 είς
1267 1617 1507 1721 Ἱεροσόλυμα
1525 1652 1567 1694 ιο

310 1756 332 1793 “
349 1749 585 1846 παραστῆσαι
602 1749 653 1849 τῷ
679 1744 813 1852 Κυρίερ,
835 1741 952 1827 καθὼς
974 1749 1175 1846 γέγραπται
1196 1746 1234 1822 ἐν
1252 1740 1351 1850 νείμερ
1371 1739 1507 1844 Κυρίου

310 1877 331 1915 “
350 1867 404 1947 ὅτι
426 1873 499 1947 πᾶν
518 1867 631 1969 ἀρσεν
655 1869 834 1966 διανοῖγον
855 1865 996 1969 μήτραν
1015 1863 1118 1968 ἀγιον
1141 1873 1193 1975 τῷ
1218 1866 1340 1974 Κυρίιρ
1365 1861 1505 1964 κληθή-

309 2001 331 2038 “
348 2025 460 2088 σεται,
480 1987 597 2069 καὶτὸ
623 1991 745 2067 δοῦναι
763 1991 895 2069 θυσίαν
912 1987 1003 2098 κατά
1021 1989 1063 2069 τὸ
1082 1988 1264 2092 εἰρημένον
1281 1991 1389 2096 ἐντῷ
1407 1987 1507 2094 νάμφ

310 2124 331 2163 “
351 2116 496 2215 Κυρίου,
531 2108 652 2214 ζεῦγος
683 2109 866 2214 τρυγόνων
896 2108 918 2212 ἢ
952 2112 1016 2192 δύο
1033 2111 1224 2196 Ινεοσσοῦς
1252 2111 1505 2214 περιστερῶν.”

309 2234 445 2320 ἀκούεις
467 2234 564 2318 ὅπως
586 2240 634 2318 είς
653 2233 742 2340 ὄψιν
758 2230 883 2335 ἀγεται
901 2243 965 2314 τοῦ
987 2233 1131 2337 Πατρῦς
1149 2239 1198 2320 ὡς
1215 2235 1402 2338 ἀνθραπτος
1421 2235 1504 2314 καθ’
1525 2271 1565 2332 ¹5

308 2359 401 2459 ήμῦς
420 2361 440 2438 ὁ
458 2356 628 2460 σύνεδρος
653 2359 749 2464 αὐτῷ
768 2355 861 2441 θεὸς
880 2355 1002 2458 Λόγος
1026 2361 1047 2437 ἀ
1074 2360 1133 2438 καὶ
1154 2356 1213 2438 διά
1230 2362 1294 2457 τῆς
1311 2367 1375 2438 τοῦ
1395 2355 1507 2456 νόμου

306 2489 412 2566 σκιάς
439 2484 477 2561 ἐν
503 2488 577 2565 τοῖς
600 2480 839 2584 πρωτοτόκοις
856 2478 1112 2586 γραφόμενος;
1144 2479 1230 2585 ἀγια
1251 2479 1324 2584 γάρ
1343 2482 1401 2560 καὶ
1422 2479 1506 2583 (ἱερά

305 2612 357 2712 τῷ
376 2610 459 2713 θεῷ
485 2604 544 2683 καὶ
562 2603 608 2684 τά
628 2601 700 2707 πρὸ
728 2607 791 2702 τῆς
819 2603 1121 2706 ἐνανθρωπήσεως
1148 2603 1368 2708 πρωτότοκα.
1402 2605 1507 2686 ἔθυον

306 2731 369 2809 οῦν
396 2727 483 2831 ῦπέρ
511 2729 620 2808 αῦτοῦ
651 2725 743 2807 κατά
777 2724 841 2806 τὸν
873 2724 995 2825 νόμον·
1035 2729 1249 2808 συνετέλεσε
1277 2729 1315 2809 δέ
1343 2731 1402 2809 καὶ
1431 2735 1506 2814 τοῖς

306 2856 582 2952 δασμολογοῦσι
603 2846 645 2930 τῦ
672 2852 869 2954 δίδραχμον
891 2851 1007 2930 καίτοι
1033 2850 1250 2931 συντελέσαι
1278 2852 1328 2951 μὴ
1347 2853 1506 2956 ὀφείλων
1522 2891 1566 2931 ιο

306 2973 412 3057 αὐτὸς
439 2971 498 3052 διά
521 3007 574 3052 τοι
600 2971 642 3052 τὸ
665 2969 753 3051 εἶναι
780 2970 872 3052 κατά
899 2971 1072 3072 ἀλήθειαν
1094 2972 1193 3058 Υἱός.
1229 2978 1288 3056 καὶ
1317 2983 1407 3076 γοῦν
1432 2975 1506 3080 ἔφη

305 3095 397 3199 πρὸς
415 3095 479 3175 τὸν
496 3095 670 3198 μακάριον
690 3095 831 3197 Πέτρον
850 3106 871 3144 “
886 3100 936 3175 Οί
953 3104 1121 3191 βασιλεῖς
1139 3101 1202 3196 τῆς
1220 3101 1288 3200 γῆς
1306 3095 1379 3178 ἀπὸ
1397 3096 1506 3178 τίνων

307 3230 328 3266 “
347 3219 580 3316 λαμβάνουσι
603 3219 689 3316 τέλη
707 3216 730 3318 ἢ
750 3222 910 3317 κήνσον;
939 3215 1012 3299 ἀπῦ
1039 3225 1112 3299 τιῦν
1142 3225 1226 3300 υὶεῦν
1253 3219 1410 3322 αῦτῶνῆ
1430 3220 1505 3301 ἀπὸ

307 3349 329 3388 “
348 3348 421 3421 τῶν
448 3342 652 3441 ἀλλοτρίων
668 3342 704 3434 ;”
744 3340 903 3426 εἴποντος
931 3341 969 3422 δέ
997 3342 1138 3446 Πέτρου
1171 3347 1229 3424 καί
1260 3343 1362 3444 μάλα
1389 3346 1505 3446 ὀρθῶς

307 3473 329 3510 “
346 3461 442 3543 Ἀπὸ
462 3469 534 3543 τῶν
553 3463 781 3567 ἀλλοτρίων”
811 3463 881 3567 ἐφη
905 3465 1020 3546 πάλιν
1037 3464 1144 3550 αῦτός
1172 3477 1194 3515 “
1206 3463 1305 3572 Ἀρα
1324 3467 1508 3571 ἐλεύθεροί
1522 3505 1564 3566 ²5

307 3595 328 3632 ‘⁴
347 3590 438 3665 εἰσιν
456 3591 489 3666 σί
509 3585 605 3666 υίοί.”

304 3787 1504 3982 ςρειςειςιπςπςυιιςιαας

305 3927 374 3984 eod.
388 3928 589 3985 Vienn.'1'heol.
603 3928 673 3982 Nem
699 3969 706 3982 .
721 3942 763 4000 71.
777 3928 911 3985 anbecii
927 3947 962 3998 4²
993 3941 1077 3986 artem
1095 3932 1211 4002 pn'orem
1229 3933 1343 3988 Νἰίεοιαε
1361 3933 1503 3989 continent

305 3999 417 4053 membr.
437 4016 490 4054 τοι.
508 3998 544 4054 xi.
594 3997 691 4069 Incipit
708 4000 888 4070 fragmentum
906 4000 935 4054 in
981 4003 1018 4056 ik.
1032 4001 1103 4057 Serr.
1118 4003 1191 4057 Μετὰ
1209 4003 1239 4058 τὸ
1257 4004 1440 4074 περιτμηθῆναι
1457 4005 1505 4057 τὸν

303 4073 351 4124 τοῦ
362 4069 523 4140 καθαρισμοῦ
533 4069 612 4123 πόλιν
623 4067 738 4137 ἀναμένει
751 4073 838 4138 καιρὸν
849 4071 892 4125 καὶ
907 4071 951 4125 ὅτε
969 4070 1142 4140 ἐπλήσθησαν
1161 4072 1209 4144 [ita
1230 4072 1290 4128 cod.
1304 4073 1401 4128 Vienn.
1420 4074 1504 4143 ἐπλή-

302 4140 426 4264 ριώθησαν
441 4137 518 4211 Mai]
532 4140 558 4193 αί
565 4138 669 4263 ἱήμιέρὲιι·
693 4137 829 4208 πλήρωσις
841 4140 870 4194 δι’
888 4141 987 4266 ήμὶρῶν
1003 4140 1232 4266 ήστεῖιταρακοοτή
1243 4139 1282 4266 {z
1308 4145 1366 4231 τότε
1381 4143 1504 4284 &dmm

303 4212 648 4348 2t⁹0‹¹‚‘.⁰⁰vssss'if¹53m‘assm
662 4230 777 4332 ίΐυο.
858 4227 899 4264 ¹'
953 4210 1000 4336 ¹3⁰3?
1013 4233 1168 4353 ἷήιέιεοει
1183 4215 1504 4352 adsum&

303 4350 389 4403 τδννό
424 4348 578 4403 νδοο.οοδ.
592 4348 689 4403 Vienn.
703 4351 854 4418 πρωτότοκα
871 4349 937 4420 ὅπερ
954 4352 1030 4406 ἔθυον
1046 4353 1115 4424 αὐτῷ
1134 4354 1198 4408 κατὰ
1216 4356 1295 4420 νόμον
1307 4353 1373 4408 Mai.
1427 4353 1504 4410 τῦθῦς

303 4370 439 4540 ἓτρέθῦάν
452 4419 513 4508 (sic)
525 4418 553 4473 b.
633 4487 666 4541 λ,
696 4435 737 4489 19.
756 4419 784 4474 δι’
797 4436 850 4474 om.
863 4419 891 4474 b.
933 4422 1013 4512 πάλιν
1025 4422 1180 4512 συγετέλεσε
1194 4425 1248 4512 τοῖς
1260 4423 1459 4505 δασμολογοῦσι
1472 4424 1504 4478 τδ

345 4507 446 4568 ραχμον
462 4507 542 4542 καιτοι
555 4508 632 4542 σοντι
652 4509 712 4570 εσρι
723 4489 758 4559 μή
776 4489 892 4561 ὀφείλων
903 4490 946 4544 δια
957 4512 988 4562 γε
1001 4493 1032 4546 τδ
1044 4513 1108 4548 ειναι
1120 4494 1183 4548 κατά
1194 4493 1318 4562 ἀληθειαν
1328 4493 1384 4549 υίδς
1395 4492 1504 4549 exhlbet

303 4564 330 4610 α
343 4557 432 4613 Μυυι
444 4575 472 4629 ρ.
484 4573 533 4629 134
546 4563 711 4614 ακοοιειαιι.
801 4575 844 4615 το.
862 4559 1043 4633 δι’δρογμονί).
1133 4579 1177 4620 ατ.
1195 4563 1271 4620 τίνοι
1281 4563 1363 4620 habet
1375 4562 1464 4619 chon.
