3268 5130
151 450 280 518 [ωλι]

304 353 369 420 282
428 353 467 418 B.
490 353 679 420 CYRILLI
705 352 971 418 ALEXANDR.
998 351 1284 419 FRAGMENTA
1326 354 1369 417 ix.
1386 371 1501 435 14-24.

307 524 472 604 Παῦλος·
511 515 608 600 δόλων
626 517 697 621 γάρ
720 524 838 626 φησιν
860 527 875 600 ἰ
895 515 983 604 Θιίε
1010 511 1214 626 ἐνδείξασθαι
1242 514 1296 612 τίμ
1324 513 1425 624 ἰργίμ,
1444 516 1503 596 καί

304 639 351 722 τὰ
379 643 473 750 ἑξῆς·
501 642 711 743 πεπλάνητο
734 641 757 741 ἡ
779 641 961 738 σύμπασα
987 645 1036 742 γῆ
1064 637 1156 721 κατά
1182 675 1225 743 γε
1253 640 1336 723 τοιίς
1364 639 1502 719 ἀνωθεν

304 765 356 846 ἔτι
379 764 533 869 καιρούς·
571 771 604 845 οἰ
632 762 698 864 μὲν
715 762 849 870 γάρτῇ
877 765 991 844 κτίσει
1018 763 1313 866 λελατρεύκασιν,
1331 769 1365 844 οἰ
1392 761 1431 842 δὲ
1457 759 1501 842 τὸ

304 893 431 969 δοκοῦν
456 890 639 970 ἐποιοῦντο
666 889 792 983 σε’βας·
832 887 1002 988 κε’κληται
1029 885 1069 966 δὲ
1095 885 1201 984 μόλις
1229 892 1278 973 εἰς
1305 888 1502 988 ἐπίγνωσιν

303 1011 474 1116 Ἀβραὰμ,
502 1012 617 1118 ἀνέφυ
643 1047 681 1092 τε
710 1013 804 1092 οὕτω
830 1010 873 1091 τὸ
900 1010 945 1118 ἐξ
969 1010 1079 1090 αὐτοῦ
1102 1010 1220 1114 γε’νος,
1242 1017 1320 1095 ταῖς
1338 1015 1387 1094 εἰς
1406 1007 1539 1094 θεόνὸ

305 1134 484 1238 λατρείαις
502 1137 774 1238 προσκείμενον.

359 1257 507 1356 Ἐπειδὴ
534 1257 572 1338 δὲ
599 1261 658 1338 καί
680 1259 781 1338 αι’ντοί
800 1255 1008 1358 κατείδησαν
1026 1261 1075 1340 εἰς
1094 1255 1289 1360 Αἴγυπτον,
1308 1252 1386 1336 εἶτα
1409 1254 1497 1359 χρό-

305 1415 386 1466 νους
403 1383 441 1462 ἐν
459 1382 549 1487 αὐτῇ
573 1382 821 1488 διατετρίφασι
846 1378 1013 1483 μακρούς,
1032 1380 1264 1462 κατύλισθον
1281 1385 1330 1464 εἰς
1347 1378 1499 1478 ἀπάτην,

305 1507 364 1585 καὶ
388 1510 462 1588 τοῖς
482 1505 667 1608 ἐγχωρίοις
689 1503 952 1606 λελατρεύκασι
971 1509 1075 1588 θεοῖς·
1112 1505 1197 1584 ἀλλ’
1217 1502 1390 1604 ἐμέμνητο
1406 1501 1501 1585 θεὸς

305 1633 479 1710 τῶνταῖς
509 1625 693 1729 πατράσιν
718 1626 1005 1729 ε’πηγγελμείνων·
1045 1629 1105 1706 καί
1133 1625 1405 1730 προκεχείριστο
1435 1622 1501 1724 μὲν
1518 1662 1560 1702 ιο

184 1773 231 1830 40
246 1771 294 1830 Π.
307 1755 354 1850 εἰς
381 1747 593 1848 ἀποστολὴν
620 1751 641 1830 ό
666 1752 841 1849 Μωυσῆς,
869 1749 927 1830 ἵνα
954 1752 1019 1849 τῆς
1046 1750 1208 1832 δουλείαις
1236 1749 1409 1854 ἀπολύσῃ
1436 1746 1502 1828 τὸν

305 1870 471 1974 Ἰσραήλ·
508 1871 592 1952 ἀλλ’
621 1869 666 1972 ἦν
693 1876 886 1976 ἀναγκαῖον
913 1875 972 1953 καί
999 1879 1074 1958 τοῖς
1101 1871 1332 1972 καλουμένοις
1359 1877 1407 1955 εἰς
1434 1868 1501 1970 τὴν

308 1993 367 2076 ὑπ’
388 1995 484 2104 αὐτῷ
511 1995 681 2098 λατρείαν
707 2000 765 2076 καί
792 2003 886 2077 πᾶσι
913 2002 987 2080 τοῖς
1008 1998 1067 2077 ἐπὶ
1090 1999 1168 2098 γῆς,
1186 1992 1229 2075 τό
1253 1993 1305 2094 μὴ
1322 1992 1501 2075 τηνθείτθαι

306 2115 417 2214 μόνον
439 2117 494 2198 ὅτι
514 2117 762 2224 πεφανέρωται
781 2117 840 2198 διὰ
865 2118 1006 2223 χρόνων
1024 2124 1171 2222 μακρῶν
1189 2119 1210 2199 ὁ
1228 2125 1302 2199 τῶν
1318 2117 1501 2220 Ἑβραίων

308 2239 412 2339 θεὸς,
431 2239 532 2320 ἀλλά
558 2240 630 2345 γάρ
657 2245 717 2322 καὶ
744 2248 822 2326 ταῖς
851 2240 1034 2344 ὑπεράγαν
1051 2243 1317 2346 τερατουργίαις
1333 2273 1496 2345 προσεμ·
1517 2275 1558 2336 ¹5

306 2367 503 2445 πεδοῦσθαι
532 2370 580 2449 εἰς
606 2363 673 2465 τὴν
691 2365 747 2446 ὑπ’
767 2365 864 2472 αὐτῷ
890 2365 1015 2444 πίστιν
1032 2369 1090 2445 καί
1118 2363 1239 2472 δόξαν,
1259 2363 1314 2444 ότι
1336 2362 1387 2464 μὴ
1409 2361 1501 2443 κατὰ

306 2486 389 2571 τοὺς
414 2487 551 2574 ἀλλους
574 2490 654 2569 ἐστὶ
681 2486 782 2572 θεοὺς
809 2485 953 2594 ἄφωνός
979 2521 1019 2569 τε
1047 2492 1105 2568 καὶ
1130 2484 1301 2587 ἀναλκῆς·
1340 2491 1496 2587 πηδαλι-

306 2618 406 2716 ουχεῖ
423 2610 462 2691 δὲ
483 2618 629 2712 μᾶλλον
651 2611 694 2692 τὸ
722 2610 873 2710 σύμπαν
897 2609 1014 2709 αι’ντὸς,
1033 2614 1091 2690 καί
1120 2609 1176 2690 ὅτι
1201 2618 1277 2694 τοῖς
1304 2609 1500 2712 ἀντιπράτ-

306 2767 411 2815 τουσι
435 2742 508 2822 τοίς
531 2736 640 2816 αὑτοῦ
665 2735 817 2833 νεύμασι
841 2732 1159 2834 κατασκήπτουσιν
1178 2734 1295 2838 ὀργαί.
1330 2733 1416 2813 ἀλλ’
1435 2732 1503 2814 ἔδει

306 2855 419 2938 πάλιν
438 2865 687 2962 τερατουργεῖν
711 2854 883 2938 ἐθέλοντα
909 2855 1088 2938 τὸνθεόν
1111 2856 1323 2964 εὐαφόρμως
1347 2859 1503 2958 ὁρᾶσθαι
1517 2893 1561 2934 ιο

306 2977 398 3083 πρὸς
426 2989 532 3062 τοῦτο
559 2981 670 3060 ἰόντα·
710 2980 940 3087 ε’ξεγὴγερται
957 2980 1078 3061 τοίνυν
1095 2983 1116 3060 ὃ
1134 2979 1269 3084 Φαραὼ
1290 2978 1381 3083 πρὸς
1399 2979 1501 3090 ἀντί-

307 3136 444 3183 στασιν
461 3108 698 3200 οἰκονομικῶς,
712 3106 771 3184 καί
789 3100 1096 3206 κοτεσκληρύνετο
1114 3107 1178 3203 τῆς
1196 3103 1291 3187 θείας
1309 3098 1501 3202 δυνάμεως·

307 3224 473 3330 ταύτητοι
509 3224 696 3328 ἐκολάζετο
730 3227 794 3307 οὐκ
823 3227 962 3312 ἀδίκως·
1008 3224 1154 3312 ἀνόσιός
1182 3260 1221 3306 τε
1255 3225 1326 3330 γὰρ
1363 3223 1409 3325 ἦν
1445 3228 1505 3304 καὶ

307 3345 581 3452 εἰδωλολάτρης,
597 3347 799 3454 κατῃκίζετό
817 3383 856 3429 τε
872 3355 981 3456 πηλῷ
999 3352 1057 3428 καὶ
1074 3349 1241 3457 πλινθείᾳ
1256 3347 1321 3429 τὸν
1338 3345 1505 3452 Ἰσραὴλ,

308 3471 367 3551 καὶ
394 3469 528 3569 μισθὸν
554 3472 673 3556 αὐτοῖς
701 3471 880 3575 ἐπήρτησε
905 3472 1029 3554 πόνον·
1070 3470 1125 3552 διὸ
1152 3475 1212 3553 καί
1238 3479 1366 3554 σκεῦος
1394 3471 1505 3573 ἀργῆς
1519 3502 1561 3564 ²5

308 3593 562 3697 κεχρημάτικεν
579 3596 794 3696 ἀναγκαίως,
813 3597 871 3675 καί
890 3595 1109 3699 κατήρτιστο
1126 3600 1175 3680 εἰς
1193 3595 1384 3692 ἀπώλειαν,
1395 3627 1501 3675 τουτ·

308 3715 409 3796 ἔστιν
441 3722 488 3802 εἰς
525 3727 630 3799 τοῦτο
663 3716 893 3824 φαυλότητος
925 3717 1079 3819 διήλασε
1111 3717 1264 3822 τρόπων,
1295 3722 1344 3803 ὡς
1376 3725 1505 3802 σκεῦος

308 3835 395 3919 εἰναι
413 3838 543 3922 λοιπὸν
560 3843 671 3944 ὀργῆς
689 3873 727 3922 τε
745 3846 802 3921 καί
822 3842 1014 3926 ἀπωλείας.
1052 3840 1167 3951 τούτῳ
1186 3842 1279 3926 θεὸς
1296 3839 1503 3948 προσεχρή-

308 3996 404 4044 σατο
421 3963 511 4066 πρὸς
530 3964 677 4072 ἔνδειξιν
694 3967 759 4064 τῆς
775 3964 925 4064 ε’νούσης
944 3963 1070 4070 ἰσχύος
1089 3967 1195 4072 αύτῷ,
1208 3965 1266 4045 ἵνα
1280 3960 1451 4078 διαγγελῇ
1468 3963 1504 4046 τί

309 4087 413 4194 ίννμα
437 4089 545 4169 αὐτοῦ
570 4088 600 4170 ἰν
617 4085 715 4200 πάν-η
733 4124 844 4204 τηγη,
862 4090 919 4168 καὶ
944 4087 1003 4168 ἵνα
1024 4086 1151 4169 παθὼν
1170 4086 1276 4172 αὐτὸς
1301 4089 1416 4191 ὃρῶτο
1442 4095 1506 4168 τοῦ
1521 4123 1561 4180 30

346 4363 370 4402 1.
388 4349 475 4406 δδεδς
485 4367 539 4406 om.
552 4351 587 4408 A.
677 4367 702 4407 α.
719 4349 881 4423 πεπλάνητο]
895 4353 1052 4422 πεπλάνηται
1066 4351 1117 4424 γδρ
1130 4355 1163 4408 Α.
1267 4367 1309 4422 13.
1327 4351 1369 4406 ὑπ’
1382 4353 1459 4407 αἰπδν
1472 4355 1505 4407 Α.

312 4433 353 4484 14.
371 4421 567 4491 danaumptum
579 4439 611 4477 ex
623 4422 658 4478 A.
925 4437 966 4494 15.
985 4423 1051 4494 ἄγαν
1062 4425 1096 4477 Α.
1135 4423 1231 4477 Statim
1243 4420 1459 4492 θαυματουργίαις
1470 4424 1505 4477 Α.

312 4487 354 4540 16.
372 4485 414 4540 ὑπ’
426 4489 503 4544 αὐτὸν
514 4489 548 4543 Α.
561 4491 599 4546 ἐπ’
613 4493 681 4564 αύτῷ
694 4492 799 4562 Migne.
915 4509 956 4558 17.
975 4493 1079 4551 ἄναλκις
1091 4494 1125 4547 Α.
1241 4508 1284 4560 24.
1303 4491 1418 4560 κατὴκιζε
1429 4515 1458 4549 τε
1470 4495 1506 4549 Α.

309 4559 345 4628 τῷ
358 4560 432 4628 πηλῷ
446 4559 487 4612 καὶ
499 4562 530 4626 τῇ
544 4561 577 4614 Α.
686 4576 728 4629 25.
747 4561 869 4631 ε’πὴρτισε
883 4564 917 4618 Α.
1024 4579 1069 4634 30.
1086 4564 1176 4618 παθὼν
1188 4563 1221 4618 Α.
1234 4563 1326 4618 παθεῖν
1337 4562 1389 4618 Ed.
