3294 5150
300 341 366 407 290
467 345 506 408 Β.
530 342 719 409 CYRILLI
744 343 1009 408 ALEXANDR.
1038 339 1320 407 FRAGMENTA
1372 338 1494 406 xii.12.

147 435 201 503 [⁶⁷
214 439 277 506 M]
301 540 340 585 τε
359 505 486 612 ἁπάσῃ
509 509 567 586 καὶ
585 507 677 588 έθνει
701 509 808 588 παντὶ
833 513 1060 610 προσλαλεῖν
1077 505 1120 585 τὸ
1138 502 1368 608 εύαγγελικδν
1387 505 1497 602 δηλο-

302 629 378 709 νότι
405 631 464 708 καὶ
492 629 671 734 σωτήρων
700 628 876 734 κήρυγμα,
905 638 1056 729 σημεῖον
1085 629 1199 708 ἐδίδου
1226 626 1291 712 τὰς
1316 624 1497 729 γλώσσας

302 752 433 836 αύτοῖς·
472 753 598 855 ἄνδρες
624 753 722 838 ὄντες
746 759 937 833 Γαλιλαῖοι
964 756 1022 834 καὶ
1049 752 1283 856 τεθραμμέναι
1311 747 1402 830 κατὰ
1429 747 1497 847 τὴν

303 875 489 975 Ἰουδαίαν,
520 877 684 980 Ἑβραῖοι
720 910 759 956 τε
792 879 850 956 καὶ
881 875 926 982 ἐξ
957 876 1148 978 Ἐβραίων,
1188 874 1328 974 Μήδοις
1363 907 1402 953 τε
1439 873 1498 952 καὶ

305 996 475 1101 Πάρθοις,
494 1000 552 1079 ’καὶ
570 1001 689 1098 μέντοι
707 1001 766 1079 καὶ
784 1001 1006 1099 Ἐλαμίταις,
1025 1001 1084 1078 καὶ
1102 1005 1176 1082 τοῖς
1195 1000 1235 1077 έκ
1251 996 1365 1097 μέσης
1382 995 1497 1076 οῖκού-
1512 1022 1533 1082 5

304 1154 374 1220 σης
395 1129 578 1221 ποταμῶν,
600 1120 860 1206 Καππαδόκαις
887 1156 926 1202 τε
955 1123 1014 1201 καῖ
1032 1122 1250 1224 Αῖγιπττίοις,
1277 1127 1355 1202 ταῖς
1382 1120 1499 1198 αὐτῶν

304 1246 560 1347 προσελάλουν
590 1245 795 1349 γλώσσαις.
837 1249 897 1326 καὶ
933 1247 1168 1346 διεπεραίνετο
1203 1242 1268 1343 μέν
1303 1243 1346 1322 τὸ
1377 1245 1499 1346 χρῆμα

306 1367 482 1472 αύτοῖςτῇ
500 1377 564 1449 τοῦ
576 1368 785 1469 Πνεύματος
802 1369 958 1475 ἐνεργείᾳ
976 1375 1033 1448 καὶ
1053 1366 1182 1474 χάριτι·
1211 1367 1408 1470 γέγραπται
1426 1364 1499 1468 γὰρ

307 1491 361 1571 ότι
381 1501 402 1538 “
415 1489 595 1601 ὤφθησαν
614 1493 732 1577 αύτοῖς
758 1489 1034 1596 διαμεριζόμεναι
1056 1498 1231 1593 γλῶσσαι
1248 1492 1335 1569 ὡσεὶ
1356 1485 1497 1592 πυρός”

306 1617 365 1694 καὶ
392 1614 477 1694 τδέ
506 1619 555 1699 ”ς·
591 1614 692 1694 ἀλλὰ
718 1615 851 1719 τρόπος
874 1615 940 1716 μέν
963 1614 1162 1714 οἰκονομίας
1187 1613 1229 1694 τό
1248 1611 1427 1714 δρώμενον
1443 1609 1499 1711 ἦν,
1517 1647 1558 1688 ιο

306 1738 479 1818 συνίεσαν
497 1736 534 1817 δὲ
560 1738 601 1817 ού
619 1737 759 1822 πάντες.
799 1738 918 1838 ἐπειδὴ
943 1737 981 1818 δὲ
1006 1738 1109 1844 ἅπαξ
1127 1745 1204 1822 ταῖς
1223 1735 1349 1840 ἑτέρων
1367 1733 1496 1838 γλώσ·

307 1894 391 1945 σαις
410 1858 578 1952 ε’λόλουν,
597 1861 765 1968 ἐπίδειξιν
786 1860 911 1964 ὥσπερ
933 1861 1012 1941 τινὰ
1039 1859 1106 1961 τὴν
1124 1859 1182 1941 διὰ
1209 1869 1272 1940 τοῦ
1292 1858 1502 1956 Πνεύματος

307 1982 510 2081 ποιούμενοι
536 1981 652 2089 χοίριν,
685 1987 744 2064 καὶ
777 1987 1020 2092 φιλοκομπίας
1048 1983 1216 2090 ἀφορμὴν
1248 1982 1429 2088 δεχόμενοι
1457 1980 1501 2062 τὸ

308 2112 468 2205 σημεῖον,
486 2105 639 2212 ῥᾴθυμοι
663 2105 730 2207 μὲν
752 2105 849 2207 ἦσαν
876 2105 918 2187 τό
946 2111 1018 2186 δεῖν
1045 2115 1119 2191 τοῖς
1146 2107 1269 2212 ὄχλοις
1295 2105 1340 2186 τὰ
1367 2109 1407 2186 έκ
1430 2110 1503 2184 τῶν

310 2229 423 2330 ἁγίων
448 2235 646 2337 προφητῶν
674 2231 914 2333 διαλέγεσθαι,
937 2233 995 2311 καὶ
1020 2237 1094 2314 τοῖς
1119 2230 1360 2332 εύαγγελικοῖς
1384 2262 1499 2309 σανα·
1519 2259 1561 2318 ¹5

309 2350 466 2454 γορεύειν
493 2349 682 2454 δόγμασιν,
701 2357 749 2437 ὡς
774 2353 909 2434 ἄνωθέν
935 2388 974 2433 τε
1003 2359 1062 2434 καὶ
1088 2356 1127 2433 έκ
1153 2361 1297 2434 πολλοῦ
1324 2385 1499 2455 προκεκη·

307 2475 494 2577 ρυγμένου·
533 2475 859 2577 ἀποσεμνυνόμενοι
886 2477 924 2557 δὲ
953 2480 1000 2561 ὡς
1031 2479 1088 2559 ἐπὶ
1119 2475 1218 2584 μόνιρ
1246 2481 1298 2582 τῷ
1327 2474 1503 2554 δύνασθαι

308 2597 501 2699 γλώσσαις
525 2607 662 2697 λαλεῖν,
688 2598 816 2681 τούτου
843 2634 882 2681 τε
912 2604 970 2681 καὶ
995 2597 1107 2699 μόνου
1135 2603 1403 2696 μεταποιεῖσθαι
1430 2601 1503 2677 δεῖν

309 2716 434 2827 ᾤοντο·
464 2724 522 2801 καὶ
540 2719 583 2802 τὸ
601 2729 752 2826 πρᾶγμα
770 2721 815 2823 ἦν
832 2727 870 2804 έν
887 2726 1063 2808 σπουδαῖς
1081 2730 1157 2807 ταῖς
1175 2717 1499 2825 προυργιαιτόταις.

263 2999 298 3039 12
340 2979 491 3070 Καθάπερ
519 2981 577 3068 τὰρ
604 2980 642 3047 τό
669 2980 763 3057 σῶμα
789 2983 823 3046 ἓν
850 2982 928 3064 ἐστι,
956 2981 1009 3046 καί
1035 2981 1118 3058 μέλις
1146 2980 1212 3068 ἔχει
1238 2978 1345 3045 πολλὰ
1371 2983 1478 3047 κ.τ.λ.
1524 3008 1567 3050 20

365 3159 560 3255 Ἡνώμεθα
596 3157 668 3262 γὰρ
704 3157 891 3258 ἀλλήλοις,
928 3159 1128 3261 σύσσωμοί
1161 3193 1200 3239 τε
1237 3155 1434 3260 γεγόναμεν
1467 3159 1506 3236 έν

312 3284 475 3388 Χριστῷ,
494 3283 763 3385 συνεγείραντος
791 3283 883 3383 ἡμᾶς
911 3287 968 3362 καὶ
995 3285 1185 3388 μονονουχὶ
1212 3280 1421 3364 συνδέοντος
1446 3280 1507 3358 διὰ

312 3413 377 3483 τοῦ
403 3402 480 3488 ἑνός
508 3406 565 3484 καὶ
591 3407 628 3484 ἐν
646 3411 760 3486 πᾶσιν
777 3406 892 3508 Ἁγίου
913 3404 1135 3505 Πνεύματος,
1157 3404 1178 3484 ό
1203 3407 1262 3485 καὶ
1284 3405 1322 3483 έν
1345 3401 1508 3501 πόματος

313 3524 413 3633 τάξει
441 3526 611 3630 ζωοποιοῦ
642 3528 903 3628 πεποτίσμεθα.
943 3532 1001 3609 καὶ
1032 3538 1122 3631 γοῦν
1154 3530 1224 3636 ἔφη
1254 3525 1416 3631 Χριστός
1449 3525 1509 3605 ότε

314 3648 405 3752 πρὸς
426 3648 468 3729 τό
494 3649 641 3753 γύναιον
657 3652 808 3731 ἐποιεῖτο
829 3651 914 3737 τούς
940 3649 1073 3754 λόγους
1095 3652 1138 3733 τὸ
1160 3654 1217 3732 ἐπὶ
1244 3657 1289 3756 τῇ
1316 3655 1415 3755 πηγῇ
1442 3656 1508 3729 τοῦ
1528 3683 1570 3742 ²5

148 3779 258 3908 {3³22ss
269 3776 303 3827 iv.
315 3772 449 3865 Ἰακώβ
476 3783 498 3820 “
511 3775 561 3854 Ὁ
579 3775 693 3855 πίνων
709 3776 748 3854 ἐκ
767 3783 832 3855 τοῦ
849 3777 976 3859 ὕδατος
999 3777 1127 3856 τούτου
1155 3773 1304 3882 διψήσει
1328 3771 1450 3871 πόλιν,
1469 3768 1511 3856 δς

183 3881 189 3904 ’
316 3895 386 3976 “δ’
413 3894 458 3975 ἂν
485 3896 549 4002 πίῃ
577 3899 615 3977 ε’κ
641 3906 704 3978 τοῦ
732 3900 859 3983 ὕδατος
887 3899 929 3979 ού
953 3898 1022 4002 ἐγώ
1050 3899 1158 3980 δώσω
1187 3899 1293 4005 αύτῷ,
1318 3895 1513 3999 γενήσεται

317 4029 338 4068 “
356 4021 393 4099 έν
412 4021 508 4127 αὐτῷ
534 4019 634 4122 πηγὴ
663 4022 788 4106 ὕδατος
810 4022 1013 4123 ἁλλομένου
1040 4027 1088 4108 εἰς
1116 4020 1208 4126 ζωὴν
1230 4019 1404 4101 αἶώνιον.”
1438 4018 1513 4122 ἔφη

149 4161 242 4213 1¹³³st
257 4164 295 4227 38,
317 4141 359 4222 δέ
382 4178 453 4225 που
483 4146 540 4222 καὶ
567 4143 658 4247 πρὸς
685 4145 876 4230 Ἰουδαίους
905 4155 927 4192 “
944 4146 993 4226 Ὀ
1011 4144 1190 4227 πιστεύων
1218 4149 1266 4228 είς
1293 4141 1363 4241 ε’μέ,
1392 4139 1516 4225 καθὼς

152 4239 191 4290 ³⁹⁸
317 4275 339 4312 “
358 4263 452 4346 εἶπεν
480 4269 502 4365 ἡ
526 4267 663 4375 γραφὴ,
686 4263 840 4369 ποταμοὶ
868 4272 906 4348 έκ
934 4273 998 4368 τῆς
1023 4267 1158 4353 κοιλίας
1187 4269 1295 4347 αὑτοῦ
1318 4265 1517 4371 ῥεύσουσιν
1533 4310 1578 4368 30

357 4482 398 4536 16.
417 4504 444 4536 τε
457 4483 484 4537 d.
496 4469 521 4538 τι
533 4501 557 4539 c.
700 4503 741 4557 19.
759 4489 981 4560 πραυργιαιτιίτοις
992 4507 1016 4546 ο.
1159 4505 1202 4544 22.
1219 4489 1413 4558 συνεγείραντος
1424 4487 1519 4558 legere

321 4550 380 4606 cod.
393 4567 473 4605 suum
485 4552 594 4607 adnotat
607 4553 707 4610 Maius.
