3280 5142
133 363 211 432 xvii,
226 381 278 454 25.
352 365 412 432 IN
438 366 471 434 s.
493 365 754 432 οοκυΝπΜ.
799 367 896 434 ΜΒ.
920 369 981 435 x1.
1027 370 1228 438 υκακπ.
1314 376 1337 440 ο

134 535 208 610 τῶν
231 531 330 612 ὅλων
356 533 523 630 βασιλίδι
545 531 667 639 φάσει.
705 532 758 615 τίς
786 533 850 613 οῦν
874 534 897 633 ἡ
923 534 1019 614 αίτία
1044 544 1108 614 τοῦ
1137 540 1336 635 κεκλῆσθαι

134 655 281 753 δίκαιον,
300 657 416 738 καίτοι
442 660 501 737 καὶ
526 656 654 760 ἑτέρως
680 655 764 764 ἐξὸν
782 654 1020 761 ὀνομάζεσθαι
1041 658 1141 762 παρὰ
1159 665 1334 764 Χριστοῦ,

135 778 336 883 φιλομαθές
364 780 475 866 ὅντως
503 786 599 863 ίδεῖν.
639 778 680 861 τῦ
708 778 836 884 γάρτοι
861 779 912 881 μὴ
939 783 1132 864 διιππεῦειν
1150 785 1211 863 ἐᾶν
1228 785 1274 865 τὰ
1297 789 1336 866 ἐν

136 903 430 1013 τῇθεοπνεύστφ
455 911 581 1013 γραφῇ
606 903 829 1007 θεωρήματα,
846 904 994 1006 πολλὴν
1020 904 1066 987 ἂν
1090 908 1174 1007 ἡμῖν
1202 907 1364 1003 ἐκτέκοιο

103 1023 202 1126 5τὴν
232 1025 371 1128 ὄνησιν.
418 1030 544 1110 οὐκοῦν
573 1029 683 1109 ἐκεῖνό
714 1035 844 1136 φαμεν,
875 1027 939 1109 τὸν
970 1033 1007 1110 ἐν
1036 1035 1087 1139 τῷ
1116 1032 1335 1141 προκειμένῳ

134 1151 442 1254 περιαθρήσαντες
460 1160 555 1234 νοῦν.
590 1151 648 1234 ὅτε
667 1154 787 1234 τοίνυν
805 1153 899 1254 ἡμᾶς
917 1151 1125 1258 ἁγιάᾷσθαι
1144 1153 1221 1235 κατ’
1236 1157 1334 1237 εὐδο-

135 1275 218 1355 κίαν
235 1275 343 1375 ἤθελε
365 1285 430 1358 τοῦ
449 1278 536 1358 ίδίου
557 1274 714 1381 Πατρῦς,
733 1274 775 1357 τὸ
799 1285 863 1358 τοῦ
881 1275 1116 1381 παρακλήτου
1133 1278 1335 1382 πρόσωπον

134 1402 194 1478 καὶ
227 1398 294 1501 τὴν
320 1409 385 1481 τοῦ
415 1401 566 1503 μεσίτου
598 1401 721 1506 χρείαν
750 1403 974 1503 ἀποπληρῶν
1006 1403 1027 1481 ὃ
1057 1402 1235 1505 Χριστὸς,
1268 1401 1334 1488 τὰς

135 1520 226 1625 ῦπέρ
241 1524 388 1606 πάντων
405 1526 507 1626 ἡμῶν
523 1527 720 1630 πρεσβείας
740 1528 890 1606 ἐποιεῖτο
918 1525 1037 1628 λέγων
1059 1535 1081 1573 “
1096 1525 1219 1628 Πάτερ
1242 1524 1332 1630 ἅγιε,
1376 1540 1470 1670 {3¹57

83 1655 158 1721 10“
175 1645 339 1750 τήρησον
367 1648 495 1736 αῦτοῦς
532 1652 643 1754 ἐντῇ
679 1650 830 1758 ἀληθεία
859 1651 960 1748 σου,”
994 1650 1063 1755 οὐχ
1091 1649 1213 1754 ἑτέραν
1245 1648 1332 1732 εἶναι
1423 1644 1428 1655 ’
1472 1645 1478 1656 ’

134 1768 255 1872 λέγων
278 1770 345 1872 τὴν
363 1771 535 1874 ἀλήθειαν
552 1771 575 1876 ἢ
600 1771 643 1854 τῦ
665 1773 755 1855 ἴδιον
775 1780 936 1873 Πνεῦμα,
955 1773 999 1852 δι’
1019 1774 1061 1853 οῦ
1080 1772 1144 1859 τὰς
1163 1775 1334 1879 ἡμετέρας

132 1894 375 2000 ἀσφαλίζεται
400 1895 534 2003 ψυχὰς,
552 1897 857 2006 κατασφραγίζων
875 1902 923 1981 εἰς
947 1896 1140 1998 ὁμοιότητα
1161 1897 1227 1998 τὴν
1244 1896 1335 2002 πρὸς

133 2016 273 2118 ἑαυτὸν,
291 2021 349 2100 καὶ
372 2021 598 2126 ἀνατειχίζων
616 2021 742 2125 ὥσπερ
761 2019 904 2130 ἀῤῥήτιρ
922 2018 1067 2122 δυνάμει
1084 2019 1175 2125 πρὸς
1194 2021 1336 2127 ἄμαχον

133 2143 338 2243 εὐτολμίαν,
356 2145 578 2248 παραθήγων
596 2144 635 2225 δέ
660 2149 773 2245 δῆλον
791 2144 845 2226 ὅτι
870 2147 930 2225 καὶ
952 2149 1001 2230 είς
1019 2146 1220 2247 προθυμίαν
1238 2146 1370 2251 ἀχά-(1

85 2295 119 2355 ι5
134 2276 238 2346 λινον
254 2265 322 2367 τὴν
342 2269 395 2349 ἐπ’
415 2268 581 2373 ἀκράτοις
608 2270 873 2372 ἄγαθουργίαις,
897 2271 945 2354 ὡς
972 2268 1122 2368 μηδενὸς
1150 2271 1191 2349 τὸ
1219 2270 1336 2374 παρά-

131 2425 210 2470 παν
242 2389 343 2494 παρά
378 2391 492 2478 πόδας
529 2391 686 2493 κειμένου
721 2395 780 2472 καὶ
818 2393 939 2473 ὀπίσω
974 2399 1098 2474 καλεῖν
1135 2395 1336 2501 ἰσχύοντος,

132 2513 298 2624 ὀξυτάτην
315 2517 492 2622 φέρεσθαι
519 2515 641 2625 δρόμῳ
668 2515 759 2620 πρὸς
782 2517 824 2597 τὸ
851 2519 978 2596 δοκοῦν
995 2521 1048 2624 τῷ
1066 2522 1160 2624 θεῷ,
1180 2520 1238 2598 καὶ
1263 2525 1337 2599 τῶν

133 2643 354 2734 διαβολικιῦν
373 2639 614 2745 πολυτρόπων
636 2640 903 2746 μηχανημάτων
922 2637 945 2740 ἢ
972 2643 1031 2719 καὶ
1059 2644 1124 2740 τῆς
1151 2643 1190 2720 ἐν
1207 2639 1335 2750 κόσμῳ

133 2763 349 2867 φιληδονίας
378 2764 504 2844 οὐδένα
538 2771 720 2847 ποιεῖσθαι
747 2762 873 2866 λόγον.
924 2768 956 2843 οί
991 2762 1063 2866 γὰρ
1090 2763 1195 2872 ἅπαξ
1219 2799 1334 2845 κατα·

82 2887 426 2994 οοσφραγισθέντες
449 2890 502 2997 τῷ
524 2889 639 2997 Ἀγίιρ
661 2886 847 2988 Πνεῦματι
873 2889 931 2967 καί
959 2885 1022 2968 τὸν
1050 2889 1245 2993 ἀρῥαβῶνα
1272 2893 1335 2988 τῆς

132 3010 280 3116 χάριτος
297 3011 438 3117 ἔχοντες
456 3018 505 3098 είς
523 3021 622 3112 νοῦν,
642 3013 924 3116 πεπυργωμένην
943 3012 1068 3117 έχουσι
1091 3012 1158 3113 τὴν
1176 3015 1334 3117 καρδίαν,

133 3131 196 3216 ἅτε
220 3133 265 3235 δὴ
284 3139 343 3217 καί
370 3135 603 3236 ἐνδυσάμενοι
630 3134 696 3236 τὴν
717 3135 762 3242 ἐξ
787 3135 904 3243 ῦψους
932 3135 1093 3237 δύναμιν.
1132 3136 1190 3216 ίνα
1217 3138 1336 3217 τοίνυν
1381 3163 1478 3240 αξιοι.

133 3265 208 3340 τῶν
244 3261 360 3345 οὕτως
392 3258 617 3367 ἅξιεροίστων
654 3258 922 3359 ἀπολαύσωμεν
958 3262 1116 3361 ἀγαθῶν,
1154 3261 1210 3366 ἐφ’
1243 3261 1336 3360 ἡμᾶς
1381 3243 1498 3292 mv.49.

132 3381 255 3464 ἐκάλει
282 3383 346 3464 τὸν
370 3383 470 3488 παρὰ
493 3383 640 3490 Πατρὸς
668 3382 851 3486 ἁγιασμὸν
877 3385 898 3464 ὁ
924 3383 1099 3486 Χριστός.
1131 3386 1207 3464 νυνὶ
1235 3383 1279 3463 δέ
1301 3419 1336 3464 τι

82 3539 120 3600 ²5
134 3516 307 3606 τοιοῦτον,
333 3511 381 3592 ὡς
407 3510 553 3616 ἐγῷμαι,
581 3507 695 3590 πάλιν
722 3506 895 3608 ἐννοήσας
926 3508 1100 3614 φαίνεται.
1144 3505 1235 3611 πρὸς
1264 3506 1337 3611 γὰρ

134 3633 287 3731 ἐκείνοις,
325 3630 377 3718 οῖς
414 3633 485 3739 ἔφη
526 3634 609 3735 περὶ
645 3640 710 3712 τοῦ
747 3636 820 3712 δεῖν
854 3633 948 3733 ἡμᾶς
990 3630 1200 3736 ἁγιάζεσθαι
1236 3629 1338 3735 παρὰ

136 3753 295 3861 Πατρῦς,
314 3759 373 3837 καὶ
394 3753 478 3836 τάδε
499 3755 731 3860 προστέθεικε
749 3758 831 3859 περὶ
849 3756 951 3855 ἡμῶν
971 3765 992 3804 “
1008 3753 1123 3858 Κάγὼ
1141 3753 1206 3854 τὴν
1225 3753 1338 3862 δόξαν
1348 3786 1505 3844 ο1007Α.

135 3887 158 3926 “
176 3877 223 3980 ἢν
240 3877 394 3966 δέδωκάς
411 3915 473 3980 μοι
491 3881 628 3961 δέδωκα
645 3881 765 3963 αὐτοῖς
782 3879 842 3959 ἵνα
860 3875 952 3960 ὦσιν
971 3875 1009 3959 ἓν
1028 3878 1145 3963 καθὼς
1166 3878 1265 3979 ἡμεῖς
1283 3877 1334 3956 έν·
1382 3861 1483 3986 ῗξξῗ,

136 4013 160 4052 ‘⁴
178 4001 375 4106 ἠγάπησας
399 4003 471 4106 γὰρ
498 4002 627 4088 αῦτοῦς
656 4000 774 4087 καθὼς
801 3999 861 4102 ἐμὲ
887 4000 1114 4106 ἠγάπησας,”
1144 4005 1203 4081 καὶ
1224 3999 1338 4082 πάλιν
1384 4005 1425 4055 ²³·

85 4137 159 4220 3o“
178 4124 311 4230 Πάτερ,
331 4127 392 4212 οῦς
409 4127 565 4213 δεδωκάς
582 4161 656 4228 μοι,
675 4125 772 4208 θέλω
791 4127 850 4208 ἵνα
875 4125 967 4208 ὅπου
984 4129 1054 4226 είμί
1070 4122 1142 4228 ἐγὼ
1161 4130 1219 4204 καὶ
1238 4126 1338 4206 αὐτοὶ
1383 4147 1472 4211 11224.

135 4247 159 4288 ‘⁴
175 4234 246 4320 ὦσι
263 4240 339 4340 μετ’
359 4239 481 4340 ε’μοῦ.”

159 4544 216 4654 .τέ
228 4529 358 4600 ἁγιασμδν
367 4529 401 4587 Ε.
411 4529 459 4602 (cf.
467 4532 579 4600 δγίασον
591 4528 683 4587 αὐτοὺς
695 4529 723 4586 ἐν
734 4531 765 4599 τῇ
778 4526 886 4598 α’ληθεία
898 4524 971 4596 σου.)
980 4523 1108 4597 ἁγνισμὸν
1117 4524 1170 4584 Ed.
1237 4526 1281 4589 28,
1293 4525 1338 4580 αῦ-

136 4621 173 4672 τιρ
215 4639 224 4656 .
