3244 5146
301 307 366 373 554
634 303 672 367 Β.
696 301 883 367 CYRILLI
905 301 1169 368 ALEXANDR.

268 465 340 547 δδὲ
363 466 515 571 μέτοχον
541 466 837 568 ἀποδεδειγμένον
853 473 918 546 τοῦ
942 465 1037 546 θείου
1057 465 1268 564 Πνεόματος
1285 463 1306 544 δ
1325 465 1385 544 καὶ
1406 463 1510 543 ἁπο-

132 597 243 650 Gwi·
302 589 483 688 βίβληκεν
501 589 561 669 διὰ
584 588 650 689 τὴν
668 590 855 688 ἁμαρτίαν.
893 589 963 695 ἔφη
988 587 1061 692 γὰρ
1086 623 1158 670 που
1176 591 1196 668 ὁ
1215 587 1309 672 Θεός
1327 586 1384 668 ὅτι
1410 587 1511 666 “Ovi

135 681 158 728 ³⁸
304 723 326 760 “
343 711 393 810 μὴ
418 713 610 818 καταμείνῃ
636 711 680 792 τὸ
700 711 848 811 Πνεῦμὰ
871 745 941 811 μου
965 714 1004 792 ἐν
1021 719 1105 796 τοῖς
1132 710 1332 814 ἀνθρώποις
1362 709 1511 792 τούτοις
1600 764 1601 772 ι

304 846 326 884 “
344 834 402 915 διὰ
431 834 474 915 τὸ
501 831 590 915 εἶναι
613 833 739 918 αὐτοὺς
766 834 936 938 σόρκας,”
963 833 1139 932 τουτέστι,
1163 832 1256 934 μόνα
1285 839 1436 940 φρονεῖν
1460 831 1511 914 τὰ

135 975 200 1040 Enb·
214 973 231 1022 t.
304 957 453 1062 σαρκός.
487 955 669 1058 ἐπειδὴδὲ
697 956 896 1058 ηὐδόκησεν
923 959 943 1038 ὁ
972 955 1065 1042 Θεὸς
1087 960 1146 1038 καὶ
1165 956 1295 1061 Πατὴρ
1320 959 1540 1063 ἁνακεφα-5

138 1055 176 1089 ¹⁰⁹
305 1081 537 1162 λαιιόσασθαι
563 1079 610 1161 τὰ
634 1078 754 1165 πάντα
779 1081 818 1161 ἐν
835 1087 887 1187 τῷ
905 1085 1073 1188 Χριστῷ,
1094 1081 1281 1162 τουτέστιν
1298 1085 1347 1166 εἰς
1370 1078 1415 1160 τὸ
1440 1080 1508 1181 ἁρ-

305 1211 408 1310 χαῖον
430 1207 634 1307 ἀναγαγεῖν,
652 1203 693 1284 τὸ
719 1202 887 1284 ἁποπτὰν
905 1207 963 1284 καὶ
986 1205 1240 1311 ἁποφοιτῆσαν
1258 1203 1359 1302 ἡμων
1369 1200 1510 1304 Ἀγιον

275 1333 456 1427 ςΠνεῦμα
490 1326 603 1408 πόλιν
635 1327 720 1428 ἡμῖν
751 1329 1018 1418 ἀποκαθιστῶν,
1051 1335 1157 1408 τοῦτο
1188 1324 1394 1434 ἐνεφύσησε
1431 1331 1510 1408 τοῖς

135 1447 247 1562 2¹³2?
304 1452 419 1554 ἁγίοις
445 1448 677 1549 ἀποστόλοις,
701 1448 818 1552 λε’γων
845 1459 867 1498 “
885 1447 1027 1546 Λὰβετε
1052 1454 1203 1550 Πνεῦμα
1215 1447 1382 1552 Ἀγιον.”
1414 1451 1508 1528 ἁνα-

305 1574 432 1658 νέωσις
462 1572 535 1678 γὰρ
565 1578 630 1675 τῆς
661 1572 812 1679 ἀρχαίας
838 1573 970 1673 ἐκείνης
997 1578 1142 1677 δωρεᾶς,
1168 1574 1227 1654 καὶ
1252 1581 1316 1653 τοῦ
1340 1571 1509 1652 δοθέντος
1527 1600 1565 1640 10

304 1699 389 1797 ἡμῖν
417 1695 686 1804 ε’μφυσήματος,
717 1695 760 1777 τό
796 1695 855 1778 διὰ
886 1701 1053 1800 Χριστοῦ
1083 1697 1240 1800 γε’γονεν,
1271 1699 1511 1801 ἁναμορφοῦν

305 1821 398 1919 ἡμᾶς
411 1825 460 1904 εἰς
477 1817 660 1922 ἁγιασμόν
673 1817 738 1900 τόν
755 1827 909 1924 πρῶτον,
923 1824 982 1900 καὶ
1000 1821 1212 1924 ἀνακομίζειν
1229 1819 1296 1921 τὴν
1313 1817 1512 1922 ἀνθρώπου

306 1943 431 2050 φύσιν,
449 1945 499 2027 ὦς
515 1945 554 2024 ἐν
568 1945 717 2050 ἁπαρχῇ
738 1950 812 2028 τοῖς
830 1943 944 2046 ἁγίοις
967 1940 1199 2042 ἀποστόλοις,
1217 1948 1266 2028 εἰς
1287 1941 1352 2023 τόν
1369 1940 1512 2023 ἁνωθεν

306 2068 366 2146 καὶ
382 2068 420 2147 ἐν
438 2066 564 2174 πρώτη
582 2069 786 2172 κατασκευῇ
806 2065 954 2148 δοθείιτα
972 2066 1057 2167 ἡμῖν
1073 2064 1271 2169 ἁγιασμόν.

139 2205 294 2353 [³7¹in
309 2283 347 2347 Εἰ
368 2280 472 2364 ἕτερον
491 2281 526 2347 τδ
548 2281 609 2348 κατ’
627 2283 725 2348 εἰκόνα
747 2281 796 2346 καί
817 2281 919 2364 ἕτερον
940 2281 975 2346 τδ
999 2282 1069 2346 καθ’
1084 2283 1226 2362 όμοίοσιν
1242 2279 1261 2361 ἢ
1279 2279 1400 2346 ταὰτόν·
1429 2281 1511 2360 φασί
1530 2293 1565 2352 ¹5

366 2397 431 2476 γὰρ,
445 2395 491 2458 ότι
513 2392 547 2458 τδ
567 2393 624 2473 μίν
640 2392 714 2458 Κατ’
730 2395 831 2458 εἰκόνα
853 2393 1008 2474 ἐλάβομεν
1030 2393 1115 2460 εὐθὺς
1134 2394 1311 2471 κτισθέντες,
1327 2389 1362 2455 τὸ
1378 2389 1412 2455 δέ
1427 2391 1510 2456 Καθ’

366 2506 515 2585 ὁμοίωσιν,
534 2505 579 2583 οὔ,
601 2504 756 2586 τετήρηται
778 2505 811 2568 δὲ
834 2501 901 2586 παρ’
925 2505 994 2585 ἡμῖν
1016 2506 1058 2572 εἰς
1078 2506 1171 2568 αἰῶνα
1191 2503 1244 2569 τὸν
1257 2502 1419 2584 μέλλοντα.
1450 2502 1511 2579 διδ,

366 2616 450 2696 φησί,
464 2615 630 2698 γέγραπται
649 2613 776 2680 “”Οταυ
791 2614 948 2697 όΧριστδς
962 2615 1130 2703 φανερωθῇ,
1142 2616 1237 2694 όμοιοι
1250 2614 1327 2701 αὐτῷ
1342 2613 1510 2694 ἑσόμεθα.”

367 2725 522 2804 καίλπόλιν
537 2729 659 2808 εἴρηται,
675 2727 768 2808 φησίν
783 2733 803 2764 “
816 2724 997 2805 Ποιήσωμεν
1011 2727 1166 2808 ἄνθρωπον
1185 2725 1245 2791 κατ’
1262 2725 1362 2791 εἰκόνα
1377 2725 1427 2790 καί
1442 2731 1511 2791 καθ’

368 2843 385 2873 “
399 2838 540 2916 όμοίωσιυ
553 2834 731 2918 ήμετέρου,”
746 2837 793 2901 καί
807 2840 881 2917 μετὰ
895 2835 950 2916 τήν
964 2842 1017 2902 τοῦ
1032 2836 1188 2918 ἁνθρόπου
1204 2835 1394 2918 δημιουργίαν
1408 2837 1510 2916 εἰρηκε
1528 2867 1564 2905 20

368 2953 386 2984 “
400 2947 457 3011 Καὶ
479 2947 619 3026 ἐποίησεν
638 2949 655 3012 ό
671 2946 750 3016 Θεὸς
771 2946 824 3014 τδν
846 2948 1014 3028 όνθριοπον,
1037 2943 1100 3011 κατ’
1116 2949 1219 3012 εἰκόνα
1240 2947 1346 3010 ἑαυτοῦ
1364 2947 1511 3024 ἐποίησεν

366 3065 386 3098 “
399 3057 519 3138 αότδυ,”
543 3057 699 3138 σιωπήσας
728 3061 856 3126 ἰνταῦθα
881 3059 917 3122 τό
943 3056 1020 3124 Καθ’
1047 3059 1200 3139 ὁμοίωσιν,
1226 3057 1276 3122 ἵνα
1304 3057 1392 3144 δείξῃ,
1419 3058 1509 3139 φησὶ,

366 3168 452 3249 μήπω
467 3169 541 3250 ἡμᾶς
562 3174 649 3234 τοῦτο
668 3170 817 3255 δεδέχθαι,
832 3173 1009 3252 τετηρῆσθαι
1024 3171 1057 3234 δὲ
1073 3169 1145 3250 ἡμῖν
1159 3171 1242 3249 ἰντῇ
1260 3168 1388 3254 μακαρίη
1408 3169 1510 3256 ἐκείνη

369 3281 438 3366 ζωῇ.

348 3447 372 3486 1.
389 3429 684 3502 με’τοχον-Πνεόματος
700 3432 752 3489 hoo
764 3433 856 3490 ordine
869 3433 903 3489 A.
919 3437 966 3488 τοῦ
983 3433 1054 3489 θείου
1070 3432 1214 3502 πνεόματος
1230 3431 1444 3502 όποδεδειγμίνοε
1460 3432 1508 3501 με’·

309 3522 390 3572 τοχον
402 3500 453 3556 Εό.
506 3501 673 3572 ἀποβέβληκε
690 3503 733 3558 διδ
748 3505 794 3574 τήν
805 3505 929 3575 ἁμαρτίαν
940 3503 991 3559 hoc
1004 3503 1097 3559 ordine
1109 3504 1143 3558 A.
1156 3503 1337 3571 ἁποβίβληκεν
1350 3513 1412 3574 pont
1423 3501 1507 3572 ἁμαρ·

309 3572 367 3626 τίαν
378 3573 528 3642 transponit
541 3571 593 3628 nd.
771 3591 798 3629 τ.
816 3578 831 3628 δ
843 3583 1013 3644 assumptum
1025 3593 1058 3628 ex
1070 3579 1104 3628 A.
1270 3589 1298 3644 3.
1316 3575 1459 3642 κατορείνει
1472 3575 1506 3627 A.

310 3660 336 3709 4.
353 3639 399 3713 τό]
415 3648 444 3707 ÷
458 3644 504 3710 τῆς
516 3641 568 3698 Ed.
797 3658 823 3714 5.
842 3645 929 3713 ε’πειδή
941 3643 1014 3698 Α.Ι).
1028 3644 1130 3700 ε’πειδὰν
1142 3642 1194 3699 Εό.
1246 3644 1507 3712 ηὐδόκησεν-πάντα

309 3712 361 3767 hoc
379 3712 471 3767 ordine
483 3714 517 3767 A.
530 3713 672 3782 ηὐδόκησεν
690 3721 751 3784 pont
767 3715 850 3769 πάντα
867 3714 1018 3785 transponit
1032 3714 1082 3769 nd.
1136 3715 1276 3782 εὐδόκησεν
1289 3713 1324 3767 D.
1378 3711 1507 3784 πατὴρ]δ

309 3783 393 3851 πατὴρ
405 3784 440 3837 A.
634 3785 662 3840 6.
679 3788 716 3858 οφ
728 3785 803 3856 ρεῖαν
815 3785 954 3853 omissum,
966 3785 995 3839 in
1007 3785 1127 3856 margine
1139 3785 1244 3864 supplot
1255 3801 1352 3838 manno
1364 3783 1457 3838 endem
1470 3786 1506 3839 A.

309 3881 645 3952 ...ommno
808 3897 833 3954 ⁷·
851 3885 892 3938 ια
903 3885 1087 3954 naono...
1098 3883 1167 3954 ,μοι
1181 3869 1253 3966 [ητα
1264 3881 1301 3954 A]
1316 3883 1350 3939 κ.
1363 3882 1435 3952 μοι
1444 3893 1508 3938 mn

309 3955 352 4010 καί
363 3953 514 4022 transponit
527 3951 578 4006 Ed.
741 3954 768 4009 8.
785 3955 1057 4010 τοῦτο-ἁποστόλοις
1067 3953 1120 4010 hoo
1131 3954 1225 4008 ordino
1237 3954 1271 4007 A.
1283 3957 1337 4010 τοῖς
1347 3953 1431 4024 ἁγίας
1441 3953 1507 4009 ἁπο-

310 4025 419 4079 στόλοις
429 4021 579 4092 ἐνεφύσησε
590 4025 668 4078 τοῦτο
683 4023 732 4079 Ed.
930 4041 973 4081 η.
990 4025 1120 4098 ἁγιασμόν
1131 4026 1177 4080 τόν
1188 4028 1291 4094 πρῶτον
1302 4023 1354 4080 hon
1366 4023 1459 4080 ordino
1471 4025 1507 4081 A.

310 4095 467 4162 ἀνακομίζειν
478 4091 547 4166 (εἰς)
559 4092 594 4148 A.
653 4119 656 4126 ·
745 4107 786 4165 15.
804 4091 837 4219 l]
853 4093 893 4150 Ito
906 4095 940 4150 A.
1085 4093 1180 4164 15,16.
1200 4094 1275 4149 Hanc
1287 4094 1405 4166 Εἰ-γδρ
1417 4111 1507 4152 acoen-

312 4174 405 4222 sernnt
416 4183 448 4218 ex
459 4165 492 4219 A.
505 4164 648 4234 notisnotis
659 4163 783 4236 Atym.
795 4165 819 4218 E
840 4203 850 4220 .
998 4165 1041 4221 16.
1058 4165 1133 4222 εὐθὺς
1144 4163 1290 4222 κτισθέντες
1301 4164 1353 4221 hoc
1365 4163 1459 4221 ordine
1472 4166 1507 4221 A.

315 4249 356 4303 17.
375 4237 407 4288 οδ
418 4235 450 4288 A.
463 4234 580 4303 οὐδαμῶς
593 4233 645 4290 Ed.
697 4235 726 4290 δι’
738 4253 791 4290 om.
803 4236 838 4291 A.
920 4236 962 4290 18.
978 4236 1049 4306 φησί
1060 4243 1228 4306 asumptum
1239 4253 1272 4290 ox
1284 4236 1320 4290 A.
1394 4251 1436 4304 19.
1453 4237 1507 4306 φη-

313 4307 357 4359 σίν
369 4314 536 4374 assumptum
549 4321 581 4358 ex
593 4305 628 4359 A.
680 4302 842 4375 ποιήσωμεν]
860 4310 888 4368 4
902 4307 948 4360 τδν
961 4304 1012 4360 Εό.
1030 4305 1244 4377 repugnantibus
1261 4305 1334 4361 AD.
1387 4305 1429 4360 καί
1446 4305 1507 4360 καθ’

313 4373 438 4438 ὁμοίωσιν
449 4372 573 4444 ἡμετέραν
585 4375 618 4429 A.
632 4374 757 4446 ἡμετέραν
767 4385 829 4430 nnio
841 4375 882 4429 καί
894 4377 1046 4446 transponit
1058 4377 1110 4432 Ed.
1259 4391 1302 4431 20.
1321 4373 1404 4445 εἴρηκε
1417 4376 1458 4430 καί
1471 4377 1507 4432 A.

312 4442 409 4514 εἴρηται
424 4443 474 4498 Ed.
582 4461 625 4500 τι.
643 4448 734 4502 tamon
746 4444 817 4500 A.D.
831 4446 909 4500 αὐτοῦ
922 4445 973 4501 Εό.
1103 4463 1145 4503 22.
1204 4448 1233 4502 αἰ
1244 4455 1414 4518 mnmptom
1426 4464 1459 4501 οκ
1472 4448 1508 4502 A.

314 4529 357 4584 23.
375 4511 439 4582 ήμὰς
451 4516 527 4568 τοΐπο
539 4514 659 4586 δεδέχθαι
671 4516 722 4570 hoc
735 4516 827 4571 ordine
840 4516 874 4572 A.
887 4516 1006 4589 δεδόχθαι
1018 4519 1095 4573 τοῦτο
1107 4516 1172 4588 ἡμᾶς
1228 4557 1236 4572 .
