3284 5130
124 348 245 416 my.
401 332 460 397 IN
490 333 524 399 s,
548 331 807 400 JoANNEM.
852 332 949 401 mn.
972 332 1054 400 ΧΠ.
1265 330 1329 395 119

123 503 190 575 τοῦ
217 493 323 597 ἁγίου
345 495 515 596 σώματος
536 495 725 594 ἅπτεσθαι,
749 494 926 601 καθαροὺς
955 495 992 576 δέ
1018 503 1164 596 μᾶλλον
1192 496 1326 574 ἀποδε-

124 618 341 719 δειγμένους,
378 617 437 700 διὰ
479 624 543 720 τῆς
588 621 626 701 ἐν
661 619 837 771 πνεύματι
869 621 1075 773 νοουμέιης
1120 623 1325 723 περιτομῆς·

122 739 340 846 “περιτομὴ
362 742 435 895 γάρ
454 744 637 848 καρδίας’
619 779 657 825 εν
674 743 877 896 πνεήματα”
898 743 992 825 κατὰ
1008 744 1074 845 τήν
1093 778 1156 824 του
1140 743 1329 823 Παύλου
1373 753 1483 870 {³0¹²st

124 865 263 970 φωνήν.
292 870 377 948 ἀλλ’
393 870 458 949 οῦκ
477 866 522 947 διν
541 871 579 949 ἓν
597 869 681 968 ἡμῖν
699 869 773 969 ήέν
790 868 964 968 πνεύματι
982 902 1120 971 γενοιτο
1138 865 1326 970 περιτομή,
1390 833 1406 885 ⁹

92 1015 110 1075 5
122 988 175 1088 μὴ
200 989 457 1076 ἐνοικισθέντος
483 993 521 1071 ἐν
544 992 629 1092 ἡμῖν
651 999 715 1072 τοῦ
731 991 861 1095 Ἀγίου
881 991 1100 1088 Πνεῦματος,
1120 989 1178 1069 διά
1204 1023 1243 1069 τε
1265 992 1496 1088 τῆςιιοςοΔ.

122 1113 283 1198 πίστεως
308 1119 366 1196 καὶ
391 1123 457 1196 τοῦ
478 1116 583 1219 ἁγίου
596 1104 875 1215 βαπτίσματος·
917 1121 995 1200 πῶς
1013 1115 1076 1194 οὖν
1093 1115 1157 1194 οῦκ
1176 1111 1245 1193 ἔδει
1264 1110 1330 1213 τήν

125 1234 286 1338 Μαριὰμ
314 1239 537 1346 ἐξείργεσθαι
569 1237 655 1324 τέως
686 1243 751 1339 τῆς
784 1247 847 1320 τοῦ
879 1238 1049 1337 σώματος
1081 1240 1232 1344 ἐπαφῆς,
1265 1243 1329 1316 τοῦ

122 1361 232 1459 ἁγίου
258 1359 298 1441 δὲ
321 1363 502 1464 δηλονότι,
524 1371 716 1460 λαβοῦσαν
734 1365 834 1444 οὕτω
858 1360 901 1444 τὸ
921 1368 1097 1461 Πνεῦμα,
1131 1366 1161 1442 εὶ
1179 1357 1251 1463 γὰρ
1269 1361 1328 1440 καὶ

123 1483 300 1589 ἐγήγερτο
318 1485 482 1589 Χριστὸς
506 1489 545 1568 ἐκ
570 1494 714 1591 νεκρῶν,
740 1487 825 1566 ἁλλ’
846 1488 945 1568 οὕτω
971 1483 1013 1566 τὸ
1032 1490 1181 1583 Πνεῦμα
1206 1483 1328 1564 δέδοτο

78 1613 171 1712 ιοτῇ
189 1609 440 1711 άνθρωπότητι
457 1609 557 1714 παρὰ
577 1611 722 1715 Πατρὸς
743 1612 786 1690 δι’
806 1611 928 1694 αὐτοῦ.
961 1607 1125 1690 ἁνελθὰιν
1142 1606 1214 1712 γὰρ
1238 1606 1328 1710 πρὸς

123 1729 190 1810 τὸν
209 1729 305 1812 Θεὸν
327 1737 385 1814 καὶ
404 1733 561 1838 Πατέρα,
585 1734 816 1842 κατέπεμψεν
834 1734 917 1834 ήμῦι
936 1731 1034 1832 αὐτὸ,
1061 1732 1201 1814 διὸκαὶ
1225 1727 1329 1834 ’ἐλεγε

125 1864 149 1902 “
166 1857 350 1963 Συμφέρει
377 1860 459 1958 ἁμῖν
485 1858 544 1939 ἵνα
567 1858 638 1964 ἐγὼ
666 1859 826 2008 ἁπέλθρι,
855 1858 917 1940 ε’ἁν
943 1857 1015 1962 γὰρ
1042 1855 1092 1958 μή
1120 1857 1328 1955 ἁπέλθω,ὃ
1308 1850 1459 1982 οξξξῗ

125 1978 405 2130 “παράκλητρς
436 1984 478 2062 οῦ
503 1981 578 2132 μήο
602 1978 694 2134 ελθρ
724 1982 816 2140 πρὸς
846 1985 949 2083 ὑμᾶς·
1002 1980 1065 2061 ἐὰν
1098 1982 1137 2062 δέ
1168 1981 1328 2079 ἀπέλθω,

127 2114 151 2151 “
167 2102 368 2210 πέμψω
324 2102 434 2187 αυτὸν
450 2103 541 2209 πρὸς
559 2107 685 2206 ῦμῦς.”
722 2107 822 2187 οῦπω
840 2113 1031 2260 τοιγαροῦν
1049 2105 1326 2210 καταπεμφθεν·
1310 2108 1363 2175 -b

83 2259 114 2316 ¹5
128 2261 191 2312 τος
209 2226 293 2326 ἡμῖν
314 2238 378 2310 τοῦ
399 2229 528 2333 Αγίου
548 2229 831 2329 Πνεῦματος,’
786 2264 885 2311 ουτω
908 2229 982 2333 γὰρ
999 2227 1216 2383 ἀναβεβήκει
1238 2211 1362 2331 πρὸς

125 2347 193 2430 τὸν
223 2350 430 2455 Πατέρα,
408 2388 455 2438 ως
483 2356 583 2435 οὔπω
612 2388 655 2436 το
637 2354 824 2453 Πνεῦμα
852 2356 1097 2449 λαβοῦσαν’
1075 2354 1236 2457 απείργει
1264 2351 1330 2452 τήν

130 2471 298 2578 Μαριὰμ,
317 2475 436 2579 λέγων
461 2479 520 2574 Μή
545 2516 612 2586 μιν
638 2476 761 2570 ἁπτιυ,
792 2475 883 2560 ιῦπω
910 2475 980 2584 γὰρ
1007 2479 1219 2572 ἀναβέβηκα
1244 2476 1329 2582 πρὶς

127 2605 181 2680 τὶν
209 2597 355 2708 Πατέρα,
378 2602 574 2701 τουτέστιν,
602 2604 701 2684 οῦπω
729 2599 771 2684 τὸ
788 2599 920 2705 Ἀγιον
940 2606 1090 2697 Πνεῦμα
1113 2600 1329 2706 κατέπεμψα

127 2721 221 2827 πρὸς
253 2726 354 2820 ὑμᾶς.
395 2726 554 2807 ἐντεῦθεν
586 2735 663 2812 ταῖς
695 2727 908 2845 ἐκκλησίαις
933 2726 952 2804 ὁ
981 2721 1104 2809 τάπος.
1145 2723 1329 2827 τοιγάρτοι

78 2882 115 2922 ιο
128 2852 189 2926 καὶ
214 2851 279 2947 τῆς
304 2853 397 2952 ἱερᾶς
425 2850 597 2954 τραπέζης
620 2850 824 2958 ἐξείργομεν
848 2851 908 2930 καὶ
934 2847 1016 2934 τοῦς
1040 2848 1239 2952 ἐγνωκότας
1264 2845 1329 2944 μέν

127 2971 239 3050 αὐτοῦ
275 2969 343 3071 τῆν
379 2971 530 3074 θεάτητα
567 2980 625 3056 καί
660 2974 961 3078 ὁμολογήσαντας
992 2974 1060 3076 ήδη
1095 2971 1161 3074 τήν
1191 2974 1327 3071 πίστιν,

127 3094 305 3187 τουτέστι,
336 3094 419 3182 τοῦς
449 3097 500 3178 ἐτι
527 3097 821 3205 κατηχουμένους,
855 3097 905 3199 μή
934 3096 1006 3198 μὴν
1037 3099 1095 3178 καί
1128 3095 1169 3178 τὸ
1195 3094 1361 3199 Ἀγιονο

129 3223 282 3319 Πνεῦμα
301 3221 592 3323 πλουτήσαντας.
631 3231 705 3308 τοῖς
724 3221 794 3327 γὰρ
813 3225 912 3304 οὕτω
936 3220 1241 3321 βεβαπτισμένοις
1265 3221 1329 3301 οῦκ

126 3346 262 3423 ἐνοικεῖ.
297 3343 388 3426 ε’πὰν
406 3344 444 3426 δέ
462 3356 526 3426 τοῦ
543 3347 672 3447 Ἀγίου
692 3347 900 3446 Πνεῦματος
918 3349 1156 3451 ἁποδειχθεῖεν
1173 3347 1329 3450 μέτοχοι,

76 3497 113 3558 25
127 3463 210 3546 τότε
236 3471 293 3548 καὶ
318 3469 497 3551 ἅπτεσθαι
522 3479 586 3552 τοῦ
611 3475 779 3573 Σωτῆρος
807 3471 907 3571 ἡμῶν
924 3477 1090 3574 Χριστοῦ
1118 3468 1161 3550 τὸ
1189 3469 1331 3551 κωλῦον

128 3590 244 3671 οὐδέν.
284 3591 465 3698 τοιγάρτοι
490 3598 548 3676 καὶ
569 3603 644 3679 τοῖς
660 3601 854 3701 μετασχεῖν
873 3595 1064 3676 ἐθέλουσιν
1082 3595 1248 3699 εὐλογίας
1266 3597 1330 3693 τῆς

129 3721 318 3816 μυστικῆς,
345 3722 377 3797 οἱ
409 3725 482 3799 τῶν
510 3720 614 3800 θείων
641 3719 850 3821 μυστηρίων
880 3726 1144 3826 προσφωνοῦσι
1170 3730 1330 3820 λειτουρ-
1400 3805 1404 3814 ,

129 3840 193 3942 γοί
225 3845 296 3920 ΤΑ
331 3842 466 3923 ἈΓΙΑ
503 3846 629 3923 Tol}
665 3843 867 3940 ἈΓΙΟΙΣ,
903 3839 1209 3946 πρεπωδεστάτην
1242 3836 1329 3921 εἶναι
1391 3839 1394 3850 ’

129 3962 361 4050 διδάσκοντες
392 3973 465 4046 τῶν
499 3966 612 4070 ἁγίων
644 3963 710 4064 τῆν
742 3966 887 4074 μέθεξιν
921 3974 994 4051 τοῖς
1027 3964 1257 4070 ἡγιασμένοις
1292 3966 1330 4043 ἐν

74 4126 114 4183 30
131 4085 329 4187 Πνεῦματι.
1342 4185 1365 4254 d

165 4307 503 4380 wbummptumexl
664 4307 753 4380 6-30
764 4309 867 4380 οἰςιιρ.
1027 4308 1053 4362 8.
1072 4306 1330 4398 διὀκρυιιςίτοίιιὶῑ

130 4321 237 4451 Midum
249 4378 318 4435 fone
328 4388 418 4436 tamen
430 4391 533 4451 praeter
544 4380 737 4436 necessitatem.
854 4396 897 4437 τα.
915 4378 976 4436 τοῦτ
986 4377 1080 4452 ιτι]’
1051 4377 1137 4434 ουκίει
1148 4377 1208 4436 mk
1218 4379 1257 4434 ἔτι
1271 4377 1294 4434 l.
