3280 5142
290 341 332 405 76
592 337 632 401 Β.
654 336 865 402 CYRILLI
895 333 1187 401 ALEXANDR.
1356 331 1423 396 xix.
1438 345 1491 415 15.

255 503 386 608 ὶιῶραν
407 508 466 585 καῖ
492 501 559 605 τήν
578 505 714 608 ἡμέραν
735 507 756 585 6
781 503 973 589 θεσπέσιος
997 499 1272 607 Εόαγγελιστὴς
1300 500 1493 606 χρησίμως·

290 633 349 711 καὶ
375 631 586 732 ἀναγκαίως,
610 627 669 709 διά
695 662 735 709 τε
763 627 873 728 αὐτὴν
899 627 966 729 τήν
993 627 1209 724 ἀνάστασιν,
1231 629 1290 707 καὶ
1317 623 1360 705 τό
1387 622 1493 726 παρά

289 762 363 839 τοῖς
388 754 613 859 ὑποχθονίοις
635 753 834 856 τριήμερόν,
853 752 911 833 ἵνα
936 751 1106 859 φαίνηται
1130 747 1243 832 πάλιν
1262 749 1491 850 ἀληθεύωνό

120 873 243 1003 Ξζᾞὼ·
291 877 425 982 Κύριος
447 886 521 964 τοῖς
539 878 723 962 Ἰουδαίοις
747 877 857 958 εἶπόν
875 876 1057 981 “Ὦσπερ
1081 874 1154 980 γάρ
1178 873 1222 975 ἦν
1238 877 1363 958 Ἰωνᾶς
1387 875 1425 954 έν
1443 878 1492 978 τῇ

289 1014 310 1052 “
329 1003 448 1111 κοιλίᾳ
477 1011 542 1084 τοῦ
570 1001 698 1103 κήτους
724 1008 819 1105 τρεῖς
846 1001 975 1106 ἡμέρας
1003 1003 1063 1081 καὶ
1088 1008 1183 1104 τρεῖς
1210 999 1348 1096 νύκτας,
1376 998 1529 1084 οὕτωςὸ

287 1136 311 1174 “
328 1125 430 1208 ἔσται
450 1130 508 1209 καῖ
527 1129 548 1208 6
567 1127 641 1211 υἱὸς
660 1135 726 1208 τοῦ
744 1124 937 1229 ἀνθρώπου
953 1128 991 1206 ἐν
1008 1131 1054 1231 τῇ
1073 1125 1201 1232 καρδίᾳ
1217 1129 1282 1225 τῆς
1303 1128 1371 1226 γῆς
1392 1129 1491 1225 τρεῖς

288 1262 310 1298 “
328 1252 460 1354 ἡμέρας
487 1255 546 1333 καῖ
569 1258 663 1355 τρεῖς
688 1247 852 1334 νύκτας.”
881 1251 934 1331 ἐπ’
954 1251 1064 1330 αὐτοῦ
1086 1248 1124 1330 δέ
1148 1253 1204 1330 τού
1224 1251 1384 1354 βήματος
1405 1250 1489 1327 έπι-

289 1376 408 1484 δείξας
441 1376 505 1457 τὸν
535 1378 682 1476 Ἰησοῦν
711 1378 732 1456 6
763 1374 952 1474 Ῥωμαίων
981 1372 1188 1477 στρατηγός
1217 1368 1290 1453 Ἴδε
1321 1373 1437 1481 φησὶν
1473 1379 1491 1452 ὁ

172 1515 176 1524 ’
288 1497 458 1592 βασιλεῖς
482 1498 583 1606 ύμιῖν.
623 1503 682 1580 καὶ
709 1501 748 1580 τί
771 1497 816 1600 δὴ
843 1507 950 1579 τοῦτο
976 1496 1090 1580 πάλιν
1111 1496 1236 1592 έστίν;
1267 1493 1291 1596 ή
1317 1493 1389 1598 γάρ
1414 1500 1492 1580 τοῖς

258 1623 413 1730 οόχλοις
440 1624 656 1728 προσπαίζει
682 1620 814 1704 λοιπὸν
841 1625 900 1703 καῖ
929 1622 1107 1728 χαρίζεται
1136 1619 1227 1722 μετὰ
1257 1619 1419 1722 γέλωτος
1445 1616 1491 1698 τὸ
1510 1645 1557 1686 10

288 1752 408 1856 ἀθῷον
434 1747 523 1846 αἷμα
548 1755 624 1832 τοῖς
648 1751 779 1834 ἀδίκως
803 1747 890 1829 αὐτὸ
915 1745 1133 1854 διψήσασιν,
1160 1742 1184 1847 ή
1212 1744 1308 1850 τάχα
1328 1778 1405 1828 πως
1429 1746 1493 1822 καὶ

288 1874 444 1978 ὀνειδίζει
476 1872 658 1976 διασύρων
686 1879 735 1957 εἰς
763 1871 931 1972 ὠμότητα
957 1870 1021 1952 τόν
1046 1871 1229 1966 Ἰουδαῖον,
1258 1864 1319 1949 ἀτε
1352 1867 1398 1967 δή
1430 1871 1493 1948 καὶ

287 1995 537 2104 ἀνασχόμενον
564 1996 661 2081 ὅλως
689 1996 877 2081 τοσούτοις
905 1999 989 2076 ἰδεῖν
1014 1992 1257 2100 περιπεσόντα
1283 1998 1419 2090 κακοῖς,
1447 1989 1493 2072 ὅν

288 2122 392 2204 αὐτοί
406 2128 502 2230 φασι
520 2123 579 2202 καῖ
597 2120 833 2226 ὀνομάζουσιν
850 2120 945 2205 ὅλως
961 2118 1119 2217 βασιλέα
1135 2126 1200 2201 τοῦ
1216 2117 1382 2224 Ἰσραήλ.

238 2446 275 2507 15
300 2433 529 2524 Ἐκραύτασαν
556 2430 613 2501 οὖν
640 2431 760 2502 ἐκεῖνοι
780 2432 880 2524 Ἀρον
907 2431 988 2524 ἆρον
1014 2433 1204 2524 σταύρωσον
1231 2430 1342 2499 αὐτόν.
1389 2432 1477 2508 λὲτει
1507 2455 1550 2515 15

423 2555 535 2628 αὐτοῖς
560 2562 579 2629 6
605 2561 748 2628 Πιλάτοο
774 2560 841 2630 Τὸν
869 2561 1003 2640 βασιλέα
1029 2559 1119 2636 ὑμῶν
1147 2555 1329 2648 σταυρώσω
1338 2588 1349 2640 ;

252 2699 275 2764 d
341 2730 547 2827 Ἐπιβοῶσι
563 2728 629 2832 μέν
645 2731 747 2813 οὐδέν
763 2731 872 2832 ἦττον
888 2730 936 2811 τὰ
959 2732 998 2810 έν
1016 2733 1152 2835 ἀρχαῖς,
1171 2731 1236 2811 ούκ
1259 2728 1488 2837 ἐξιστάμενοι

285 2856 349 2952 τῆς
378 2856 596 2960 μιαιφονίας,
624 2857 667 2935 ού
698 2853 790 2960 πρὸς
819 2853 1020 2960 ἡμερότητα
1052 2853 1316 2956 μετατιθέμενοι
1348 2852 1406 2934 διά
1440 2852 1489 2933 τά

286 2979 529 3081 ε’μπαίγματα,
549 2981 591 3059 ού
608 2986 685 3064 ταῖς
704 2978 994 3081 έπενηνεγμέναις
1012 2981 1139 3064 αἰκίαις
1156 2981 1253 3087 αὐτῷ
1269 2979 1360 3083 πρὸς
1383 2977 1488 3080 ἠπιό-

286 3102 377 3202 τητά
407 3138 485 3188 πως
514 3102 847 3211 μεταχωρήσαντες,
874 3102 965 3208 πρὸς
997 3104 1245 3208 ἀπηνεστέραν
1273 3102 1313 3184 δὲ
1341 3110 1487 3204 μᾶλλον
1505 3133 1551 3174 20

286 3226 589 3330 ἀποταυρούμενοι
631 3227 790 3331 γνώμην,
831 3235 1082 3333 σταυροῦσθαι
1125 3238 1380 3333 παρακαλοῦσι
1421 3226 1487 3308 τόν

284 3349 468 3455 ἐγείραντα
499 3351 585 3454 παρ’
614 3353 734 3436 αὐτοῖς
766 3351 849 3437 τοὺς
881 3352 1035 3456 νεκρούς,
1062 3356 1122 3433 καῖ
1153 3356 1339 3435 τοσούτων
1367 3353 1487 3437 αὐτοῖς

284 3473 478 3573 θαυμάτων
514 3476 808 3578 ἀναδεδειγμένον
845 3476 1011 3581 ἐργάτην,
1047 3479 1103 3586 ἐφ’
1142 3474 1172 3586 ᾧ
1216 3476 1261 3578 δὴ
1301 3480 1359 3558 καῖ
1402 3477 1487 3556 λίαν

285 3606 451 3680 λυπεῖται
471 3598 644 3699 Πιλάτος,
662 3607 692 3680 εὶ
720 3605 778 3681 καῖ
803 3600 868 3682 τόν
886 3604 978 3682 οὕτω
1003 3602 1178 3706 λαμπρὰν
1195 3599 1376 3709 ἐσχηκότα
1398 3601 1484 3704 παρ’

257 3724 407 3807 οαύτοῖς
430 3721 497 3823 τὴν
516 3722 714 3829 ὑπόληψιν,
738 3729 786 3810 ὡς
807 3725 898 3806 Υῖόν
918 3760 957 3806 τε
984 3730 1082 3806 θεοῦ
1109 3729 1168 3808 καῖ
1194 3728 1354 3824 βασιλέα
1380 3727 1483 3825 νομί·
1504 3756 1547 3816 25

286 3849 420 3953 ζεσθαι,
439 3848 482 3927 ού
499 3845 665 3928 τεθνάναι
684 3851 756 3928 δεῖν
773 3847 895 3948 μόνον,
913 3848 1013 3931 ἀλλά
1039 3855 1096 3931 καῖ
1122 3855 1226 3951 ἀμοῖς
1245 3849 1486 3951 ἀποθνήσκειν

284 3969 434 4057 ἐντόνως
453 3973 546 4053 οὕτω
566 3973 673 4079 φασί·
703 3983 864 4077 σταυροῦ
883 3973 954 4078 γάρ
978 3973 1021 4056 τό
1045 3982 1163 4082 χεῖρον
1182 3974 1294 4057 οὐδέν.
1332 3973 1487 4080 ἔλεγχον

284 4099 404 4178 τοίνυν
425 4092 551 4201 (ὅσπερ
577 4094 657 4177 τινά
684 4100 743 4177 καῖ
771 4096 977 4199 ὀνειδισμὸν
998 4106 1147 4180 ποιεῖται
1172 4099 1238 4200 τήν
1261 4097 1442 4199 καταβοήν
1466 4099 1486 4179 6

286 4218 446 4324 δικάζων,
475 4229 504 4302 εί
533 4228 783 4327 σταυροῦσθαι
815 4221 1009 4319 βούλονται
1041 4222 1105 4304 τὸν
1133 4222 1229 4308 ὅλως
1260 4226 1319 4305 ἐπὶ
1349 4222 1488 4308 τούτοις

287 4347 591 4445 τεθαυμασμένον,
621 4345 646 4426 ἀ
677 4346 843 4449 μεγάλην
872 4349 983 4433 ούτως
1013 4348 1085 4453 ἔχει
1115 4347 1180 4449 τὴν
1213 4347 1405 4454 ὑπεροχὴν,
1438 4351 1486 4435 ὡς
1502 4379 1546 4436 30

432 4597 471 4651 ιη.
490 4581 523 4636 εδ
536 4581 567 4637 Ε.
581 4584 611 4638 τὸ
625 4583 675 4638 Εδ.
933 4603 1029 4656 22-24.
1047 4588 1231 4660 νεκροὺς-τὸν
1242 4605 1296 4643 om.
1311 4586 1343 4642 E.
