3268 5130
158 328 203 392 ix.
224 346 338 414 14,15.
414 328 467 394 IN
492 328 753 395 EPISTOLAM
778 328 842 393 AD
869 327 1104 394 ROMANOSae
1291 329 1355 394 227

156 493 372 594 θελημάτων
388 494 642 590 ἀθασανίοτου
666 499 784 598 τυχεῖν
801 491 866 573 τὸν
883 491 1017 589 Ἰακὼβ
1044 497 1102 574 καὶ
1130 490 1194 573 τδν
1212 489 1351 592 Ἡσαῦ,
1381 428 1507 495 [3⁶55]
1549 469 1552 472 Ι

155 619 217 696 καὶ
244 615 307 696 τὸν
326 616 393 716 μὲν
410 617 622 729 ἠγαπῆσθαι
650 618 721 723 ἰδίᾳ
744 616 864 721 χοίριτι
883 618 1136 702 κατανεύοντος
1156 625 1221 698 τοῦ
1246 621 1354 713 θεοῦ,

155 736 223 819 τὸν
246 739 284 820 δὲ
306 744 544 840 μεμισῆσθαι,
563 745 789 842 προαναιρῶν
808 741 1007 844 ἀναγκαίως
1032 743 1054 820 ὁ
1074 740 1281 824 ἀπόστολος
1307 741 1356 824 ὦς

155 861 321 965 ὀλέθριον
339 863 406 962 τὴν
424 866 482 945 ε’πῖ
509 863 625 971 τούτῳ
652 861 841 969 διάληψιν,
857 871 934 950 ταῖς
962 864 1099 945 ἀνωθεν
1116 863 1258 971 ψήφοις
1275 895 1353 942 πει·

121 991 263 1088 5ρᾶται
287 994 512 1092 συνηγορεῖν,
531 994 604 1072 τοῖς
627 988 735 1067 αὐτοῦ
754 984 877 1089 λόγοις
895 985 937 1067 τὸ
956 987 1210 1093 ἀντιφέρεσθαι
1229 988 1357 1066 δοκοῦν

156 1109 268 1189 οἱονεί
286 1144 364 1194 πως
386 1107 614 1194 ἀντανιστάς’
643 1115 672 1190 εί
693 1108 764 1213 γὰρ
783 1108 838 1210 δὴ,
858 1113 963 1215 φησὶ,
982 1113 1042 1192 καὶ
1063 1109 1149 1213 πρίν
1166 1142 1201 1188 τι
1223 1107 1356 1212 δράσαι

155 1230 204 1311 τὰ
227 1234 349 1339 βρέφη
376 1236 436 1313 καὶ
461 1231 534 1333 πρὸ
559 1233 683 1336 πείρας
709 1234 818 1332 αὐτῆς
839 1237 897 1314 καὶ
915 1231 1150 1336 πραγμύτων,
1170 1233 1190 1312 5
1209 1231 1274 1330 μὲν
1292 1235 1357 1330 τῆς

156 1354 302 1456 ἀγάπης
329 1355 471 1460 ἠξίωτο,
491 1356 512 1434 5
535 1355 573 1436 δὲ
597 1356 800 1456 μεμίσηται,
825 1357 975 1437 κε’τακτο
1000 1354 1038 1437 δὲ
1065 1358 1124 1437 καὶ
1148 1361 1195 1440 είς
1224 1360 1357 1436 δοῦλον

156 1483 211 1586 τῷ
233 1477 421 1579 ε’λάσσονι,
439 1478 534 1583 τάχα
556 1513 639 1576 που,
659 1487 763 1586 φησι,
784 1481 843 1560 καὶ
866 1480 986 1563 ἄδικος
1004 1482 1027 1559 5
1045 1475 1150 1564 Θεύς·
1181 1475 1256 1558 εἶτα
1278 1485 1357 1563 πῶς

102 1642 143 1684 ιο
158 1609 263 1682 τοῦτο
281 1603 346 1682 οῦκ
364 1603 599 1702 ἀπόπληκτον
614 1635 625 1698 ;
656 1607 686 1682 εί
708 1600 773 1700 μὲν
790 1601 862 1704 γὰρ
879 1604 921 1683 ού
946 1603 1092 1707 γε’γονεν
1111 1599 1202 1705 ἀνὴρ
1220 1601 1357 1704 ἀγαθὸς

157 1724 177 1804 5
199 1723 344 1823 Ἰακὼβ,
362 1731 392 1805 εί
416 1724 466 1825 μὴ
494 1722 650 1828 πονηρὸς
673 1727 694 1806 5
712 1727 850 1824 Ἡσαῦ,
869 1727 958 1830 φαίη
980 1759 1034 1811 τις
1060 1723 1104 1806 ἀν
1127 1725 1268 1810 είκύτως
1289 1759 1354 1806 πε-

155 1851 369 1947 πλανῆσθαι
395 1847 490 1954 τάχα
517 1883 589 1930 που
612 1848 679 1949 τὴν
700 1849 923 1951 πρόγνωσιν,
941 1853 1000 1930 καὶ
1018 1852 1131 1953 ῥοπῆς
1150 1851 1280 1934 εἰκαίας
1298 1851 1356 1929 καὶ

157 1971 371 2072 θελημοίτων
401 1973 465 2052 οῦκ
501 1975 685 2078 ἀσφαλῶν
717 1972 823 2075 ἔργον
854 1972 1018 2077 γενέσθω
1059 1971 1106 2054 τά
1134 1971 1187 2052 ἐπ’
1220 1975 1357 2080 ἀμφοῖν

157 2095 350 2196 ὡρισμένα·
378 2093 497 2194 ἐπειδὴ
523 2095 561 2175 δὲ
578 2094 704 2180 σκαιὸς
729 2095 794 2194 μὲν
812 2093 857 2194 ἦν
875 2097 958 2176 λίαν
981 2099 1001 2177 5
1026 2098 1160 2193 Ἡσαῦ,
1181 2094 1300 2201 σοφὸς
1318 2093 1356 2172 δὲ

106 2218 179 2312 155
196 2216 340 2316 Ἰακὼβ,
360 2217 561 2319 ἀδικήσειεν
583 2216 628 2298 ἀν
652 2219 675 2318 ἡ
700 2227 764 2299 τοῦ
782 2225 878 2299 Θεοῦ
902 2219 1111 2324 πρόγνωσις
1138 2218 1180 2299 τὸ
1207 2218 1357 2314 σύμπαν

158 2341 271 2439 οὐδὲν,
287 2340 497 2445 χαριζομένη
525 2344 583 2422 καὶ
610 2340 683 2442 πρὸ
701 2350 824 2445 καιροῦ
842 2348 893 2450 τῷ
922 2341 987 2440 μὲν
1006 2347 1131 2450 ἀγαθῷ
1158 2339 1241 2427 τοῦς
1268 2337 1352 2445 τρό-

157 2499 248 2549 πους
265 2461 307 2544 τδ
326 2467 536 2568 ἀγαπᾶσθαι
552 2468 700 2572 δεῖν,τῷ
718 2464 756 2545 δὲ
774 2465 824 2564 μὴ
838 2466 985 2574 τοιούτῳ
1004 2464 1046 2545 τὸ
1065 2464 1353 2567 κατακρίνεσθαι·

157 2587 414 2694 ἀνεξικακῆσαι
442 2587 509 2687 μὲν
540 2587 611 2692 γὰρ
643 2587 708 2668 τὸν
743 2587 851 2686 Θεὸν,
883 2590 942 2668 καὶ
973 2585 1038 2668 τὸν
1068 2594 1140 2667 τῶν
1170 2584 1357 2688 δρωμένων

156 2716 355 2812 περιμεῖναι
385 2711 508 2814 καιρὸν
540 2710 702 2815 χαλεπὸν
733 2710 844 2809 οὐδὲν,
877 2711 937 2790 ἵνα
973 2711 1017 2817 ἐξ
1047 2711 1164 2790 αὐτῶν
1195 2707 1358 2810 ἑκάτερος

104 2883 145 2924 20
158 2833 380 2937 διαφαίνωτο
394 2840 466 2913 τῶν
480 2832 715 2936 πραγμάτων.
746 2833 864 2935 ἐπειδὴ
883 2833 921 2914 δὲ
936 2832 980 2935 ἧν
996 2836 1191 2937 ἀναγκαῖον
1203 2834 1267 2930 τῆς
1280 2833 1356 2911 κατ’

156 2955 312 3058 ἐκλογὴν
329 2956 473 3062 χάριτος
491 2962 548 3036 καὶ
568 2961 631 3056 τῆς
649 2959 687 3037 ἐν
703 2957 910 3061 προγνώσει
929 2963 1061 3061 δωρεαῖς
1084 2960 1356 3057 προανατυποῦ·

157 3083 248 3158 σθαι
273 3078 316 3159 τὸ
337 3079 548 3181 μυστήριον,
566 3081 731 3186 ταύτῃτοι
754 3082 941 3186 χρησίμως
960 3081 979 3160 5
997 3088 1070 3160 τῶν
1087 3076 1256 3158 τοιούτων
1275 3077 1358 3176 ἡμῖν

158 3200 417 3308 ἀριστοτέχνας
436 3201 541 3300 θεὸς,
552 3206 742 3310 μονονουχὶ
756 3209 814 3284 καὶ
831 3203 1062 3308 ε’πεδρύττετο
1075 3211 1139 3283 τοῦ
1153 3209 1285 3304 καιροῦ,
1299 3203 1358 3282 καὶ

158 3328 198 3406 ἐν
215 3331 260 3430 τῇ
278 3332 351 3406 τοῖν
368 3327 507 3408 παίδων
529 3325 669 3426 γενέσει
686 3325 988 3432 πεπληροφόρηκε
1007 3325 1070 3407 τὸν
1087 3325 1226 3422 Ἰσαὰκ,
1244 3327 1292 3408 ὡς
1309 3322 1359 3410 εἷς

105 3489 143 3548 ²5
157 3483 199 3529 τε
230 3451 288 3528 καῖ
324 3447 433 3548 μόνος
470 3449 640 3556 ὑπάρχων
676 3450 719 3557 ἒξ
751 3448 934 3554 Ἀβραὰμ,
968 3447 1219 3553 ἀναριθμήτων
1254 3448 1357 3527 ἕσται

157 3569 279 3674 πατὴρ
301 3574 415 3654 ε’θνιῦν
438 3579 509 3652 τιῦν
533 3573 579 3680 ἐξ
602 3575 819 3675 ἐπαγγελίας
846 3577 904 3653 καὶ
932 3577 980 3658 ὡς
1007 3576 1045 3654 ε’ν
1071 3575 1194 3654 πίστει
1220 3576 1356 3670 κληθη-

156 3696 334 3793 σομίνων·
362 3702 392 3776 εί
408 3695 446 3776 δὲ
464 3695 509 3796 δὴ
528 3695 619 3776 κατά
637 3703 775 3797 γνῶσιν
792 3696 853 3782 οῦς
871 3696 916 3777 ἀν
932 3696 1052 3778 ἕλοιτο
1070 3693 1189 3800 τυχὸν,
1209 3702 1355 3796 μᾶλλον

157 3816 200 3898 δὲ
227 3821 286 3898 καὶ
313 3817 365 3904 οἷς
390 3816 434 3900 ἀν
451 3815 593 3904 είκύτως
617 3817 659 3900 τὸ
687 3822 865 3901 ἐλεεῖσθαι
891 3819 1032 3924 πρέποι,
1060 3819 1217 3924 οῖκτείρει
1244 3816 1356 3898 πάλιν

200 4086 224 4126 1.
242 4073 321 4144 τυχὸν
332 4071 366 4126 Α.
414 4075 460 4128 τοῦ
473 4069 554 4130 ίακδΒ
566 4073 712 4130 καὶτοῦΑ.
814 4090 838 4127 2.
858 4072 1355 4144 κατανεύοντοςτοῦθεοῦαεεαωρῑιιπι
1391 4079 1395 4086 ’

159 4159 195 4198 ex
208 4141 242 4197 λ.
347 4159 373 4213 3.
391 4144 525 4208 μισεῖσθαι
538 4143 572 4198 Α.
688 4144 714 4198 6.
732 4143 901 4200 ἀνθιστάςλ.
1018 4159 1043 4215 7.
1062 4147 1104 4199 καί
1114 4146 1166 4213 πρὸ
1177 4144 1267 4214 πείρας
1278 4143 1356 4212 αιἰτῆς

157 4213 204 4268 καὶ
213 4211 371 4295 πραγμάτων
381 4229 435 4268 om.
448 4215 481 4268 Α.
506 4283 512 4296 ⁸
589 4214 615 4269 8.
633 4211 738 4284 ἠξίωται
752 4217 786 4269 Α.
893 4231 918 4284 9.
937 4215 1006 4286 φησι
1019 4222 1081 4284 post
1092 4219 1147 4271 πῶς
1157 4213 1308 4282 tranuponit
1319 4214 1355 4268 A.

161 4300 206 4349 ¹4·
224 4283 285 4336 λίαν
296 4279 327 4349 ἢν
338 4299 443 4338 ιατετεο
455 4281 548 4338 οτδιαε
560 4284 595 4338 Α.
826 4284 868 4339 16.
886 4283 968 4351 οὐδὲν,
981 4283 1146 4355 χαριζομένη]
1159 4283 1190 4338 οῦ
1201 4283 1355 4365 χαριζομίνη

157 4351 388 4492 §mh
415 4367 542 4494 μερίδ’
560 4355 615 4480 ίῖίέ
626 4355 728 4480 ἓὲῗίδ
747 4372 877 4494 sum-2²5
893 4354 1224 4496 5⁹5055⁰T9⁹5¹5⁰¹355
1236 4353 1355 4494 43⁵?ssss

390 4461 397 4478 ο
722 4466 729 4480 ι
915 4465 922 4480 0
1008 4465 1013 4479 ι
1115 4465 1123 4491 Ι
1188 4465 1225 4478 ιι
1291 4463 1298 4484 0
1347 4464 1355 4478 ε

160 4493 206 4550 26.
223 4493 313 4616 ιἐΑςκαὶ
324 4493 429 4550 inverso
442 4493 534 4549 ordine
547 4494 581 4549 Α.
637 4494 872 4567 κληρωθησομὲνοιν
884 4497 918 4551 Α.
1099 4497 1141 4550 28.
1159 4497 1238 4550 πάλιν
1251 4495 1285 4551 ὣς
1298 4493 1356 4550 θεδς

159 4581 215 4618 om.
256 4603 263 4618 .

713 4669 806 4735 αρτ
