<?xml version="1.0" encoding="UTF-8"?>
<!DOCTYPE html PUBLIC "-//W3C//DTD XHTML 1.0 Transitional//EN"
    "http://www.w3.org/TR/xhtml1/DTD/xhtml1-transitional.dtd">
<html xmlns="http://www.w3.org/1999/xhtml" xml:lang="en" lang="en">
 <head>
  <title>
</title>
<meta http-equiv="Content-Type" content="text/html;charset=utf-8" />
  <meta name='ocr-system' content='tesseract 3.04.00' />
  <meta name='ocr-capabilities' content='ocr_page ocr_carea ocr_par ocr_line ocrx_word'/>
</head>
<body>
  <div class='ocr_page' id='page_1' title='image "./sanctipatrisnos01pusegoog_0426.png"; bbox 0 0 3278 5130; ppageno 0'>
   <div class='ocr_carea' id='block_1_1' title="bbox 121 356 1494 628">
    <p class='ocr_par' dir='ltr' id='par_1_1' title="bbox 121 356 1494 628">
     <span class='ocr_line' id='line_1_1' title="bbox 136 356 1334 444; baseline 0.002 -25"><span class='ocrx_word' id='word_1_1' title='bbox 136 356 184 422; x_wconf 82' lang='lat' dir='ltr'><strong>iii.</strong></span> <span class='ocrx_word' id='word_1_2' title='bbox 203 377 214 422; x_wconf 94' lang='lat'>1</span> <span class='ocrx_word' id='word_1_3' title='bbox 231 381 297 444; x_wconf 79' lang='lat' dir='ltr'><strong>sqq.</strong></span> <span class='ocrx_word' id='word_1_4' title='bbox 389 361 444 424; x_wconf 91' lang='lat' dir='ltr'>IN</span> <span class='ocrx_word' id='word_1_5' title='bbox 469 357 728 425; x_wconf 78' lang='lat' dir='ltr'><strong>EPISTOLAM</strong></span> <span class='ocrx_word' id='word_1_6' title='bbox 754 361 818 426; x_wconf 76' lang='lat' dir='ltr'>AD</span> <span class='ocrx_word' id='word_1_7' title='bbox 846 361 1096 426; x_wconf 79' lang='lat' dir='ltr'><strong>HEBRAEOS.</strong></span> <span class='ocrx_word' id='word_1_8' title='bbox 1270 359 1334 422; x_wconf 82' lang='lat'>403</span> 
     </span>
     <span class='ocr_line' id='line_1_2' title="bbox 121 453 1494 628; baseline 0.001 -28"><span class='ocrx_word' id='word_1_9' title='bbox 121 555 218 618; x_wconf 86' lang='grc' dir='ltr'>πος,</span> <span class='ocrx_word' id='word_1_10' title='bbox 253 520 488 626; x_wconf 84' lang='grc' dir='ltr'>κεχρημάτικέ</span> <span class='ocrx_word' id='word_1_11' title='bbox 520 559 560 604; x_wconf 92' lang='grc' dir='ltr'>τε</span> <span class='ocrx_word' id='word_1_12' title='bbox 596 525 698 608; x_wconf 84' lang='grc' dir='ltr'>οῦτος</span> <span class='ocrx_word' id='word_1_13' title='bbox 728 523 890 628; x_wconf 81' lang='grc' dir='ltr'>Χριστός</span> <span class='ocrx_word' id='word_1_14' title='bbox 919 527 1072 626; x_wconf 90' lang='grc' dir='ltr'>Ἰησοῦς·</span> <span class='ocrx_word' id='word_1_15' title='bbox 1110 523 1231 604; x_wconf 83' lang='grc' dir='ltr'>καινὸν</span> <span class='ocrx_word' id='word_1_16' title='bbox 1262 453 1494 626; x_wconf 35' lang='lat' dir='ltr'>rapam</span> 
     </span>
    </p>
   </div>
   <div class='ocr_carea' id='block_1_2' title="bbox 82 643 1504 4219">
    <p class='ocr_par' dir='ltr' id='par_1_2' title="bbox 82 643 1504 4219">
     <span class='ocr_line' id='line_1_3' title="bbox 139 643 1334 755; baseline 0.002 -32"><span class='ocrx_word' id='word_1_17' title='bbox 139 643 254 742; x_wconf 80' lang='grc' dir='ltr'>ὄνομα</span> <span class='ocrx_word' id='word_1_18' title='bbox 272 654 376 726; x_wconf 93' lang='grc' dir='ltr'>τοῦτο</span> <span class='ocrx_word' id='word_1_19' title='bbox 395 649 569 755; x_wconf 77' lang='grc' dir='ltr'>αὐτῷκαὶ</span> <span class='ocrx_word' id='word_1_20' title='bbox 593 655 667 732; x_wconf 83' lang='grc' dir='ltr'>τοῖς</span> <span class='ocrx_word' id='word_1_21' title='bbox 691 653 753 747; x_wconf 79' lang='grc' dir='ltr'>τῆς</span> <span class='ocrx_word' id='word_1_22' title='bbox 774 650 973 747; x_wconf 79' lang='grc' dir='ltr'>οἰκονομίας</span> <span class='ocrx_word' id='word_1_23' title='bbox 993 656 1125 751; x_wconf 85' lang='grc' dir='ltr'>καιροῖς</span> <span class='ocrx_word' id='word_1_24' title='bbox 1143 652 1334 740; x_wconf 82' lang='grc' dir='ltr'>συνεισβε-</span> 
     </span>
     <span class='ocr_line' id='line_1_4' title="bbox 140 767 1336 926; baseline 0.001 -78"><span class='ocrx_word' id='word_1_25' title='bbox 140 768 264 866; x_wconf 82' lang='grc' dir='ltr'>βηκὸς,</span> <span class='ocrx_word' id='word_1_26' title='bbox 281 771 485 926; x_wconf 79' lang='grc' dir='ltr'>προσέσται</span> <span class='ocrx_word' id='word_1_27' title='bbox 514 770 627 852; x_wconf 86' lang='grc' dir='ltr'>πάλιν</span> <span class='ocrx_word' id='word_1_28' title='bbox 645 773 741 879; x_wconf 70' lang='grc' dir='ltr'>αὐτῷ</span> <span class='ocrx_word' id='word_1_29' title='bbox 769 775 827 851; x_wconf 77' lang='grc' dir='ltr'>καὶ</span> <span class='ocrx_word' id='word_1_30' title='bbox 855 778 885 851; x_wconf 85' lang='grc' dir='ltr'>εί</span> <span class='ocrx_word' id='word_1_31' title='bbox 914 771 1039 874; x_wconf 91' lang='grc' dir='ltr'>γέγονε</span> <span class='ocrx_word' id='word_1_32' title='bbox 1067 770 1169 878; x_wconf 81' lang='grc' dir='ltr'>σὰρξ</span> <span class='ocrx_word' id='word_1_33' title='bbox 1194 769 1235 850; x_wconf 83' lang='grc' dir='ltr'>τὸ</span> <span class='ocrx_word' id='word_1_34' title='bbox 1263 767 1336 873; x_wconf 80' lang='grc' dir='ltr'>πρὸ</span> 
     </span>
     <span class='ocr_line' id='line_1_5' title="bbox 140 891 1335 1049; baseline 0 -79"><span class='ocrx_word' id='word_1_35' title='bbox 140 892 276 976; x_wconf 82' lang='grc' dir='ltr'>παντὸς</span> <span class='ocrx_word' id='word_1_36' title='bbox 293 893 380 973; x_wconf 83' lang='grc' dir='ltr'>εἶναι</span> <span class='ocrx_word' id='word_1_37' title='bbox 402 893 531 1049; x_wconf 87' lang='grc' dir='ltr'>χρόνον</span> <span class='ocrx_word' id='word_1_38' title='bbox 549 898 608 975; x_wconf 80' lang='grc' dir='ltr'>καὶ</span> <span class='ocrx_word' id='word_1_39' title='bbox 624 930 667 975; x_wconf 90' lang='grc' dir='ltr'>το</span> <span class='ocrx_word' id='word_1_40' title='bbox 649 893 755 975; x_wconf 86' lang='grc' dir='ltr'>δεῖν</span> <span class='ocrx_word' id='word_1_41' title='bbox 774 896 1032 1046; x_wconf 84' lang='grc' dir='ltr'>ὁμολογεῖσθαι</span> <span class='ocrx_word' id='word_1_42' title='bbox 1053 891 1142 998; x_wconf 80' lang='grc' dir='ltr'>πρὸς</span> <span class='ocrx_word' id='word_1_43' title='bbox 1161 895 1262 993; x_wconf 80' lang='grc' dir='ltr'>ἡμῶν</span> <span class='ocrx_word' id='word_1_44' title='bbox 1281 891 1335 972; x_wconf 80' lang='grc' dir='ltr'>ὅτι</span> 
     </span>
     <span class='ocr_line' id='line_1_6' title="bbox 101 1014 1489 1176; baseline -0.001 -80"><span class='ocrx_word' id='word_1_45' title='bbox 101 1035 125 1096; x_wconf 83' lang='lat'>5</span> <span class='ocrx_word' id='word_1_46' title='bbox 141 1050 214 1095; x_wconf 92' lang='grc' dir='ltr'>των</span> <span class='ocrx_word' id='word_1_47' title='bbox 234 1015 366 1098; x_wconf 83' lang='grc' dir='ltr'>ὅλων’</span> <span class='ocrx_word' id='word_1_48' title='bbox 348 1024 425 1099; x_wconf 80' lang='grc' dir='ltr'>εστὶ</span> <span class='ocrx_word' id='word_1_49' title='bbox 444 1017 703 1120; x_wconf 76' lang='grc' dir='ltr'>γενεσιουργός</span> <span class='ocrx_word' id='word_1_50' title='bbox 733 1031 754 1066; x_wconf 88' lang='grc'><strong>“</strong></span> <span class='ocrx_word' id='word_1_51' title='bbox 766 1017 891 1102; x_wconf 77' lang='grc' dir='ltr'>Εἷς</span> <span class='ocrx_word' id='word_1_52' title='bbox 848 1052 919 1121; x_wconf 89' lang='grc' dir='ltr'>γαρ</span> <span class='ocrx_word' id='word_1_53' title='bbox 938 1017 1064 1102; x_wconf 83' lang='grc' dir='ltr'>Θεὸς</span> <span class='ocrx_word' id='word_1_54' title='bbox 1048 1053 1068 1097; x_wconf 98' lang='grc' dir='ltr'>ο</span> <span class='ocrx_word' id='word_1_55' title='bbox 1088 1014 1217 1120; x_wconf 82' lang='grc' dir='ltr'>Πατὴρ</span> <span class='ocrx_word' id='word_1_56' title='bbox 1234 1015 1364 1176; x_wconf 40' lang='grc' dir='ltr'>ε’ξφ6</span> <span class='ocrx_word' id='word_1_57' title='bbox 1293 1051 1335 1095; x_wconf 96' lang='grc' dir='ltr'>ου</span> <span class='ocrx_word' id='word_1_58' title='bbox 1351 1031 1429 1081; x_wconf 77' lang='lat' dir='ltr'>¹Cor·</span> <span class='ocrx_word' id='word_1_59' title='bbox 1438 1030 1489 1080; x_wconf 58' lang='lat' dir='ltr'><strong>vii·</strong></span> 
     </span>
     <span class='ocr_line' id='line_1_7' title="bbox 141 1095 1373 1244; baseline -0.002 -25.925"><span class='ocrx_word' id='word_1_60' title='bbox 141 1138 229 1218; x_wconf 84' lang='grc' dir='ltr'>“τῦ</span> <span class='ocrx_word' id='word_1_61' title='bbox 264 1140 382 1221; x_wconf 87' lang='grc' dir='ltr'>πάντα</span> <span class='ocrx_word' id='word_1_62' title='bbox 420 1144 477 1221; x_wconf 74' lang='grc' dir='ltr'>καί</span> <span class='ocrx_word' id='word_1_63' title='bbox 515 1140 563 1227; x_wconf 84' lang='grc' dir='ltr'>εἷς</span> <span class='ocrx_word' id='word_1_64' title='bbox 599 1141 729 1244; x_wconf 80' lang='grc' dir='ltr'>Κύριος</span> <span class='ocrx_word' id='word_1_65' title='bbox 760 1144 903 1242; x_wconf 88' lang='grc' dir='ltr'>Ἰησοῦς</span> <span class='ocrx_word' id='word_1_66' title='bbox 935 1140 1097 1243; x_wconf 89' lang='grc' dir='ltr'>Χριστος</span> <span class='ocrx_word' id='word_1_67' title='bbox 1134 1138 1177 1220; x_wconf 84' lang='grc' dir='ltr'>δι’</span> <span class='ocrx_word' id='word_1_68' title='bbox 1212 1141 1253 1220; x_wconf 84' lang='grc' dir='ltr'>οὗ</span> <span class='ocrx_word' id='word_1_69' title='bbox 1289 1095 1373 1218; x_wconf 82' lang='grc' dir='ltr'>τά6</span> 
     </span>
     <span class='ocr_line' id='line_1_8' title="bbox 142 1263 1504 1369; baseline -0.006 -25.752"><span class='ocrx_word' id='word_1_70' title='bbox 142 1264 332 1363; x_wconf 84' lang='grc' dir='ltr'>“πάντα,”</span> <span class='ocrx_word' id='word_1_71' title='bbox 353 1269 410 1345; x_wconf 77' lang='grc' dir='ltr'>καὶ</span> <span class='ocrx_word' id='word_1_72' title='bbox 433 1265 543 1346; x_wconf 85' lang='grc' dir='ltr'>πάλιν</span> <span class='ocrx_word' id='word_1_73' title='bbox 567 1277 588 1312; x_wconf 86' lang='grc'><strong>“</strong></span> <span class='ocrx_word' id='word_1_74' title='bbox 604 1265 747 1366; x_wconf 88' lang='grc' dir='ltr'>Ἰησοῦς</span> <span class='ocrx_word' id='word_1_75' title='bbox 765 1263 928 1367; x_wconf 86' lang='grc' dir='ltr'>Χριστος</span> <span class='ocrx_word' id='word_1_76' title='bbox 951 1264 1035 1369; x_wconf 75' lang='grc' dir='ltr'>χθὲς</span> <span class='ocrx_word' id='word_1_77' title='bbox 1053 1267 1111 1344; x_wconf 82' lang='grc' dir='ltr'>καὶ</span> <span class='ocrx_word' id='word_1_78' title='bbox 1130 1264 1290 1365; x_wconf 85' lang='grc' dir='ltr'>σήμερον</span> <span class='ocrx_word' id='word_1_79' title='bbox 1315 1263 1504 1341; x_wconf 69' lang='grc' dir='ltr'>ὁΙιιιακιὶιω.</span> 
     </span>
     <span class='ocr_line' id='line_1_9' title="bbox 141 1386 1336 1492; baseline 0 -26"><span class='ocrx_word' id='word_1_80' title='bbox 141 1397 165 1434; x_wconf 89' lang='grc'><strong>“</strong></span> <span class='ocrx_word' id='word_1_81' title='bbox 181 1386 286 1472; x_wconf 84' lang='grc' dir='ltr'>αῦτῦς</span> <span class='ocrx_word' id='word_1_82' title='bbox 305 1393 363 1469; x_wconf 76' lang='grc' dir='ltr'>καὶ</span> <span class='ocrx_word' id='word_1_83' title='bbox 385 1395 433 1474; x_wconf 80' lang='grc' dir='ltr'>εἰς</span> <span class='ocrx_word' id='word_1_84' title='bbox 456 1387 539 1474; x_wconf 89' lang='grc' dir='ltr'>τοῦς</span> <span class='ocrx_word' id='word_1_85' title='bbox 557 1391 718 1473; x_wconf 83' lang='grc' dir='ltr'>αἶῦνας.”</span> <span class='ocrx_word' id='word_1_86' title='bbox 759 1396 836 1474; x_wconf 84' lang='grc' dir='ltr'>πῶς</span> <span class='ocrx_word' id='word_1_87' title='bbox 854 1389 917 1468; x_wconf 84' lang='grc' dir='ltr'>νῦν</span> <span class='ocrx_word' id='word_1_88' title='bbox 936 1386 1042 1472; x_wconf 79' lang='grc' dir='ltr'>αὐτὸς</span> <span class='ocrx_word' id='word_1_89' title='bbox 1060 1388 1150 1467; x_wconf 85' lang='grc' dir='ltr'>κατά</span> <span class='ocrx_word' id='word_1_90' title='bbox 1168 1386 1235 1487; x_wconf 79' lang='grc' dir='ltr'>τὴν</span> <span class='ocrx_word' id='word_1_91' title='bbox 1253 1387 1336 1492; x_wconf 77' lang='grc' dir='ltr'>χθές</span> 
     </span>
     <span class='ocr_line' id='line_1_10' title="bbox 143 1508 1336 1618; baseline 0 -28"><span class='ocrx_word' id='word_1_92' title='bbox 143 1508 188 1590; x_wconf 81' lang='grc' dir='ltr'>ἂν</span> <span class='ocrx_word' id='word_1_93' title='bbox 205 1512 258 1612; x_wconf 78' lang='grc' dir='ltr'>εἴη</span> <span class='ocrx_word' id='word_1_94' title='bbox 277 1512 388 1592; x_wconf 88' lang='grc' dir='ltr'>καίτοι</span> <span class='ocrx_word' id='word_1_95' title='bbox 407 1515 586 1615; x_wconf 77' lang='grc' dir='ltr'>γεννηθεὶς</span> <span class='ocrx_word' id='word_1_96' title='bbox 603 1515 641 1592; x_wconf 87' lang='grc' dir='ltr'>έν</span> <span class='ocrx_word' id='word_1_97' title='bbox 659 1511 828 1618; x_wconf 77' lang='grc' dir='ltr'>ἐσχάτοις</span> <span class='ocrx_word' id='word_1_98' title='bbox 853 1520 915 1592; x_wconf 87' lang='grc' dir='ltr'>τοῦ</span> <span class='ocrx_word' id='word_1_99' title='bbox 941 1518 1067 1595; x_wconf 78' lang='grc' dir='ltr'>αἰῶνος</span> <span class='ocrx_word' id='word_1_100' title='bbox 1091 1519 1249 1613; x_wconf 82' lang='grc' dir='ltr'>καιροῑς;</span> <span class='ocrx_word' id='word_1_101' title='bbox 1281 1510 1336 1591; x_wconf 82' lang='grc' dir='ltr'>ὅτι</span> 
     </span>
     <span class='ocr_line' id='line_1_11' title="bbox 82 1632 1335 1741; baseline -0.006 -21"><span class='ocrx_word' id='word_1_102' title='bbox 82 1667 129 1706; x_wconf 86' lang='lat'>10</span> <span class='ocrx_word' id='word_1_103' title='bbox 143 1639 207 1734; x_wconf 80' lang='grc' dir='ltr'>τῆς</span> <span class='ocrx_word' id='word_1_104' title='bbox 238 1645 302 1715; x_wconf 90' lang='grc' dir='ltr'>τοῦ</span> <span class='ocrx_word' id='word_1_105' title='bbox 329 1642 425 1717; x_wconf 86' lang='grc' dir='ltr'>θεοῦ</span> <span class='ocrx_word' id='word_1_106' title='bbox 455 1636 575 1739; x_wconf 86' lang='grc' dir='ltr'>Λόγου</span> <span class='ocrx_word' id='word_1_107' title='bbox 608 1635 753 1741; x_wconf 79' lang='grc' dir='ltr'>φάσεως</span> <span class='ocrx_word' id='word_1_108' title='bbox 784 1632 825 1716; x_wconf 86' lang='grc' dir='ltr'>τό</span> <span class='ocrx_word' id='word_1_109' title='bbox 856 1634 1120 1737; x_wconf 77' lang='grc' dir='ltr'>πρεσβύτατον,</span> <span class='ocrx_word' id='word_1_110' title='bbox 1154 1637 1202 1718; x_wconf 85' lang='grc' dir='ltr'>ὡς</span> <span class='ocrx_word' id='word_1_111' title='bbox 1233 1635 1335 1741; x_wconf 79' lang='grc' dir='ltr'>ἔφην,</span> 
     </span>
     <span class='ocr_line' id='line_1_12' title="bbox 143 1756 1336 1869; baseline 0.003 -32"><span class='ocrx_word' id='word_1_112' title='bbox 143 1760 400 1859; x_wconf 82' lang='grc' dir='ltr'>ἀναπόβλητον</span> <span class='ocrx_word' id='word_1_113' title='bbox 416 1763 512 1869; x_wconf 76' lang='grc' dir='ltr'>αὐτῷ</span> <span class='ocrx_word' id='word_1_114' title='bbox 535 1762 727 1860; x_wconf 77' lang='grc' dir='ltr'>μεμένηκεν</span> <span class='ocrx_word' id='word_1_115' title='bbox 747 1760 947 1862; x_wconf 76' lang='grc' dir='ltr'>ἀναγκαίως</span> <span class='ocrx_word' id='word_1_116' title='bbox 975 1762 1032 1839; x_wconf 80' lang='grc' dir='ltr'>καὶ</span> <span class='ocrx_word' id='word_1_117' title='bbox 1058 1761 1096 1838; x_wconf 86' lang='grc' dir='ltr'>ἐν</span> <span class='ocrx_word' id='word_1_118' title='bbox 1115 1756 1255 1863; x_wconf 83' lang='grc' dir='ltr'>χρόνοις</span> <span class='ocrx_word' id='word_1_119' title='bbox 1273 1761 1336 1855; x_wconf 70' lang='grc' dir='ltr'>τῆς</span> 
     </span>
     <span class='ocr_line' id='line_1_13' title="bbox 141 1879 1338 1986; baseline -0.003 -24"><span class='ocrx_word' id='word_1_120' title='bbox 141 1882 232 1980; x_wconf 81' lang='grc' dir='ltr'>μετὰ</span> <span class='ocrx_word' id='word_1_121' title='bbox 250 1882 386 1986; x_wconf 77' lang='grc' dir='ltr'>σαρκὸς</span> <span class='ocrx_word' id='word_1_122' title='bbox 404 1889 462 1964; x_wconf 82' lang='grc' dir='ltr'>καὶ</span> <span class='ocrx_word' id='word_1_123' title='bbox 484 1883 660 1983; x_wconf 84' lang='grc' dir='ltr'>νεωτάτης</span> <span class='ocrx_word' id='word_1_124' title='bbox 678 1885 886 1982; x_wconf 74' lang='grc' dir='ltr'>οἰκονομίας.</span> <span class='ocrx_word' id='word_1_125' title='bbox 924 1886 981 1964; x_wconf 79' lang='grc' dir='ltr'>καὶ</span> <span class='ocrx_word' id='word_1_126' title='bbox 1003 1891 1090 1984; x_wconf 91' lang='grc' dir='ltr'>γοῦν</span> <span class='ocrx_word' id='word_1_127' title='bbox 1107 1883 1256 1962; x_wconf 85' lang='grc' dir='ltr'>έποιεΐτο</span> <span class='ocrx_word' id='word_1_128' title='bbox 1273 1879 1338 1978; x_wconf 76' lang='grc' dir='ltr'>μέν</span> 
     </span>
     <span class='ocr_line' id='line_1_14' title="bbox 143 2005 1338 2110; baseline -0.001 -26"><span class='ocrx_word' id='word_1_129' title='bbox 143 2005 276 2107; x_wconf 87' lang='grc' dir='ltr'>λόγους</span> <span class='ocrx_word' id='word_1_130' title='bbox 317 2043 404 2088; x_wconf 91' lang='grc' dir='ltr'>ποτε</span> <span class='ocrx_word' id='word_1_131' title='bbox 443 2043 525 2110; x_wconf 89' lang='grc' dir='ltr'>περι</span> <span class='ocrx_word' id='word_1_132' title='bbox 567 2017 631 2087; x_wconf 93' lang='grc' dir='ltr'>τοῦ</span> <span class='ocrx_word' id='word_1_133' title='bbox 674 2005 902 2109; x_wconf 83' lang='grc' dir='ltr'>προπάτορος</span> <span class='ocrx_word' id='word_1_134' title='bbox 937 2005 1136 2108; x_wconf 82' lang='grc' dir='ltr'>Αβραάμ</span> <span class='ocrx_word' id='word_1_135' title='bbox 1146 2005 1237 2108; x_wconf 84' lang='grc' dir='ltr'>πρὸς</span> <span class='ocrx_word' id='word_1_136' title='bbox 1274 2005 1338 2084; x_wconf 85' lang='grc' dir='ltr'>τὸν</span> 
     </span>
     <span class='ocr_line' id='line_1_15' title="bbox 142 2127 1460 2282; baseline 0 -74"><span class='ocrx_word' id='word_1_137' title='bbox 142 2127 297 2232; x_wconf 80' lang='grc' dir='ltr'>Ἰσραὴλ</span> <span class='ocrx_word' id='word_1_138' title='bbox 321 2132 440 2233; x_wconf 90' lang='grc' dir='ltr'>λέγων</span> <span class='ocrx_word' id='word_1_139' title='bbox 458 2143 481 2180; x_wconf 84' lang='grc'><strong>“</strong></span> <span class='ocrx_word' id='word_1_140' title='bbox 492 2131 707 2234; x_wconf 79' lang='grc' dir='ltr'>Αβραάμ</span> <span class='ocrx_word' id='word_1_141' title='bbox 692 2165 711 2210; x_wconf 93' lang='grc' dir='ltr'>ο</span> <span class='ocrx_word' id='word_1_142' title='bbox 739 2127 859 2234; x_wconf 81' lang='grc' dir='ltr'>πατὴρ</span> <span class='ocrx_word' id='word_1_143' title='bbox 882 2133 981 2231; x_wconf 81' lang='grc' dir='ltr'>ὑμῶν</span> <span class='ocrx_word' id='word_1_144' title='bbox 1000 2129 1297 2282; x_wconf 77' lang='grc' dir='ltr'>ἠγαλλιάσατο</span> <span class='ocrx_word' id='word_1_145' title='bbox 1281 2154 1375 2228; x_wconf 68' lang='lat' dir='ltr'>was5</span> <span class='ocrx_word' id='word_1_146' title='bbox 1384 2152 1460 2200; x_wconf 72' lang='lat' dir='ltr'>Joan</span> 
     </span>
     <span class='ocr_line' id='line_1_16' title="bbox 86 2217 1456 2406; baseline -0.004 -70"><span class='ocrx_word' id='word_1_147' title='bbox 86 2275 128 2336; x_wconf 81' lang='lat'>¹5</span> <span class='ocrx_word' id='word_1_148' title='bbox 145 2266 166 2300; x_wconf 76' lang='lat'>‘⁴</span> <span class='ocrx_word' id='word_1_149' title='bbox 185 2254 300 2359; x_wconf 76' lang='grc' dir='ltr'>ἴδη</span> <span class='ocrx_word' id='word_1_150' title='bbox 262 2289 367 2355; x_wconf 89' lang='grc' dir='ltr'>τηνη</span> <span class='ocrx_word' id='word_1_151' title='bbox 345 2253 490 2404; x_wconf 88' lang='grc' dir='ltr'>ημέραν</span> <span class='ocrx_word' id='word_1_152' title='bbox 500 2290 577 2406; x_wconf 88' lang='grc' dir='ltr'>την</span> <span class='ocrx_word' id='word_1_153' title='bbox 583 2254 682 2404; x_wconf 82' lang='grc' dir='ltr'>έμην,</span> <span class='ocrx_word' id='word_1_154' title='bbox 701 2290 759 2334; x_wconf 93' lang='grc' dir='ltr'>και</span> <span class='ocrx_word' id='word_1_155' title='bbox 746 2251 873 2333; x_wconf 84' lang='grc' dir='ltr'>εἶδεν</span> <span class='ocrx_word' id='word_1_156' title='bbox 891 2289 949 2333; x_wconf 89' lang='grc' dir='ltr'>και</span> <span class='ocrx_word' id='word_1_157' title='bbox 972 2253 1113 2403; x_wconf 83' lang='grc' dir='ltr'>ε’χάρη.”</span> <span class='ocrx_word' id='word_1_158' title='bbox 1153 2288 1185 2332; x_wconf 96' lang='grc' dir='ltr'>οι</span> <span class='ocrx_word' id='word_1_159' title='bbox 1175 2252 1242 2332; x_wconf 72' lang='grc' dir='ltr'>’δε</span> <span class='ocrx_word' id='word_1_160' title='bbox 1260 2253 1336 2332; x_wconf 88' lang='grc' dir='ltr'>κατ’</span> <span class='ocrx_word' id='word_1_161' title='bbox 1351 2217 1456 2280; x_wconf 52' lang='lat' dir='ltr'>nm</span> 
     </span>
     <span class='ocr_line' id='line_1_17' title="bbox 145 2375 1339 2486; baseline -0.003 -28.944"><span class='ocrx_word' id='word_1_162' title='bbox 145 2378 269 2458; x_wconf 87' lang='grc' dir='ltr'>οῦδενα</span> <span class='ocrx_word' id='word_1_163' title='bbox 296 2378 430 2481; x_wconf 88' lang='grc' dir='ltr'>τρόπον</span> <span class='ocrx_word' id='word_1_164' title='bbox 454 2378 496 2459; x_wconf 86' lang='grc' dir='ltr'>τὸ</span> <span class='ocrx_word' id='word_1_165' title='bbox 523 2377 577 2460; x_wconf 76' lang='grc' dir='ltr'>ἐπ’</span> <span class='ocrx_word' id='word_1_166' title='bbox 596 2381 692 2486; x_wconf 76' lang='grc' dir='ltr'>αὐτῷ</span> <span class='ocrx_word' id='word_1_167' title='bbox 718 2375 895 2462; x_wconf 76' lang='grc' dir='ltr'>συνιέντες</span> <span class='ocrx_word' id='word_1_168' title='bbox 922 2376 1130 2478; x_wconf 80' lang='grc' dir='ltr'>μυστήριον,</span> <span class='ocrx_word' id='word_1_169' title='bbox 1149 2376 1339 2477; x_wconf 77' lang='grc' dir='ltr'>ἄνθρωπον</span> 
     </span>
     <span class='ocr_line' id='line_1_18' title="bbox 145 2497 1339 2603; baseline 0.003 -25"><span class='ocrx_word' id='word_1_170' title='bbox 145 2497 184 2579; x_wconf 76' lang='grc' dir='ltr'>δέ</span> <span class='ocrx_word' id='word_1_171' title='bbox 212 2502 294 2581; x_wconf 85' lang='grc' dir='ltr'>καθ’</span> <span class='ocrx_word' id='word_1_172' title='bbox 320 2504 414 2602; x_wconf 84' lang='grc' dir='ltr'>ἡμᾶς</span> <span class='ocrx_word' id='word_1_173' title='bbox 442 2504 579 2601; x_wconf 82' lang='grc' dir='ltr'>ἁπλῶς,</span> <span class='ocrx_word' id='word_1_174' title='bbox 598 2505 656 2582; x_wconf 82' lang='grc' dir='ltr'>καὶ</span> <span class='ocrx_word' id='word_1_175' title='bbox 683 2502 775 2603; x_wconf 89' lang='grc' dir='ltr'>πέρα</span> <span class='ocrx_word' id='word_1_176' title='bbox 806 2499 933 2581; x_wconf 81' lang='grc' dir='ltr'>τοῦτον</span> <span class='ocrx_word' id='word_1_177' title='bbox 961 2499 1081 2598; x_wconf 76' lang='grc' dir='ltr'>μηδὲν,</span> <span class='ocrx_word' id='word_1_178' title='bbox 1108 2501 1339 2582; x_wconf 75' lang='grc' dir='ltr'>ὑπονοοῦντες</span> 
     </span>
     <span class='ocr_line' id='line_1_19' title="bbox 143 2621 1438 2732; baseline -0.005 -28"><span class='ocrx_word' id='word_1_179' title='bbox 143 2625 317 2729; x_wconf 83' lang='grc' dir='ltr'>ὑπάρχειν</span> <span class='ocrx_word' id='word_1_180' title='bbox 335 2625 458 2722; x_wconf 82' lang='grc' dir='ltr'>αὐτὸν,</span> <span class='ocrx_word' id='word_1_181' title='bbox 479 2628 660 2710; x_wconf 85' lang='grc' dir='ltr'>ἀσυνέτως</span> <span class='ocrx_word' id='word_1_182' title='bbox 678 2625 841 2732; x_wconf 80' lang='grc' dir='ltr'>ἔφασκον</span> <span class='ocrx_word' id='word_1_183' title='bbox 860 2635 881 2670; x_wconf 89' lang='grc'><strong>“</strong></span> <span class='ocrx_word' id='word_1_184' title='bbox 898 2622 1127 2722; x_wconf 87' lang='grc' dir='ltr'>Πεντήκοντα</span> <span class='ocrx_word' id='word_1_185' title='bbox 1151 2621 1212 2722; x_wconf 81' lang='grc' dir='ltr'>ε”τη</span> <span class='ocrx_word' id='word_1_186' title='bbox 1239 2623 1338 2702; x_wconf 74' lang='grc' dir='ltr'>οὔπω</span> <span class='ocrx_word' id='word_1_187' title='bbox 1352 2647 1388 2697; x_wconf 79' lang='lat' dir='ltr'>lb.</span> <span class='ocrx_word' id='word_1_188' title='bbox 1400 2659 1438 2710; x_wconf 83' lang='lat'>⁵7·</span> 
     </span>
     <span class='ocr_line' id='line_1_20' title="bbox 143 2743 1488 2853; baseline 0 -27"><span class='ocrx_word' id='word_1_189' title='bbox 143 2759 165 2794; x_wconf 89' lang='lat'><strong>“</strong></span> <span class='ocrx_word' id='word_1_190' title='bbox 184 2749 361 2852; x_wconf 85' lang='grc' dir='ltr'>έχεις,</span> <span class='ocrx_word' id='word_1_191' title='bbox 304 2785 363 2829; x_wconf 90' lang='grc' dir='ltr'>και</span> <span class='ocrx_word' id='word_1_192' title='bbox 381 2750 553 2853; x_wconf 77' lang='grc' dir='ltr'>Αβραάμ</span> <span class='ocrx_word' id='word_1_193' title='bbox 577 2750 733 2852; x_wconf 80' lang='grc' dir='ltr'>ἑώρακας</span> <span class='ocrx_word' id='word_1_194' title='bbox 747 2751 779 2846; x_wconf 86' lang='grc'>;”</span> <span class='ocrx_word' id='word_1_195' title='bbox 811 2751 831 2828; x_wconf 85' lang='grc' dir='ltr'>ὁ</span> <span class='ocrx_word' id='word_1_196' title='bbox 857 2746 894 2826; x_wconf 78' lang='grc' dir='ltr'>δὲ</span> <span class='ocrx_word' id='word_1_197' title='bbox 918 2746 1008 2851; x_wconf 80' lang='grc' dir='ltr'>πρὸς</span> <span class='ocrx_word' id='word_1_198' title='bbox 1032 2745 1158 2829; x_wconf 78' lang='grc' dir='ltr'>αὐτούς</span> <span class='ocrx_word' id='word_1_199' title='bbox 1181 2757 1203 2793; x_wconf 86' lang='grc'><strong>“</strong></span> <span class='ocrx_word' id='word_1_200' title='bbox 1220 2743 1339 2843; x_wconf 83' lang='grc' dir='ltr'>Ἀμὴν</span> <span class='ocrx_word' id='word_1_201' title='bbox 1351 2763 1389 2813; x_wconf 73' lang='lat'>1¹³-</span> <span class='ocrx_word' id='word_1_202' title='bbox 1402 2763 1442 2826; x_wconf 81' lang='lat'>5⁸·</span> <span class='ocrx_word' id='word_1_203' title='bbox 1487 2796 1488 2800; x_wconf 59' lang='lat'><em>=</em></span> 
     </span>
     <span class='ocr_line' id='line_1_21' title="bbox 87 2868 1339 2977; baseline -0.002 -27"><span class='ocrx_word' id='word_1_204' title='bbox 87 2897 131 2939; x_wconf 72' lang='lat'>²0</span> <span class='ocrx_word' id='word_1_205' title='bbox 145 2881 166 2919; x_wconf 89' lang='lat'>“</span> <span class='ocrx_word' id='word_1_206' title='bbox 184 2873 322 2973; x_wconf 91' lang='grc' dir='ltr'>λέγω</span> <span class='ocrx_word' id='word_1_207' title='bbox 305 2881 386 2970; x_wconf 85' lang='grc' dir='ltr'>νμΐν</span> <span class='ocrx_word' id='word_1_208' title='bbox 400 2878 486 2977; x_wconf 76' lang='grc' dir='ltr'>πρὶν</span> <span class='ocrx_word' id='word_1_209' title='bbox 503 2872 674 2975; x_wconf 75' lang='grc' dir='ltr'>Ἁβραάμ</span> <span class='ocrx_word' id='word_1_210' title='bbox 702 2873 869 2974; x_wconf 88' lang='grc' dir='ltr'>γενέσθαι</span> <span class='ocrx_word' id='word_1_211' title='bbox 891 2871 962 2974; x_wconf 85' lang='grc' dir='ltr'>ε’γιό</span> <span class='ocrx_word' id='word_1_212' title='bbox 980 2868 1084 2970; x_wconf 84' lang='grc' dir='ltr'>είμι.”</span> <span class='ocrx_word' id='word_1_213' title='bbox 1123 2869 1203 2948; x_wconf 76' lang='grc' dir='ltr'>ἔστι</span> <span class='ocrx_word' id='word_1_214' title='bbox 1221 2869 1339 2948; x_wconf 84' lang='grc' dir='ltr'>τοίνυν</span> 
     </span>
     <span class='ocr_line' id='line_1_22' title="bbox 144 2993 1339 3101; baseline 0.001 -26"><span class='ocrx_word' id='word_1_215' title='bbox 144 2997 252 3076; x_wconf 83' lang='grc' dir='ltr'>αῦτοῦ</span> <span class='ocrx_word' id='word_1_216' title='bbox 275 3032 314 3077; x_wconf 90' lang='grc' dir='ltr'>τε</span> <span class='ocrx_word' id='word_1_217' title='bbox 339 3007 402 3078; x_wconf 91' lang='grc' dir='ltr'>τοῦ</span> <span class='ocrx_word' id='word_1_218' title='bbox 420 2999 593 3101; x_wconf 80' lang='grc' dir='ltr'>Ἀβραὰμ</span> <span class='ocrx_word' id='word_1_219' title='bbox 611 3001 668 3077; x_wconf 81' lang='grc' dir='ltr'>καὶ</span> <span class='ocrx_word' id='word_1_220' title='bbox 689 2997 855 3080; x_wconf 86' lang='grc' dir='ltr'>Μωσέως</span> <span class='ocrx_word' id='word_1_221' title='bbox 884 2999 941 3075; x_wconf 83' lang='grc' dir='ltr'>καὶ</span> <span class='ocrx_word' id='word_1_222' title='bbox 968 3001 1041 3075; x_wconf 85' lang='grc' dir='ltr'>τῶν</span> <span class='ocrx_word' id='word_1_223' title='bbox 1060 2993 1158 3074; x_wconf 78' lang='grc' dir='ltr'>ὅλων</span> <span class='ocrx_word' id='word_1_224' title='bbox 1181 2993 1339 3096; x_wconf 84' lang='grc' dir='ltr'>τεχνίτης</span> 
     </span>
     <span class='ocr_line' id='line_1_23' title="bbox 144 3114 1341 3225; baseline -0.003 -27"><span class='ocrx_word' id='word_1_225' title='bbox 144 3124 202 3199; x_wconf 79' lang='grc' dir='ltr'>καὶ</span> <span class='ocrx_word' id='word_1_226' title='bbox 235 3120 495 3225; x_wconf 82' lang='grc' dir='ltr'>γενεσιουργὸς,</span> <span class='ocrx_word' id='word_1_227' title='bbox 525 3120 662 3223; x_wconf 84' lang='grc' dir='ltr'>ἀνάγκη</span> <span class='ocrx_word' id='word_1_228' title='bbox 695 3119 734 3200; x_wconf 82' lang='grc' dir='ltr'>δὲ</span> <span class='ocrx_word' id='word_1_229' title='bbox 764 3128 868 3202; x_wconf 83' lang='grc' dir='ltr'>πᾶσα</span> <span class='ocrx_word' id='word_1_230' title='bbox 899 3126 971 3198; x_wconf 83' lang='grc' dir='ltr'>τῶν</span> <span class='ocrx_word' id='word_1_231' title='bbox 1005 3120 1101 3198; x_wconf 79' lang='grc' dir='ltr'>ἰδίων</span> <span class='ocrx_word' id='word_1_232' title='bbox 1132 3114 1341 3215; x_wconf 87' lang='grc' dir='ltr'>ποιημάτων</span> 
     </span>
     <span class='ocr_line' id='line_1_24' title="bbox 143 3238 1341 3349; baseline -0.004 -27"><span class='ocrx_word' id='word_1_233' title='bbox 143 3245 416 3349; x_wconf 84' lang='grc' dir='ltr'>προϋφεστάναι</span> <span class='ocrx_word' id='word_1_234' title='bbox 442 3245 560 3348; x_wconf 90' lang='grc' dir='ltr'>λέγειν</span> <span class='ocrx_word' id='word_1_235' title='bbox 587 3245 650 3325; x_wconf 84' lang='grc' dir='ltr'>τόν</span> <span class='ocrx_word' id='word_1_236' title='bbox 678 3243 839 3344; x_wconf 80' lang='grc' dir='ltr'>ποιητὴν,</span> <span class='ocrx_word' id='word_1_237' title='bbox 857 3248 915 3322; x_wconf 81' lang='grc' dir='ltr'>καὶ</span> <span class='ocrx_word' id='word_1_238' title='bbox 943 3247 1016 3322; x_wconf 84' lang='grc' dir='ltr'>τῶν</span> <span class='ocrx_word' id='word_1_239' title='bbox 1033 3241 1109 3321; x_wconf 89' lang='grc' dir='ltr'>κατ’</span> <span class='ocrx_word' id='word_1_240' title='bbox 1130 3238 1249 3319; x_wconf 77' lang='grc' dir='ltr'>εἰκόνα</span> <span class='ocrx_word' id='word_1_241' title='bbox 1275 3238 1341 3338; x_wconf 88' lang='grc' dir='ltr'>τὴν</span> 
     </span>
     <span class='ocr_line' id='line_1_25' title="bbox 144 3363 1336 3472; baseline -0.005 -25"><span class='ocrx_word' id='word_1_242' title='bbox 144 3366 233 3470; x_wconf 83' lang='grc' dir='ltr'>πρὸς</span> <span class='ocrx_word' id='word_1_243' title='bbox 252 3368 359 3448; x_wconf 80' lang='grc' dir='ltr'>αῦτῦν</span> <span class='ocrx_word' id='word_1_244' title='bbox 377 3370 594 3468; x_wconf 81' lang='grc' dir='ltr'>ἐκτισμένων</span> <span class='ocrx_word' id='word_1_245' title='bbox 608 3368 943 3472; x_wconf 87' lang='grc' dir='ltr'>προαναφαίνεσθαι</span> <span class='ocrx_word' id='word_1_246' title='bbox 962 3365 1003 3445; x_wconf 84' lang='grc' dir='ltr'>τό</span> <span class='ocrx_word' id='word_1_247' title='bbox 1023 3364 1225 3469; x_wconf 86' lang='grc' dir='ltr'>ἀρχέτυπον</span> <span class='ocrx_word' id='word_1_248' title='bbox 1244 3363 1336 3442; x_wconf 89' lang='grc' dir='ltr'>κάλ-</span> 
     </span>
     <span class='ocr_line' id='line_1_26' title="bbox 88 3486 1338 3596; baseline -0.003 -27"><span class='ocrx_word' id='word_1_249' title='bbox 88 3507 130 3564; x_wconf 86' lang='lat'>²5</span> <span class='ocrx_word' id='word_1_250' title='bbox 146 3501 221 3575; x_wconf 93' lang='grc' dir='ltr'>λος.</span> <span class='ocrx_word' id='word_1_251' title='bbox 264 3493 390 3572; x_wconf 86' lang='grc' dir='ltr'>οῦκοῦν</span> <span class='ocrx_word' id='word_1_252' title='bbox 406 3496 632 3596; x_wconf 84' lang='grc' dir='ltr'>ἀσυγκρίτως</span> <span class='ocrx_word' id='word_1_253' title='bbox 659 3491 700 3572; x_wconf 81' lang='grc' dir='ltr'>τό</span> <span class='ocrx_word' id='word_1_254' title='bbox 720 3489 883 3574; x_wconf 87' lang='grc' dir='ltr'>Μωσέως</span> <span class='ocrx_word' id='word_1_255' title='bbox 913 3494 1165 3591; x_wconf 80' lang='grc' dir='ltr'>ῦπερβαλεῖται</span> <span class='ocrx_word' id='word_1_256' title='bbox 1194 3486 1338 3589; x_wconf 87' lang='grc' dir='ltr'>μέτρον,</span> 
     </span>
     <span class='ocr_line' id='line_1_27' title="bbox 144 3609 1342 3716; baseline -0.005 -23"><span class='ocrx_word' id='word_1_257' title='bbox 144 3615 344 3711; x_wconf 77' lang='grc' dir='ltr'>μᾶλλονδὲ</span> <span class='ocrx_word' id='word_1_258' title='bbox 370 3618 428 3696; x_wconf 74' lang='grc' dir='ltr'>καὶ</span> <span class='ocrx_word' id='word_1_259' title='bbox 449 3615 584 3699; x_wconf 80' lang='grc' dir='ltr'>παντὸς</span> <span class='ocrx_word' id='word_1_260' title='bbox 608 3623 672 3694; x_wconf 88' lang='grc' dir='ltr'>τοῦ</span> <span class='ocrx_word' id='word_1_261' title='bbox 696 3614 912 3713; x_wconf 84' lang='grc' dir='ltr'>κεκλημένον</span> <span class='ocrx_word' id='word_1_262' title='bbox 929 3613 1020 3716; x_wconf 83' lang='grc' dir='ltr'>πρὸς</span> <span class='ocrx_word' id='word_1_263' title='bbox 1043 3612 1183 3713; x_wconf 89' lang='grc' dir='ltr'>γένεσιν</span> <span class='ocrx_word' id='word_1_264' title='bbox 1206 3611 1228 3709; x_wconf 86' lang='grc' dir='ltr'><em>ἡ</em></span> <span class='ocrx_word' id='word_1_265' title='bbox 1251 3609 1342 3716; x_wconf 82' lang='grc' dir='ltr'>δόξα</span> 
     </span>
     <span class='ocr_line' id='line_1_28' title="bbox 145 3735 1338 3846; baseline -0.006 -28"><span class='ocrx_word' id='word_1_266' title='bbox 145 3745 311 3842; x_wconf 84' lang='grc' dir='ltr'>Χριστοῦ</span> <span class='ocrx_word' id='word_1_267' title='bbox 330 3739 490 3846; x_wconf 78' lang='grc' dir='ltr'>ὑπάρξει.</span> <span class='ocrx_word' id='word_1_268' title='bbox 529 3742 586 3818; x_wconf 79' lang='grc' dir='ltr'>καὶ</span> <span class='ocrx_word' id='word_1_269' title='bbox 609 3741 689 3817; x_wconf 88' lang='grc' dir='ltr'>καθ’</span> <span class='ocrx_word' id='word_1_270' title='bbox 711 3739 830 3840; x_wconf 81' lang='grc' dir='ltr'>ἕτερον</span> <span class='ocrx_word' id='word_1_271' title='bbox 849 3736 886 3818; x_wconf 79' lang='grc' dir='ltr'>δέ</span> <span class='ocrx_word' id='word_1_272' title='bbox 908 3735 1042 3838; x_wconf 86' lang='grc' dir='ltr'>τρόπον</span> <span class='ocrx_word' id='word_1_273' title='bbox 1061 3741 1222 3836; x_wconf 78' lang='grc' dir='ltr'>πειράτω</span> <span class='ocrx_word' id='word_1_274' title='bbox 1240 3743 1338 3832; x_wconf 90' lang='grc' dir='ltr'>πλη·</span> 
     </span>
     <span class='ocr_line' id='line_1_29' title="bbox 144 3853 1342 3968; baseline -0.007 -27"><span class='ocrx_word' id='word_1_275' title='bbox 144 3865 357 3968; x_wconf 52' lang='grc' dir='ltr'>ροφορεΐννὸ</span> <span class='ocrx_word' id='word_1_276' title='bbox 386 3862 580 3947; x_wconf 88' lang='grc' dir='ltr'>θεσπέσιος</span> <span class='ocrx_word' id='word_1_277' title='bbox 603 3868 753 3945; x_wconf 86' lang='grc' dir='ltr'>Παῦλος</span> <span class='ocrx_word' id='word_1_278' title='bbox 780 3860 836 3941; x_wconf 84' lang='grc' dir='ltr'>ὅτι</span> <span class='ocrx_word' id='word_1_279' title='bbox 864 3859 1010 3962; x_wconf 87' lang='grc' dir='ltr'>γέγονεν</span> <span class='ocrx_word' id='word_1_280' title='bbox 1035 3861 1133 3966; x_wconf 77' lang='grc' dir='ltr'>αὐτῷ</span> <span class='ocrx_word' id='word_1_281' title='bbox 1159 3853 1278 3959; x_wconf 91' lang='grc' dir='ltr'>σοφός</span> <span class='ocrx_word' id='word_1_282' title='bbox 1303 3889 1342 3934; x_wconf 90' lang='grc' dir='ltr'>τε</span> 
     </span>
     <span class='ocr_line' id='line_1_30' title="bbox 146 3980 1440 4089; baseline -0.005 -25"><span class='ocrx_word' id='word_1_283' title='bbox 146 3989 205 4065; x_wconf 81' lang='grc' dir='ltr'>καὶ</span> <span class='ocrx_word' id='word_1_284' title='bbox 233 3985 372 4086; x_wconf 83' lang='grc' dir='ltr'>ἀληθὴς</span> <span class='ocrx_word' id='word_1_285' title='bbox 401 3988 421 4065; x_wconf 87' lang='grc' dir='ltr'>ό</span> <span class='ocrx_word' id='word_1_286' title='bbox 453 3989 535 4089; x_wconf 80' lang='grc' dir='ltr'>περὶ</span> <span class='ocrx_word' id='word_1_287' title='bbox 563 3985 700 4066; x_wconf 70' lang='grc' dir='ltr'>τούτων</span> <span class='ocrx_word' id='word_1_288' title='bbox 728 3981 850 4085; x_wconf 89' lang='grc' dir='ltr'>λόγος·</span> <span class='ocrx_word' id='word_1_289' title='bbox 888 3980 934 4083; x_wconf 82' lang='grc' dir='ltr'>ἦν</span> <span class='ocrx_word' id='word_1_290' title='bbox 959 3980 1020 4089; x_wconf 75' lang='grc' dir='ltr'>μὲν</span> <span class='ocrx_word' id='word_1_291' title='bbox 1048 3982 1132 4086; x_wconf 80' lang='grc' dir='ltr'>γάρ,</span> <span class='ocrx_word' id='word_1_292' title='bbox 1163 3984 1290 4085; x_wconf 74' lang='grc' dir='ltr'>φησὶν,</span> <span class='ocrx_word' id='word_1_293' title='bbox 1320 3980 1405 4058; x_wconf 59' lang='grc' dir='ltr'>ἀνευ.</span> <span class='ocrx_word' id='word_1_294' title='bbox 1418 4021 1440 4070; x_wconf 87' lang='lat'>5.</span> 
     </span>
     <span class='ocr_line' id='line_1_31' title="bbox 89 4100 1342 4219; baseline -0.006 -30"><span class='ocrx_word' id='word_1_295' title='bbox 89 4141 133 4199; x_wconf 87' lang='lat'>30</span> <span class='ocrx_word' id='word_1_296' title='bbox 148 4110 273 4204; x_wconf 61' lang='grc' dir='ltr'>Μωσῆς</span> <span class='ocrx_word' id='word_1_297' title='bbox 293 4111 415 4196; x_wconf 73' lang='grc' dir='ltr'>πιστλς</span> <span class='ocrx_word' id='word_1_298' title='bbox 435 4111 465 4190; x_wconf 85' lang='grc' dir='ltr'>ἑν</span> <span class='ocrx_word' id='word_1_299' title='bbox 483 4111 551 4219; x_wconf 79' lang='grc' dir='ltr'>’ίλιρ</span> <span class='ocrx_word' id='word_1_300' title='bbox 570 4117 615 4217; x_wconf 78' lang='grc' dir='ltr'><em>τῷ</em></span> <span class='ocrx_word' id='word_1_301' title='bbox 637 4111 716 4218; x_wconf 79' lang='grc' dir='ltr'>ιῖκιρ</span> <span class='ocrx_word' id='word_1_302' title='bbox 741 4110 838 4187; x_wconf 82' lang='grc' dir='ltr'>αὐτοῦ</span> <span class='ocrx_word' id='word_1_303' title='bbox 863 4110 907 4193; x_wconf 81' lang='grc' dir='ltr'>ῦς</span> <span class='ocrx_word' id='word_1_304' title='bbox 932 4106 1078 4213; x_wconf 81' lang='grc' dir='ltr'>θεράπων</span> <span class='ocrx_word' id='word_1_305' title='bbox 1102 4114 1147 4191; x_wconf 78' lang='grc' dir='ltr'>εἰς</span> <span class='ocrx_word' id='word_1_306' title='bbox 1173 4100 1342 4208; x_wconf 73' lang='grc' dir='ltr'>μαρτύρων</span> 
     </span>
    </p>
   </div>
   <div class='ocr_carea' id='block_1_3' title="bbox 146 4224 1439 4691">
    <p class='ocr_par' dir='ltr' id='par_1_3' title="bbox 146 4224 1439 4341">
     <span class='ocr_line' id='line_1_32' title="bbox 146 4224 1439 4341; baseline -0.008 -26"><span class='ocrx_word' id='word_1_307' title='bbox 146 4234 208 4315; x_wconf 70' lang='grc' dir='ltr'>τάν</span> <span class='ocrx_word' id='word_1_308' title='bbox 226 4231 512 4341; x_wconf 75' lang='grc' dir='ltr'>λαληθησομένων,</span> <span class='ocrx_word' id='word_1_309' title='bbox 535 4232 674 4341; x_wconf 68' lang='grc' dir='ltr'>Χριστός</span> <span class='ocrx_word' id='word_1_310' title='bbox 693 4227 729 4312; x_wconf 76' lang='grc' dir='ltr'>θέ</span> <span class='ocrx_word' id='word_1_311' title='bbox 754 4235 799 4316; x_wconf 75' lang='grc' dir='ltr'>ὡς</span> <span class='ocrx_word' id='word_1_312' title='bbox 821 4231 887 4316; x_wconf 68' lang='grc' dir='ltr'>νίας</span> <span class='ocrx_word' id='word_1_313' title='bbox 915 4232 971 4310; x_wconf 70' lang='grc' dir='ltr'>ἐπὶ</span> <span class='ocrx_word' id='word_1_314' title='bbox 999 4230 1051 4310; x_wconf 72' lang='grc' dir='ltr'>τόν</span> <span class='ocrx_word' id='word_1_315' title='bbox 1080 4226 1166 4309; x_wconf 79' lang='grc' dir='ltr'>οίιιον</span> <span class='ocrx_word' id='word_1_316' title='bbox 1186 4228 1284 4306; x_wconf 80' lang='grc' dir='ltr'>αὐτοῦ</span> <span class='ocrx_word' id='word_1_317' title='bbox 1308 4224 1439 4306; x_wconf 63' lang='grc' dir='ltr'>σίνται».</span> 
     </span>
    </p>

    <p class='ocr_par' dir='ltr' id='par_1_4' title="bbox 148 4350 1343 4463">
     <span class='ocr_line' id='line_1_33' title="bbox 148 4350 1343 4463; baseline -0.011 -23"><span class='ocrx_word' id='word_1_318' title='bbox 148 4369 163 4440; x_wconf 84' lang='grc' dir='ltr'><strong><em>ὁ</em></strong></span> <span class='ocrx_word' id='word_1_319' title='bbox 193 4357 281 4443; x_wconf 76' lang='grc' dir='ltr'>οἶκός</span> <span class='ocrx_word' id='word_1_320' title='bbox 311 4359 409 4463; x_wconf 81' lang='grc' dir='ltr'>ἐσμεν</span> <span class='ocrx_word' id='word_1_321' title='bbox 437 4362 541 4463; x_wconf 73' lang='grc' dir='ltr'>ἡμεῖς.</span> <span class='ocrx_word' id='word_1_322' title='bbox 583 4356 683 4458; x_wconf 78' lang='grc' dir='ltr'>ἄθρει</span> <span class='ocrx_word' id='word_1_323' title='bbox 718 4351 762 4452; x_wconf 81' lang='grc' dir='ltr'>δὴ</span> <span class='ocrx_word' id='word_1_324' title='bbox 791 4356 853 4435; x_wconf 83' lang='grc' dir='ltr'>οῦν</span> <span class='ocrx_word' id='word_1_325' title='bbox 881 4354 976 4436; x_wconf 80' lang='grc' dir='ltr'>ὅπως</span> <span class='ocrx_word' id='word_1_326' title='bbox 1006 4357 1058 4460; x_wconf 78' lang='grc' dir='ltr'>τῷ</span> <span class='ocrx_word' id='word_1_327' title='bbox 1090 4350 1154 4451; x_wconf 72' lang='grc' dir='ltr'>μὲν</span> <span class='ocrx_word' id='word_1_328' title='bbox 1182 4352 1343 4458; x_wconf 78' lang='grc' dir='ltr'>μακαρίῳ</span> 
     </span>
    </p>

    <p class='ocr_par' dir='ltr' id='par_1_5' title="bbox 150 4473 1343 4691">
     <span class='ocr_line' id='line_1_34' title="bbox 150 4473 1343 4586; baseline -0.008 -24"><span class='ocrx_word' id='word_1_329' title='bbox 150 4483 298 4586; x_wconf 72' lang='grc' dir='ltr'>Μωυσῇ</span> <span class='ocrx_word' id='word_1_330' title='bbox 315 4480 445 4583; x_wconf 84' lang='grc' dir='ltr'>μέτρον</span> <span class='ocrx_word' id='word_1_331' title='bbox 464 4479 628 4579; x_wconf 84' lang='grc' dir='ltr'>ἀπονέμει</span> <span class='ocrx_word' id='word_1_332' title='bbox 648 4477 689 4558; x_wconf 83' lang='grc' dir='ltr'>τὸ</span> <span class='ocrx_word' id='word_1_333' title='bbox 708 4476 878 4559; x_wconf 80' lang='grc' dir='ltr'>οἰκετικὸν</span> <span class='ocrx_word' id='word_1_334' title='bbox 896 4479 949 4584; x_wconf 78' lang='grc' dir='ltr'>τῷ</span> <span class='ocrx_word' id='word_1_335' title='bbox 967 4475 1204 4576; x_wconf 86' lang='grc' dir='ltr'>γνησιότητος</span> <span class='ocrx_word' id='word_1_336' title='bbox 1222 4473 1343 4581; x_wconf 78' lang='grc' dir='ltr'>τρόπῳ</span> 
     </span>
     <span class='ocr_line' id='line_1_35' title="bbox 701 4623 789 4691; baseline 0.045 -23"><span class='ocrx_word' id='word_1_337' title='bbox 701 4623 789 4691; x_wconf 74' lang='lat'>392</span> 
     </span>
    </p>
   </div>
   <div class='ocr_carea' id='block_1_4' title="bbox 0 0 1650 5130">
    <p class='ocr_par' dir='ltr' id='par_1_6' title="bbox 0 0 1650 5130">
     <span class='ocr_line' id='line_1_36' title="bbox 0 0 1650 5130; baseline 0 0"><span class='ocrx_word' id='word_1_338' title='bbox 0 0 1650 5130; x_wconf 95' lang='lat' dir='ltr'> </span> 
     </span>
    </p>
   </div>
  </div>
 </body>
</html>
