3274 5262
154 353 275 393 esscha
568 334 730 392 INDEX
772 333 957 394 RERUM.
1303 339 1362 395 641

153 516 325 575 Oblationes
345 517 465 576 humiles
485 517 641 594 majoribus
655 536 732 574 com·
788 516 983 592 Opprobrium
1012 516 1120 575 Christi
1152 517 1289 592 gaudium
1317 537 1364 576 ve-

198 616 305 674 mixtse
328 616 379 672 has
401 615 589 690 acceptabiles
610 615 735 673 efficiunt
826 635 890 672 rum
905 625 934 674 et
948 615 1080 673 nobilitas
1095 619 1152 673 621
1164 633 1188 673 e.

197 711 232 772 M
247 717 286 771 70
303 714 344 789 [p.
359 713 442 786 2961.
786 712 869 789 Opus
882 713 936 770 Dei
951 713 1052 780 Patris,
1068 713 1144 771 salus
1159 721 1257 770 nostra
1269 717 1325 772 198
1338 733 1364 772 4.

155 810 378 868 Observandum
396 809 574 868 occasionem
594 828 644 866 seu
661 817 733 866 tem·
786 809 877 868 Orare
902 811 931 868 in
954 810 1069 869 nomine
1091 809 1154 868 Filii
1177 810 1299 886 antiquis
1320 813 1363 868 in·

196 926 269 984 pus:
306 907 489 966 nihilominus
515 906 611 964 omnia
637 915 735 963 nostra
826 915 938 966 suetum
960 910 1020 966 809
1032 908 1060 974 b.
1082 910 1173 967 9374
1210 907 1294 965 nohis
1316 907 1365 965 da·

196 1005 340 1080 gubernat
358 1004 410 1062 Ille
426 1004 481 1063 Oui
494 1004 541 1062 vel
560 1004 596 1061 de
615 1003 735 1080 passeri-
826 1012 887 1060 tum
902 1007 961 1062 936
972 1004 1024 1070 64,
1040 1006 1098 1063 938
1112 1022 1138 1070 4,
1155 1007 1215 1062 939
1225 1023 1250 1062 4.

195 1102 250 1160 bus
267 1101 463 1160 minutissimis
476 1121 544 1160 cura
559 1106 617 1160 467
630 1120 645 1159 4
657 1101 683 1158 6.
785 1100 887 1159 Oratio
904 1120 1002 1160 eorum
1018 1102 1067 1176 qni
1086 1109 1163 1159 recte
1183 1119 1241 1158 non
1262 1107 1365 1176 petant

152 1198 287 1265 Occasio,
313 1199 457 1274 quomodo
484 1199 514 1256 in
540 1198 658 1273 picturis
690 1217 734 1256 re·
825 1199 954 1256 inandita
974 1201 1073 1265 8064,
1095 1197 1130 1257 cl.
1146 1200 1205 1256 878
1222 1217 1247 1263 4,
1272 1201 1365 1257 8794

196 1305 395 1376 praesentatur
409 1301 505 1363 4644,
521 1295 643 1355 46541).
825 1295 984 1353 orationem
1006 1313 1104 1353 eorum
1132 1295 1179 1370 qni
1203 1280 1284 1353 recte
1305 1315 1365 1353 non

153 1394 232 1452 Octo
260 1394 370 1452 Christi
399 1393 624 1452 Resurrectionis
658 1412 734 1470 sym·
825 1391 931 1458 vivant,
960 1392 1095 1450 exaudire
1132 1410 1190 1449 uon
1221 1393 1365 1468 promittit

194 1492 294 1550 bolum
308 1491 432 1560 432bd,
447 1494 507 1549 433
518 1491 568 1548 64.
825 1490 904 1547 Deus
918 1489 1015 1548 8791).

153 1587 264 1646 Oculus
279 1607 364 1665 supra
382 1589 499 1646 modum
516 1607 600 1646 suum
618 1607 676 1646 non
690 1587 731 1646 vi·
784 1587 885 1645 Oratio
916 1585 1098 1662 acceptabilis
1132 1587 1275 1659 quomodo
1314 1587 1365 1645 liat

196 1687 254 1754 det,
266 1705 347 1745 mens
361 1705 477 1762 eaquae
491 1705 577 1761 supra
588 1685 661 1744 vires
675 1705 733 1744 non
825 1687 885 1744 879
894 1685 912 1742 b
921 1704 946 1750 c,
959 1687 1019 1743 893
1028 1683 1072 1741 ab
1102 1681 1158 1740 Dei
1170 1683 1298 1743 Gloriam
1311 1684 1364 1742 im·

195 1783 330 1861 perspicit
346 1789 404 1844 279
414 1803 439 1844 4.
825 1783 924 1860 primis
946 1799 1080 1858 quaerere
1104 1787 1134 1838 et
1157 1781 1230 1840 bene
1250 1782 1364 1840 vivendi

156 1881 264 1941 Oculos
283 1882 452 1940 infirmiores
470 1881 642 1940 habentibus
655 1901 732 1940 com·
824 1881 988 1939 facultatem
1003 1879 1036 1936 M
1052 1882 1099 1938 30.

195 1987 330 2056 parantur
358 1979 377 2036 ii
405 1979 453 2054 qui
480 1989 576 2039 mente
602 1980 733 2038 laborant
784 1979 862 2038 Oves
892 1989 922 2038 et
951 1977 1037 2036 hoedi
1071 1976 1101 2033 in
1130 1975 1160 2036 S.
1182 1976 1269 2036 Matt.
1295 1995 1362 2036 xxv.

197 2077 311 2136 38046
351 2077 399 2152 qui
421 2077 530 2136 honum
552 2096 610 2135 non
635 2087 733 2135 amant
825 2080 862 2134 41
896 2095 968 2154 quae
990 2080 1049 2136 640
1064 2075 1092 2134 b.

198 2178 302 2234 10214
329 2175 431 2250 quibus
450 2175 604 2252 injucunda
619 2175 732 2232 Veritas

199 2276 275 2331 1039
287 2271 315 2344 6,
332 2277 437 2331 10404
464 2272 513 2348 qui
527 2281 605 2330 recta
618 2291 677 2329 non
691 2273 732 2330 in·
1056 2322 1078 2376 P

194 2370 488 2448 telliguntMlnot„
500 2369 536 2428 cf.
552 2368 720 2436 Μ.17,18.

154 2467 262 2528 Oculus
277 2468 376 2527 dexter
391 2468 585 2526 scandalizans
599 2470 677 2525 1059
686 2487 712 2526 a.
785 2476 802 2500 ‘⁴
814 2467 940 2526 Psoron
956 2467 1060 2524 Pacis''
1072 2466 1140 2542 quid
1154 2470 1211 2525 651
1225 2485 1250 2525 4.

155 2567 289 2626 “Odium
302 2567 458 2642 perfectum
469 2565 486 2588 ''
503 2564 572 2641 quid
586 2567 645 2623 886
655 2584 671 2623 4
680 2564 708 2624 6.
784 2565 927 2623 Palestina
940 2565 977 2623 iii.
994 2569 1063 2625 670.

155 2663 246 2721 Odori
277 2664 390 2736 florum,
419 2664 499 2740 quasi
529 2663 651 2731 disemo,
680 2681 733 2721 nec
783 2663 875 2721 Panes
909 2663 1043 2721 hordaoei
1078 2662 1202 2738 quinque
1235 2661 1363 2736 pisciculi

195 2760 311 2820 omnino
335 2760 493 2836 separabili,
515 2759 639 2836 Spiritus
659 2759 732 2818 San·
824 2761 891 2826 duo,
907 2760 1087 2836 (14162831),
1104 2761 1192 2819 2866
1218 2759 1362 2834 fingmen-

194 2858 234 2915 eti
256 2858 407 2916 existentia
428 2866 608 2934 comparatur
628 2859 731 2926 9301),
825 2871 920 2916 torum
955 2858 1104 2917 duodecim
1136 2856 1260 2934 cophini,
1295 2855 1363 2930 quid

196 2957 291 3020 9314,
313 2957 402 3013 9324
433 2964 465 3012 ut
489 2955 560 3012 odor
581 2956 619 3012 ad
639 2963 732 3014 vestes
825 2956 971 3014 285464.

196 3051 366 3126 impertitur,
383 3051 424 3108 ita
440 3052 554 3110 Natura
571 3051 676 3110 Divina
696 3054 732 3110 ad
785 3053 869 3110 Panis
883 3050 1070 3127 primitiarum
1089 3051 1126 3108 ad
1139 3052 1233 3109 Deum
1246 3049 1362 3109 Patrem

194 3149 304 3206 animas
317 3157 430 3206 nostras
444 3167 496 3223 per
507 3149 644 3225 Spiritum
658 3149 730 3208 San·
824 3150 944 3216 oblatus,
970 3149 1079 3207 Christi
1105 3157 1236 3206 nostrum
1263 3149 1362 3224 primi-

194 3255 272 3305 ctum
287 3248 384 3306 9326.
823 3249 926 3306 tiarnm
939 3256 1024 3324 typus
1036 3251 1095 3306 366
1105 3246 1149 3304 64
1175 3256 1206 3303 ut
1217 3246 1363 3304 vivificans

156 3342 332 3402 Oeconomia
350 3343 386 3401 ad
407 3363 453 3402 res
474 3342 543 3402 alias
565 3345 731 3414 necessaria,
824 3345 966 3411 Christus,
979 3363 1081 3420 panem
1096 3352 1126 3402 et
1139 3343 1286 3420 Apostolis
1299 3361 1362 3402 esse

194 3441 263 3499 alias
277 3460 334 3500 noo
350 3445 409 3502 399
420 3461 436 3500 4
446 3442 473 3502 d.
824 3444 883 3510 dat,
898 3445 973 3501 sicut
985 3443 1051 3500 Lux
1065 3442 1131 3518 Ipse
1147 3441 1212 3500 illos
1226 3448 1257 3499 et
1269 3441 1362 3500 lucem

155 3538 252 3615 Opera
264 3539 331 3598 fidei
345 3540 546 3614 doctrinaeque
560 3548 654 3598 rectae
664 3559 730 3599 con·
822 3542 908 3599 efficit
923 3544 992 3606 366.
1006 3545 1074 3610 357,
1089 3540 1129 3598 iii.
1145 3543 1213 3598 470.

189 3638 338 3712 jungenda
359 3639 418 3697 868
432 3639 458 3708 b,
482 3641 541 3696 869
553 3637 599 3696 46
634 3639 731 3696 unioni
782 3638 920 3698 Parabola
933 3657 1006 3714 qnae
1021 3641 1080 3696 937
1091 3638 1119 3694 d.

193 3751 260 3791 cum
277 3733 393 3791 Christo
416 3737 493 3812 prius
510 3736 592 3793 datae
613 3738 730 3811 conjun-
782 3736 918 3794 Parentes
940 3754 1019 3810 erga,
1044 3735 1210 3809 obsequium
1232 3742 1362 3792 nostrum

192 3829 288 3905 genda
316 3833 376 3890 874
398 3849 414 3888 4
437 3830 456 3888 6
476 3850 502 3898 4,
531 3836 599 3891 875.
667 3834 732 3891 Vide
822 3834 918 3908 imago
942 3831 1064 3889 Unionis
1085 3831 1160 3888 inter
1182 3829 1295 3888 Patrem
1316 3831 1362 3888 Fi·

192 3927 286 3986 81644.
821 3930 948 4004 liomque
966 3929 1115 3995 337464,
1136 3928 1172 3986 ct.
1185 3927 1277 3986 6616
1312 3947 1361 3986 ex·

154 4023 296 4101 Operatur
317 4043 375 4082 non
397 4025 516 4084 seorsim
531 4025 630 4092 Filius,
647 4027 732 4084 Pater
822 4026 931 4101 emplar
954 4026 1039 4084 nobis
1064 4025 1196 4084 Christus
1220 4029 1297 4084 1066
1312 4027 1361 4083 ab

193 4123 311 4182 seorsim
329 4128 368 4183 46
383 4142 409 4192 4,
428 4125 468 4181 46
482 4127 617 4194 4-474,
633 4128 691 4183 224
703 4143 728 4192 4,
822 4133 930 4190 contra,
951 4133 1099 4199 peccatum
1119 4123 1148 4180 in
1165 4123 1227 4198 pari
1243 4141 1277 4182 ac
1291 4143 1359 4181 con-

194 4223 291 4280 2384.
822 4231 867 4280 tra
880 4221 975 4279 Deum
994 4220 1169 4297 blasphemia
1185 4221 1266 4296 ponit
1280 4219 1361 4279 Deus

155 4317 297 4394 Operatur
314 4338 372 4377 non
393 4320 455 4378 sine
469 4319 553 4376 Patre
568 4319 656 4377 Filios
671 4323 729 4380 213
825 4323 902 4378 1066
914 4339 939 4387 4,
957 4319 1101 4378 106641).

193 4434 250 4472 non
264 4416 325 4476 sins
340 4417 411 4474 Filio
426 4418 510 4475 Pater
526 4418 623 4486 2216,
636 4422 692 4478 241
705 4436 729 4488 4,
781 4418 890 4476 Pascha
901 4417 1130 4476 Christianorum
1139 4416 1263 4475 Carnem
1275 4414 1358 4474 Chri·

194 4516 288 4574 4934.
316 4515 382 4572 Vide
393 4514 482 4573 Filius
494 4517 535 4591 [p.
548 4519 607 4576 627
622 4516 675 4576 col.
689 4511 728 4595 1].
822 4516 859 4574 sti
872 4515 957 4575 edere
971 4518 1031 4577 693
1043 4533 1068 4574 4.

237 4625 307 4672 vor.
323 4629 374 4674 111.
729 4631 751 4691 4
766 4629 788 4675 u
