3284 5130
139 325 264 396 1215.
421 316 477 382 IN
506 317 541 386 S.
565 317 587 383 J
592 319 824 386 OANNEM.
869 319 967 386 LIB.
987 319 1070 408 XII.
1281 317 1343 382 115

141 476 192 557 ὡς
209 475 360 563 τεθνεὼς
389 482 556 579 δηλονότι
575 487 633 565 καὶ
655 482 837 584 ἀνήκεστα
854 483 991 581 παθὼν,
1010 488 1069 564 καὶ
1093 480 1184 587 πρὸς
1206 480 1509 566 τούτοιςοιοεθΔ.

139 596 193 676 ἔτι
221 606 294 679 τῶν
321 603 517 702 μνημάτων
540 607 842 708 ἐκκεκομισμένος.
883 605 1064 708 ἐπειδὴδὲ
1089 605 1137 710 ζῶ
1162 609 1222 692 καὶ
1247 603 1341 710 πάρ-

139 755 223 870 ειμι,
246 732 405 828 παρεῖσα
428 728 510 815 τοῦς
535 731 642 834 γύους
666 731 863 884 μεταχάρει
887 730 979 834 πρὸς
1003 732 1182 832 εὐθυμίαν.
1218 731 1345 811 οῦκοῦν

140 843 186 924 τὸ
215 853 358 951 θρηνεῖν
384 854 736 1004 περιστέλλοντας
715 891 738 954 η
766 856 951 960 ε’ρύτησις.
991 854 1138 937 έδειά
1087 889 1138 957 γ
1137 889 1161 959 ρ
1188 851 1257 934 εδει
1286 856 1343 933 καὶ

110 971 272 1052 5τούτου
299 982 364 1056 τοῦ
391 976 520 1078 μέρους
547 978 799 1083 ε’πανορθωτῆν
820 978 1052 1082 γενέσθαι
1017 1014 1080 1060 τον
1102 977 1247 1082 Κύρων.
1286 975 1344 1056 διὰ

140 1092 209 1191 μέν
239 1095 311 1199 γὰρ
337 1098 404 1200 τῆν
426 1104 464 1182 ἐν
489 1101 611 1203 Ἀδάμ
641 1101 856 1206 παράβασιν
887 1102 979 1208 πρὸς
1011 1102 1103 1203 ὅλην
1135 1101 1276 1254 εἴρητο
1280 1108 1345 1182 τοῦ

141 1220 401 1323 ἀνθρώπου
361 1259 428 1325 την
447 1226 613 1328 φύσιν,
591 1262 639 1311 ως
657 1231 695 1308 ἐν
713 1230 860 1332 ἀπαρχῆ
882 1235 947 1308 τοῦ
973 1227 1098 1330 γένους
1122 1232 1174 1335 τῷ
1198 1225 1342 1333 προῖτιρ,

140 1339 186 1423 τά
216 1355 238 1392 “
253 1344 359 1446 Γῆ’
325 1381 356 1426 ει
383 1353 442 1429 καὶ
465 1356 514 1434 εἰς
538 1355 609 1453 γῆν
627 1349 842 1458 ἀπελεύση,”
868 1350 960 1454 πρὸς
979 1351 1024 1432 δέ
1042 1386 1083 1452 γε
1111 1347 1178 1451 τῆν
1195 1357 1345 1453 γυναῖκα
1390 1355 1505 1488 figm-

64 1577 70 1588 Ι
142 1474 204 1546 καὶ
232 1470 426 1570 ῖδικοῖς,’
385 1506 427 1553 το
455 1483 476 1520 “
495 1473 562 1556 Ἐν
586 1474 718 1560 λύπαις
744 1472 894 1584 τέξη’
851 1476 986 1556 τεκνα.”
1022 1476 1150 1555 οῦκοῦν
1167 1471 1209 1554 τὸ
1227 1486 1343 1554 πλον·
1356 1485 1430 1555 b1b.
1443 1501 1481 1555 ιο.

94 1623 131 1666 ιο
141 1626 219 1672 τειν
242 1596 280 1673 ἐν
301 1596 477 1682 λύπαις
455 1633 503 1684 ως
531 1601 569 1680 έν
596 1598 696 1708 τάξει
723 1605 847 1700 ποινῆς
875 1602 1091 1703 ἐπεκρεμᾶτσ
1118 1604 1164 1706 τῇ
1189 1597 1342 1700 γυναικί.

144 1714 190 1816 ἦν
210 1718 273 1796 οῦν
292 1720 486 1825 ἀναγκαῖον
505 1722 563 1804 διὰ
580 1729 645 1826 τῆς
661 1733 726 1807 τοῦ
744 1723 1051 1810 καταδικάσαντος
1070 1726 1203 1831 φωνῆς,
1222 1718 1264 1803 τὸ
1282 1723 1346 1820 Τῆς

146 1841 300 1946 ἀρχαίας
327 1847 458 1949 ἐκείνης
486 1850 576 1953 ἀρᾶς
602 1848 825 1931 ἀναλύεσθαι
855 1846 980 1953 βάρος,
1008 1852 1246 1955 ἀφαιροῦντος
1278 1844 1347 1951 ἤδη

143 1973 212 2045 τοῦ
178 1971 456 2125 Σωτῆρος
435 1980 537 2073 ημῶν
563 1980 730 2078 Χριστοῦ
756 1976 815 2053 καὶ
844 1977 910 2074 τῆς
938 1973 1084 2074 θηλείας
1111 1969 1153 2052 τδ
1183 1968 1347 2073 δάκρυον,

96 2245 131 2304 ¹5
147 2217 314 2317 Μαριάμ.
353 2220 477 2322 πρώτη
502 2219 574 2327 γάρ
593 2222 682 2323 αῦτη
705 2228 893 2325 γυναικοῖν,
911 2227 963 2329 τῷ
988 2255 1053 2302 του
1036 2220 1285 2322 Σωτῆρος’
1266 2252 1344 2299 επι-

146 2340 395 2445 στυγνάσασα
421 2346 537 2446 πάθει,
556 2353 614 2428 καὶ
642 2345 763 2449 λύπην
791 2354 963 2442 λαβοῦσα
990 2343 1056 2446 τῆν
1084 2346 1137 2426 ἐπ’
1158 2346 1264 2449 αύτῷ,
1283 2346 1378 2443 τῆςο

147 2474 214 2546 τοῦ
230 2467 367 2547 κλαίειν
380 2470 653 2571 ἀνακοπτούσης
665 2471 803 2578 ἠξιώθη
819 2475 953 2577 φωνῆς,
966 2467 1203 2567 διικνουμένης
1218 2473 1348 2567 δηλον-

148 2587 206 2669 ύτι
224 2595 287 2688 τῆς
304 2601 369 2672 τοῦ
396 2594 510 2697 λόγου
528 2593 709 2694 δυνάμεως
726 2599 785 2676 καὶ
803 2600 850 2679 είς
871 2593 968 2675 ἅπαν
987 2591 1030 2673 τῦ
1059 2598 1213 2693 θηλειῶν
1235 2590 1348 2693 γένος,

146 2713 246 2817 εἴπερ
276 2716 512 2819 ε’τταλγύνοιτο
541 2727 614 2802 τοῖς
648 2716 740 2799 κατὰ
768 2724 933 2821 Χριστοῦ
968 2714 1179 2818 τολμήμασι
1206 2712 1274 2815 τῆν
1300 2719 1349 2798 είς

93 2871 132 2910 20
146 2835 259 2919 αὑτὸν
278 2839 466 2941 τιμήσασα
490 2843 626 2942 πίστιν,
646 2845 704 2923 καὶ
728 2843 921 2946 μονονουχὶ
943 2838 986 2922 τὸ
1005 2843 1044 2921 ἐν
1062 2846 1226 2947 ψαλμοῖς
1242 2839 1349 2918 έκεῖνο

146 2961 311 3064 λέγουσα
334 2975 355 3011 “
370 2967 466 3071 Οὐχὶ
492 2964 574 3052 τοῦς
598 2965 795 3066 μισοῦντάς
820 3001 864 3047 σε
885 2965 994 3068 Κύριε
1021 2967 1193 3066 ε’μίσησα,
1212 2967 1269 3044 καὶ
1290 2964 1348 3043 ε’πὶ
1392 2977 1503 3094 {affl

147 3096 169 3134 “
188 3096 264 3171 τοῖς
300 3091 439 3194 ἐχθροῖς
476 3124 547 3170 σου
587 3089 830 3197 ε’ξετηκόμηνς
875 3085 1013 3171 τέλειον
1050 3096 1160 3190 μῖσος
1201 3089 1349 3188 ε’μίσουν
1394 3078 1513 3168 amas

148 3221 172 3258 “
189 3211 328 3310 αύτούς,
353 3219 399 3297 εἰς
425 3212 571 3318 ἐχθρούς
597 3213 760 3317 ἐγένοντό
783 3213 876 3316 μοι.”
977 3237 981 3244 “

163 3385 169 3394 -
203 3337 312 3415 Ἀλλ’
333 3339 353 3416 ὁ
371 3336 436 3437 μὲν
457 3339 587 3440 Κύριος
605 3338 706 3438 ἡμῶν
724 3337 866 3441 Ἰησοῦς
889 3339 909 3417 ὁ
930 3337 1093 3440 Χριστὸς
1118 3347 1182 3418 τοῦ
1208 3343 1389 3442 θρηνεῖνα

92 3493 131 3552 ο5
147 3459 396 3541 ἀπαλλάττων
415 3460 525 3560 αῦτῆν
542 3460 588 3542 τά
606 3461 753 3543 τοιαῦτά
772 3462 935 3568 φησιν,ῆ
956 3461 994 3544 δέ
1011 3469 1084 3542 τῶν
1102 3462 1270 3565 γηπύνων
1289 3459 1351 3542 ἕνα

148 3582 344 3686 νομίζουσα
368 3584 432 3666 τὸν
461 3594 646 3666 λαλοῦντα
673 3584 856 3692 ὑπάρχειν,
892 3587 1145 3686 μετακομίσειν
1182 3587 1222 3664 εῦ
1247 3584 1351 3686 μάλα

150 3708 347 3810 προθύμως
363 3719 426 3790 τοῦ
447 3713 614 3812 Σωτῆρος
637 3708 680 3789 τὸ
707 3712 884 3817 λείψανον
903 3712 960 3816 ἐφ’
981 3709 1119 3814 ἑτέρους
1144 3711 1351 3814 ὑπισχνεῖτο

148 3830 292 3930 τύπους,
312 3839 341 3913 εί
364 3835 615 3938 παραδειχθείη
634 3833 755 3933 μόνον,
775 3833 866 3915 ὅπου
888 3869 955 3938 περ
975 3835 1082 3915 αὐτὸν
1100 3833 1350 3932 μετατέθεικεν.

149 3959 252 4038 ούπω
270 3955 342 4063 γάρ
359 3965 512 4039 συνεῖσα
530 3955 572 4037 τὸ
594 3955 687 4061 μέγα
705 3961 769 4059 τῆς
792 3958 1028 4041 ἀναστάσεως
1045 3956 1255 4058 μυστήριον,
1274 3961 1351 4039 ταῖς

91 4114 133 4172 30
146 4087 196 4165 είς
215 4089 320 4161 τοῦτο
340 4082 539 4166 καλούσαις
558 4082 730 4188 ῦποψίαις
749 4081 938 4178 ἐβάλλετο.
974 4083 1261 4183 δυσμαθείττεραι
1278 4075 1351 4183 γάρ

185 4356 211 4395 2.
227 4337 405 4408 μιημάτιινΕ.
418 4337 607 4409 μνημείανΕδ.
619 4342 666 4394 τοῦ
677 4337 837 4409 μνημείουα.
866 4335 1225 4407 ὃῑοῑίιαάκκικοσμιμίνοςΕ.
1269 4334 1353 4408 5.ε’π-

149 4410 305 4482 ορθωτῆνο.
561 4428 602 4466 10.
621 4409 842 4482 ε’τικρεμμᾶτοΕ.
1093 4425 1135 4464 12.
1154 4408 1210 4463 ἀνοι
1210 4425 1354 4498 ρουντυςα.

152 4483 195 4538 18.
216 4481 253 4537 εἰς
265 4489 436 4550 asumptum
449 4481 528 4536 exE.
737 4497 784 4572 ρο.
803 4479 1060 4567 τιμησοσαΕριὶας
1072 4479 1162 4568 script.
1175 4479 1204 4535 F.
1217 4478 1303 4536 Εά.τι

153 4573 239 4609 oum
253 4549 276 4606 E
290 4569 323 4606 ex
336 4569 404 4608 οοττ.
419 4550 471 4607 Ed.
484 4570 540 4623 mg.
675 4569 719 4606 οι.
737 4549 776 4606 ἴσ.
788 4551 915 4624 λέγουσαι
928 4551 980 4607 Ed.
993 4569 1048 4623 mg.
1065 4550 1182 4622 λεγουσιν
1192 4501 1339 4606 habet

731 4653 788 4713 οι
