3284 5130
746 1112 991 1190 ΚΕΦΑΛΗ
1031 1115 1078 1189 Α.

321 1369 398 1452 Ὀτι
418 1389 494 1452 κατδ
515 1387 610 1471 φύσιν
632 1389 714 1456 Θεός
740 1390 823 1454 ἔστιν
845 1390 862 1452 ὁ
884 1387 967 1467 was,
990 1385 1045 1453 κᾶν
1067 1388 1236 1469 εὑρίσκηται
1258 1382 1294 1450 δι’
1316 1384 1393 1466 ἡμᾶς
1415 1381 1500 1450 Θεδν

686 1519 792 1582 ἑαυτοῦ
814 1515 866 1582 τδν
887 1515 1011 1599 Πατέρα
1033 1520 1143 1581 καλῶν.

313 1757 461 1848 Πορεύου
485 1757 521 1825 δὲ
544 1759 627 1848 πρὸς
647 1759 723 1826 τοὺς
748 1759 915 1849 ἀδελφούς
938 1783 1010 1854 μου,
1029 1757 1083 1826 καὶ
1107 1754 1180 1826 εἰπὲ
1204 1752 1514 1834 αὐτοῖοἈνοβαίνω

364 1883 447 1972 πρὸο
477 1883 534 1951 τὸν
560 1885 692 1976 Πατέρα
720 1908 782 1964 μου
815 1883 865 1952 καὶ
894 1885 1021 1976 πατέρα
1052 1885 1143 1963 ὑμῶν
1171 1883 1225 1950 καί
1252 1881 1337 1952 Θεόν
1365 1904 1427 1959 μου
1460 1877 1545 1952 καῖε

364 2006 448 2075 Θεὸν
475 2008 577 2086 ὑμῶν.

283 2214 302 2260 ⁰
369 2196 435 2274 ΔΓ
456 2195 569 2280 αἰτίας
587 2192 654 2295 μὲν
671 2193 713 2280 ἃς
738 2196 807 2298 ἤδη
832 2197 1063 2301 προείπαμεν,
1080 2195 1145 2275 ούκ
1169 2193 1294 2302 ἐφίησι
1319 2198 1431 2296 θιγεῖν
1450 2196 1514 2292 τῆς

313 2316 440 2396 ἑαυτοῦ
468 2315 605 2418 σαρκὸς
632 2317 747 2397 καίτοι
772 2317 922 2425 σφόδρα
948 2316 1165 2422 διψήσασαν
1183 2315 1311 2395 τούτου
1334 2319 1452 2420 τυχεῖν
1474 2316 1514 2393 ἐκ

313 2437 502 2543 φιλοθεΐας
519 2439 586 2539 τὴν
604 2439 770 2544 Μαριοίμ·
798 2443 980 2540 ἀμείβεται
998 2439 1036 2520 δέ
1052 2443 1118 2541 τῆς
1134 2439 1369 2542 προσεδρείας
1387 2433 1510 2537 αύτὴν,

312 2563 371 2641 καὶ
390 2567 455 2662 τῆς
472 2564 585 2654 οὕτως
603 2563 747 2644 ε’ντόνου
763 2565 922 2647 πίστεως
940 2567 998 2644 καὶ
1016 2559 1160 2666 ἆγοίπης
1180 2565 1334 2643 διπλοῦν
1351 2560 1513 2661 ἀπένειμε
1528 2596 1568 2638 10

312 2683 378 2765 τὸν
394 2684 539 2784 μισθὸν,
558 2689 622 2767 οὐκ
648 2688 811 2791 ἄκαρπον
827 2694 902 2772 τοῖς
924 2687 1193 2788 ἐπιτηδεύουσιν
1213 2681 1420 2771 ἀποδεικνύς
1447 2683 1514 2784 τὴν

312 2814 361 2894 εἰς
379 2809 505 2891 ἑαυτὸν
523 2810 719 2907 εὐσέβειαν.
761 2813 818 2892 καὶ
838 2810 880 2890 τό
906 2845 948 2914 γε
974 2809 1111 2890 τούτων
1129 2809 1180 2890 ἔτι
1197 2807 1457 2913 λαμπρότερον,
1476 2811 1514 2889 ἐν

312 2933 403 3037 αὐτῇ
420 2932 492 3037 γδιρ
511 2937 569 3014 καὶ
585 2935 724 3040 πρώτῃ,
743 2937 837 3040 φημὶ
857 2931 900 3033 δὴ
918 2939 964 3040 τῇ
985 2931 1151 3037 Μαριὰμ,
1170 2933 1319 3032 σύμπαν
1338 2936 1386 3018 ὡς
1404 2938 1514 3013 εἰπεῖν

312 3054 355 3137 τὸ
375 3061 529 3156 θηλειῶν
545 3057 649 3158 γένος
674 3061 775 3161 διττῇ
804 3064 1048 3163 στεφανοῦται
1072 3063 1170 3163 τιμῇ,
1188 3058 1247 3137 καὶ
1265 3063 1338 3137 τῶν
1354 3056 1514 3161 ἀρχαίων

143 3178 608 3284 1087Δ.ιοἰῤῥιοστημαίταιν
638 3181 814 3285 ἐκομίζετο
845 3180 912 3281 τὴν
941 3177 1120 3261 διοίλυσιν.
1165 3180 1291 3284 πρώτη
1321 3179 1391 3284 γὰρ
1420 3182 1513 3261 οὕτω
1530 3217 1568 3278 15

313 3301 542 3406 θρηνῆσασα,
562 3308 620 3385 καὶ
646 3311 720 3386 τών
745 3305 908 3407 δακρύων
932 3304 999 3406 τὴν
1022 3302 1212 3410 πρόφασιν
1231 3312 1405 3399 λαβοῦσα
1423 3310 1513 3407 Χρι-

311 3425 413 3525 στὸν,
441 3428 596 3528 μεθίστη
624 3426 666 3509 τὸ
693 3429 823 3513 πένθος
850 3434 898 3514 εἱς
929 3427 1114 3528 θυμηδίαν,
1141 3426 1193 3528 μὴ
1221 3432 1350 3533 χρῆναι
1378 3427 1514 3509 κλαίειν

311 3550 505 3631 ἀκούσασα
539 3549 640 3654 παρὰ
675 3561 739 3632 τοῦ
772 3555 831 3633 καὶ
862 3550 978 3633 πάλαι
1010 3550 1316 3636 καταδικύιταντος
1347 3553 1406 3632 καὶ
1434 3558 1513 3637 ταῖς

311 3678 375 3775 τῆς
407 3675 525 3774 λύπης
562 3673 705 3780 ἐφόδοις
741 3675 1052 3776 εὐκαταγώνιστον
1084 3673 1347 3781 ἀποφήναντος.
1395 3673 1514 3778 εἴρητο

142 3806 255 3924 960.υῆ
310 3796 383 3903 γάρ
412 3832 483 3879 που
509 3796 600 3901 πρὸς
627 3797 694 3898 τὴν
721 3806 874 3901 γυναῖκα
900 3797 999 3901 παρὰ
1028 3804 1125 3878 Θεοῦ
1144 3809 1165 3846 “
1178 3801 1245 3878 Ἑν
1268 3795 1400 3882 λύπαις
1427 3798 1513 3906 τέξη
1529 3840 1571 3882 ιο

312 3935 333 3971 “
351 3922 488 4004 τέκνα.”
517 3924 602 4002 ἀλλ’
622 3920 747 4026 ὥσπερ
767 3921 878 4023 αὐτὴν
897 3923 1050 4003 ὑπετίθει
1075 3929 1154 4008 ταῖς
1181 3921 1313 4006 λύπαις
1335 3920 1426 4002 κατὰ
1449 3921 1514 4005 τδν

309 4044 530 4151 παράδεισόν
557 4081 656 4143 ποτε,
681 4053 758 4132 ταῖς
787 4054 852 4126 τοῦ
881 4045 998 4153 ὄφεως
1026 4047 1334 4147 διακονησαμενην
1361 4053 1511 4156 φωναῖς,

310 4175 369 4250 καὶ
393 4178 472 4258 ταῖς
496 4177 560 4250 τοῦ
585 4167 762 4266 διαβόλου
787 4170 1014 4273 κακουργίαις
1040 4168 1333 4273 ὑπηρετήσασαν,
1353 4171 1446 4251 οὕτω
1468 4170 1514 4273 δὴ

274 4291 423 4377 οποίλιν
443 4296 481 4373 ε’ν
506 4293 610 4402 κήπῳ
639 4290 775 4374 κελεύει
803 4291 928 4393 μηκέτι
955 4291 1092 4372 κλαίειν
1117 4291 1239 4394 αύτήν.
1277 4293 1450 4375 ἀπολύων
1475 4295 1514 4375 δέ

349 4516 465 4570 1-3om.
478 4503 510 4558 E.
523 4503 552 4558 in
564 4521 621 4576 mg.
633 4513 723 4561 tamen
736 4504 758 4560 α’
772 4502 910 4561 exhibens.
1010 4515 1036 4576 η.
1054 4503 1213 4578 προείπομεν
1225 4503 1259 4562 Ε.
1358 4522 1402 4575 ²4·
1419 4501 1462 4577 δὲ]
1480 4512 1510 4571 †

310 4571 400 4642 ὥσπερ
412 4570 484 4628 haud
497 4574 566 4628 male
579 4592 604 4629 ιι.
