3244 5146
217 345 398 410 CONTRA
420 343 712 409 'DHDODORUM
736 342 874 408 EPISC.
900 342 1033 408 MOPS.
1059 344 1146 408 LIB.
1171 344 1220 406 II.
1266 345 1329 406 533

634 545 814 623 Turonum.

174 689 254 766 Quis
275 700 321 753 eet
342 690 446 771 iyitur
461 689 518 769 qui
532 689 565 751 iu
580 687 685 752 orbem
706 699 869 752 terranem
889 687 1121 764 introducitur,
1137 697 1168 750 et
1182 686 1331 750 domiuu-

128 794 244 857 tiouem
265 793 332 874 uuo
353 793 479 873 incipit,
499 792 539 853 do
560 811 623 872 quo
645 791 676 855 ei
697 803 728 855 et
750 791 890 855 odorari
911 791 954 853 ab
976 790 1101 875 oupelir
1122 788 1333 874 aequiritur?

127 897 197 959 Nee
211 896 295 960 euim
309 896 473 959 insaniora
486 893 608 977 aliquia
622 892 723 971 dieat,
737 895 842 958 Deum
863 894 999 957 Verbum
1019 912 1082 958 ease
1102 892 1331 967 introductum,

94 1022 112 1081 5
128 999 185 1082 qui
206 999 316 1062 omnio
330 1019 394 1062 uon
408 999 556 1061 eutontio
568 997 664 1081 feeit,
678 997 841 1081 ineffabili
857 995 923 1079 ejus
944 997 1062 1060 uirtute
1082 997 1208 1060 dortour
1229 994 1274 1060 eir
1295 1005 1331 1058 ut

128 1113 237 1166 esrem.

583 1217 702 1280 Snucsr
726 1215 872 1282 Cremu.

172 1344 334 1408 Insaniam
356 1345 458 1428 igitur
475 1366 541 1408 esse
556 1344 634 1408 dieis
649 1344 728 1408 velle
748 1365 856 1428 sapere
873 1349 968 1421 reete,
983 1349 1017 1408 et
1035 1344 1068 1407 in
1091 1349 1198 1407 mente
1218 1344 1331 1407 habere

129 1470 235 1512 veram
246 1452 403 1511 etrectam
416 1452 449 1510 et
462 1447 708 1511 inadulteratam
724 1446 844 1510 fidem?
866 1470 939 1511 eum
954 1453 1038 1511 uerte
1052 1447 1160 1529 plenos
1174 1467 1331 1510 sermones

77 1561 116 1600 10
129 1551 267 1614 insaniae
285 1550 370 1614 dieat
389 1549 504 1633 aliquis
523 1571 588 1613 esse
606 1555 639 1613 et
653 1550 744 1614 valde
762 1549 883 1627 merito,
900 1571 952 1614 eos
992 1549 1023 1612 ui
1042 1549 1254 1634 Unigenitum
1270 1547 1330 1612 Dei

129 1653 271 1718 Verbum
291 1653 454 1736 abnegant
473 1652 689 1716 introductum
711 1675 776 1716 esse
790 1675 809 1716 a
824 1651 892 1716 Deo
907 1659 940 1716 et
980 1658 1048 1716 atre
1062 1653 1096 1715 in
1111 1653 1218 1717 orbem
1231 1657 1330 1716 terra·

129 1779 201 1820 rum
215 1779 287 1820 cum
301 1754 405 1819 faetus
419 1761 467 1819 est
481 1755 585 1820 homo.
631 1755 696 1821 Qui
711 1757 796 1820 enim
819 1756 990 1820 secundum
1013 1761 1158 1820 naturam
1178 1762 1211 1820 et
1224 1755 1331 1819 differ-

130 1860 249 1924 entiam
274 1858 344 1922 aliis
367 1858 512 1923 omnibus
541 1859 682 1942 superior
706 1866 766 1938 est,
789 1859 937 1943 quoniam
961 1864 1010 1923 est
1031 1866 1149 1924 creator
1171 1880 1279 1922 eorum
1298 1861 1332 1921 et

130 1967 258 2026 tantum
281 1961 325 2025 eis
347 1960 600 2025 substantialiter
621 1962 761 2045 superior
782 1967 841 2040 est,
862 1961 1076 2046 superpositus
1096 1967 1154 2040 est,
1177 1966 1333 2046 quantum

80 2085 116 2144 15
131 2072 180 2130 est
194 2064 297 2130 minor
312 2064 434 2128 factura
449 2062 578 2143 faetore,
594 2064 754 2148 ingressus
775 2071 824 2130 est
845 2066 879 2129 in
902 2065 1010 2130 orbem
1031 2071 1187 2129 terrarum
1208 2065 1334 2148 quando

131 2167 305 2252 appeDatus
320 2174 453 2250 estpars
468 2168 544 2251 ejus,
560 2169 731 2232 seeundum
745 2169 829 2252 quod
844 2169 939 2233 homo
953 2167 1109 2251 apparuit.

174 2272 222 2334 Er
243 2289 318 2334 ross·
339 2289 454 2333 Pnucn.
508 2268 610 2334 Miror
632 2293 706 2334 vero
727 2270 941 2334 adversarium
963 2271 1121 2354 scripsisse
1144 2270 1228 2354 qnod
1251 2289 1335 2332 nun-

132 2395 226 2457 quam
253 2371 502 2458 cunjunctionem
531 2373 571 2435 ad
597 2371 701 2437 Deum
725 2372 867 2437 Verbum
896 2372 1061 2436 meruisset
1090 2377 1123 2435 et
1139 2372 1241 2448 Jesus,
1272 2369 1336 2433 nisi

132 2477 219 2560 prius
233 2475 452 2540 immaculatus
466 2479 547 2539 esset
561 2474 690 2539 effectus
704 2497 760 2559 per
775 2474 966 2540 unctionem.
1012 2474 1098 2538 Nam
1120 2473 1247 2558 quidem
1269 2471 1335 2556 pri-

79 2604 119 2642 ro
133 2601 220 2642 mum
249 2577 406 2663 disjungit
433 2577 597 2642 manifeste
626 2583 658 2642 et
686 2577 845 2655 discernit,
869 2583 975 2662 aperte
1002 2577 1081 2642 duos
1106 2575 1213 2640 dicens
1243 2575 1334 2640 filios.

133 2682 255 2747 Deinde
269 2681 364 2758 dieat,
379 2683 504 2765 quando
519 2681 600 2745 sieut
613 2680 661 2744 ait
676 2680 897 2744 immaoulatus
912 2681 1040 2745 effeetus
1054 2684 1111 2757 est,
1129 2678 1215 2743 etad
1231 2677 1336 2743 Deum

132 2784 272 2849 Verbum
297 2785 547 2868 conjunctionem
570 2785 696 2862 meruit,
711 2788 820 2846 utrum
840 2805 880 2848 ex
901 2783 969 2868 ipso
990 2789 1089 2860 utero,
1105 2787 1162 2847 aut
1183 2804 1256 2846 eum
1277 2781 1336 2845 tri·

133 2890 246 2953 cesimo
275 2910 358 2952 auno
386 2893 477 2966 esset,
499 2888 646 2971 pervenit
669 2886 796 2972 quidem
818 2889 859 2952 ad
881 2889 1060 2966 Jordanem,
1085 2885 1240 2972 quaesivit
1262 2905 1336 2949 vero

133 2989 229 3056 etiam
244 2990 396 3054 Iohannis
410 2991 612 3073 baptismum.
659 2990 694 3054 Si
709 2990 838 3074 quidem
852 3014 891 3055 ex
905 2996 995 3056 utero
1010 2997 1137 3056 sanetus
1151 2994 1242 3066 esset,
1259 3009 1335 3072 quo·

81 3113 119 3172 25
133 3093 225 3158 modo
255 3092 334 3156 dicit
358 3098 502 3156 sanetum
531 3093 612 3156 effici
637 3114 711 3156 eum
736 3098 770 3157 et
795 3116 858 3158 nou
885 3093 988 3177 magis
1014 3096 1103 3159 esse?
1134 3091 1228 3158 Quod
1251 3090 1336 3155 enim

133 3197 249 3261 dieitur
278 3195 353 3274 fieri,
376 3196 504 3260 omnino
534 3217 655 3260 necesso
685 3201 734 3261 est
762 3195 939 3280 intelligere
965 3195 1049 3280 quod
1075 3218 1139 3259 non
1162 3201 1230 3260 erat
1252 3194 1337 3280 quod

134 3298 253 3364 factum
270 3303 327 3363 est.
374 3297 431 3361 Sin
448 3303 554 3361 autern
575 3303 645 3362 erat
659 3304 785 3362 sanetus
799 3319 932 3382 semper,
948 3303 980 3362 et
995 3295 1054 3360 hoo
1068 3319 1131 3361 non
1146 3297 1180 3360 in
1195 3303 1336 3381 tempore

133 3403 236 3467 fautus
252 3409 309 3480 est,
325 3401 479 3487 quomodo
494 3401 572 3466 dicit
588 3401 741 3487 Spiritum
763 3422 855 3485 super
869 3423 943 3465 eum
957 3398 1127 3478 devolasse,
1143 3405 1175 3464 et
1189 3401 1336 3485 eonjune-

133 3506 219 3570 tione
237 3505 372 3590 dignum
391 3507 494 3589 ipsum
509 3506 750 3583 demonstrasse,
765 3510 799 3568 et
814 3504 970 3569 addidisse
984 3503 1013 3567 ei
1028 3503 1112 3587 quod
1127 3503 1258 3567 deerat?
1292 3503 1337 3567 Et

82 3630 122 3688 30
135 3608 194 3671 hoe
216 3606 299 3672 enim
319 3607 353 3671 iu
367 3607 438 3672 aliis
455 3607 520 3672 suis
535 3608 639 3692 posuit
653 3607 752 3674 libris.
797 3607 885 3671 Quid
906 3606 991 3671 eninr
1012 3611 1089 3682 erat,
1106 3607 1188 3688 quod
1209 3605 1337 3670 omnino

135 3711 175 3773 ad
201 3709 479 3774 sanctificationem
502 3709 608 3774 deerat
638 3711 667 3774 ei
692 3732 732 3773 ex
757 3710 826 3793 ipso
855 3715 955 3786 utero,
980 3709 1083 3793 magis
1107 3729 1181 3772 vero
1207 3712 1240 3771 et
1262 3712 1337 3771 ante

136 3812 306 3878 seeundum
320 3833 445 3876 carnem
464 3811 667 3876 nativitatem
681 3818 789 3876 saneto
805 3815 837 3874 et
852 3809 1053 3875 immaculato
1076 3817 1109 3874 et
1128 3809 1337 3874 sanctificanti

136 3916 335 3981 ereaturam?
379 3915 462 3978 Cum
485 3914 587 3996 igitur
609 3913 705 3993 dicat,
728 3915 812 3997 quod
838 3935 900 3977 non
923 3913 1032 3997 utique
1055 3914 1220 3977 meruisset
1243 3911 1337 3976 Jesus

175 4091 198 4127 1.
216 4071 351 4127 Theodori
364 4071 621 4138 Surius,sooentret
634 4069 670 4134 D,
682 4069 840 4125 Theodorus
852 4069 905 4124 Ed.
1045 4087 1072 4141 3.
1091 4069 1187 4138 accipit
1200 4069 1236 4124 D.
1289 4068 1337 4124 sd·

155 4144 251 4198 uiritur
265 4143 299 4196 D.
408 4156 434 4211 5.
453 4139 663 4213 qui-extantia]
677 4141 805 4212 quonism
817 4141 931 4194 essentia
944 4139 981 4195 D.
1098 4154 1122 4210 7.
1140 4139 1181 4194 lta
1194 4138 1229 4194 D.
1244 4138 1337 4210 cyrilli

137 4161 243 4276 durius,
257 4211 372 4285 (tyrillus
387 4211 437 4266 Ed.
531 4228 572 4278 14.
584 4220 625 4264 est
633 4210 722 4281 prius]
735 4221 762 4265 et
775 4211 810 4274 D,
824 4210 929 4265 Suriur.
1038 4209 1080 4264 16.
1098 4209 1167 4280 ejus]
1184 4214 1212 4273 -Ι-
1227 4227 1286 4264 esse
1298 4209 1337 4265 D.

138 4285 242 4355 aparuit
255 4284 290 4338 D.
488 4282 530 4336 18.
548 4282 748 4336 coniuntionem
761 4281 798 4335 D.
849 4291 875 4335 et
886 4298 935 4336 om.
949 4280 985 4347 D,
998 4286 1016 4311 ‘⁸
1026 4289 1127 4335 veteres
1140 4279 1200 4334 libri
1208 4279 1227 4306 ''
1241 4280 1335 4335 Delus.

141 4370 182 4424 19.
200 4355 317 4424 primum
330 4352 437 4426 quidem
450 4351 653 4406 umerorum
666 4353 701 4415 D,
715 4357 732 4382 ⁸⁴
742 4362 842 4406 veteres
854 4350 914 4406 libri
923 4352 939 4376 ”
955 4352 1048 4405 Balur.
1163 4365 1205 4404 22.
1223 4351 1335 4406 uouiun·

138 4426 237 4478 tionem
252 4424 286 4478 D.
335 4433 426 4478 utrum
439 4439 488 4476 ont.
503 4423 538 4477 D.
656 4438 698 4489 ²4·
718 4421 845 4476 lobannis
859 4422 894 4486 D,
908 4421 1013 4487 Surius,
1026 4421 1139 4477 Josunis
1153 4420 1204 4476 Ed.
1239 4422 1336 4475 Statim

138 4494 269 4566 baptisma
284 4495 319 4548 D.
416 4509 458 4560 ²5·
478 4492 546 4546 effici
558 4491 631 4561 eum]
645 4491 789 4547 efficiemur
803 4492 838 4546 D.
935 4491 976 4546 2⁶.
995 4491 1116 4562 omuino]
1130 4491 1285 4548 omnimodo
1299 4491 1335 4546 D.

141 4581 183 4636 ²⁷·
202 4574 289 4620 etum.
305 4564 339 4619 D.
483 4578 527 4634 29.
545 4572 571 4616 et
583 4563 632 4616 uit.
645 4579 694 4617 om.
709 4562 744 4617 D.
885 4578 928 4632 3¹·
947 4561 984 4634 ei]
998 4571 1024 4618 et
1037 4563 1073 4618 D.
