<?xml version="1.0" encoding="UTF-8"?>
<!DOCTYPE html PUBLIC "-//W3C//DTD XHTML 1.0 Transitional//EN"
    "http://www.w3.org/TR/xhtml1/DTD/xhtml1-transitional.dtd">
<html xmlns="http://www.w3.org/1999/xhtml" xml:lang="en" lang="en">
 <head>
  <title>
</title>
<meta http-equiv="Content-Type" content="text/html;charset=utf-8" />
  <meta name='ocr-system' content='tesseract 3.04.00' />
  <meta name='ocr-capabilities' content='ocr_page ocr_carea ocr_par ocr_line ocrx_word'/>
</head>
<body>
  <div class='ocr_page' id='page_1' title='image "./sanctipatrisnos01pusegoog_0147.png"; bbox 0 0 3284 5130; ppageno 0'>
   <div class='ocr_carea' id='block_1_1' title="bbox 290 334 1490 421">
    <p class='ocr_par' dir='ltr' id='par_1_1' title="bbox 290 334 1490 421">
     <span class='ocr_line' id='line_1_1' title="bbox 290 334 1490 421; baseline 0.003 -24"><span class='ocrx_word' id='word_1_1' title='bbox 290 335 354 398; x_wconf 81' lang='lat'>134</span> <span class='ocrx_word' id='word_1_2' title='bbox 599 335 637 399; x_wconf 92' lang='lat' dir='ltr'>B.</span> <span class='ocrx_word' id='word_1_3' title='bbox 662 334 873 401; x_wconf 82' lang='lat' dir='ltr'>CYRILLI</span> <span class='ocrx_word' id='word_1_4' title='bbox 903 334 1195 400; x_wconf 83' lang='lat' dir='ltr'><strong>ALEXANDR.</strong></span> <span class='ocrx_word' id='word_1_5' title='bbox 1305 357 1359 400; x_wconf 83' lang='lat' dir='ltr'>xx.</span> <span class='ocrx_word' id='word_1_6' title='bbox 1374 353 1490 421; x_wconf 79' lang='lat'>22,23.</span> 
     </span>
    </p>
   </div>
   <div class='ocr_carea' id='block_1_2' title="bbox 118 494 1522 1475">
    <p class='ocr_par' dir='ltr' id='par_1_2' title="bbox 257 494 1492 608">
     <span class='ocr_line' id='line_1_2' title="bbox 257 494 1492 608; baseline 0.004 -30"><span class='ocrx_word' id='word_1_7' title='bbox 257 544 274 586; x_wconf 67' lang='grc' dir='ltr'>θ</span> <span class='ocrx_word' id='word_1_8' title='bbox 286 494 411 601; x_wconf 79' lang='grc' dir='ltr'>χρῆμά</span> <span class='ocrx_word' id='word_1_9' title='bbox 444 500 535 594; x_wconf 83' lang='grc' dir='ltr'>ἐστι,</span> <span class='ocrx_word' id='word_1_10' title='bbox 571 498 727 597; x_wconf 76' lang='grc' dir='ltr'>μάλισθ’</span> <span class='ocrx_word' id='word_1_11' title='bbox 766 500 821 581; x_wconf 86' lang='grc' dir='ltr'>ότι</span> <span class='ocrx_word' id='word_1_12' title='bbox 861 505 919 580; x_wconf 79' lang='grc' dir='ltr'>καὶ</span> <span class='ocrx_word' id='word_1_13' title='bbox 960 498 1066 584; x_wconf 78' lang='grc' dir='ltr'>αὐτὸς</span> <span class='ocrx_word' id='word_1_14' title='bbox 1107 500 1178 608; x_wconf 82' lang='grc' dir='ltr'>ἔφη</span> <span class='ocrx_word' id='word_1_15' title='bbox 1218 535 1289 580; x_wconf 94' lang='grc' dir='ltr'>που</span> <span class='ocrx_word' id='word_1_16' title='bbox 1328 498 1492 602; x_wconf 88' lang='grc' dir='ltr'>Χριστός</span> 
     </span>
    </p>

    <p class='ocr_par' dir='ltr' id='par_1_3' title="bbox 118 619 1491 748">
     <span class='ocr_line' id='line_1_3' title="bbox 118 619 1491 748; baseline 0.001 -47"><span class='ocrx_word' id='word_1_17' title='bbox 118 619 209 748; x_wconf 45' lang='lat' dir='ltr'>{³359ss</span> <span class='ocrx_word' id='word_1_18' title='bbox 288 630 310 668; x_wconf 90' lang='lat'>“</span> <span class='ocrx_word' id='word_1_19' title='bbox 331 623 510 730; x_wconf 81' lang='grc' dir='ltr'>Συμφέρει</span> <span class='ocrx_word' id='word_1_20' title='bbox 538 625 620 721; x_wconf 90' lang='grc' dir='ltr'>ῦμῖυ</span> <span class='ocrx_word' id='word_1_21' title='bbox 646 623 704 704; x_wconf 82' lang='grc' dir='ltr'>ἵνα</span> <span class='ocrx_word' id='word_1_22' title='bbox 731 623 802 727; x_wconf 79' lang='grc' dir='ltr'>ε’γά)</span> <span class='ocrx_word' id='word_1_23' title='bbox 829 623 991 706; x_wconf 88' lang='grc' dir='ltr'>ἀπέλθω·</span> <span class='ocrx_word' id='word_1_24' title='bbox 1031 622 1094 703; x_wconf 87' lang='grc' dir='ltr'>ε’ἀν</span> <span class='ocrx_word' id='word_1_25' title='bbox 1115 623 1187 728; x_wconf 82' lang='grc' dir='ltr'>γάρ</span> <span class='ocrx_word' id='word_1_26' title='bbox 1211 623 1261 723; x_wconf 81' lang='grc' dir='ltr'>μὴ</span> <span class='ocrx_word' id='word_1_27' title='bbox 1286 624 1491 720; x_wconf 88' lang='grc' dir='ltr'>ἀπέλθω,ό</span> 
     </span>
    </p>

    <p class='ocr_par' dir='ltr' id='par_1_4' title="bbox 287 743 1488 853">
     <span class='ocr_line' id='line_1_4' title="bbox 287 743 1488 853; baseline 0.002 -29"><span class='ocrx_word' id='word_1_28' title='bbox 287 755 309 790; x_wconf 92' lang='lat'>“</span> <span class='ocrx_word' id='word_1_29' title='bbox 327 743 562 847; x_wconf 78' lang='grc' dir='ltr'>παράκλητος</span> <span class='ocrx_word' id='word_1_30' title='bbox 591 749 633 826; x_wconf 88' lang='grc' dir='ltr'>οῦ</span> <span class='ocrx_word' id='word_1_31' title='bbox 662 747 713 848; x_wconf 82' lang='grc' dir='ltr'>μὴ</span> <span class='ocrx_word' id='word_1_32' title='bbox 742 745 833 853; x_wconf 68' lang='grc' dir='ltr'>ἔλθη</span> <span class='ocrx_word' id='word_1_33' title='bbox 862 746 953 851; x_wconf 83' lang='grc' dir='ltr'>πρὸς</span> <span class='ocrx_word' id='word_1_34' title='bbox 986 750 1087 846; x_wconf 86' lang='grc' dir='ltr'>ῦμοῖς·</span> <span class='ocrx_word' id='word_1_35' title='bbox 1142 747 1228 828; x_wconf 86' lang='grc' dir='ltr'>όταν</span> <span class='ocrx_word' id='word_1_36' title='bbox 1258 745 1296 826; x_wconf 75' lang='grc' dir='ltr'>δέ</span> <span class='ocrx_word' id='word_1_37' title='bbox 1324 746 1488 843; x_wconf 91' lang='grc' dir='ltr'>ἀπέλθω,</span> 
     </span>
    </p>

    <p class='ocr_par' dir='ltr' id='par_1_5' title="bbox 287 867 1522 1099">
     <span class='ocr_line' id='line_1_5' title="bbox 288 867 1491 976; baseline -0.001 -27"><span class='ocrx_word' id='word_1_38' title='bbox 288 878 309 916; x_wconf 87' lang='grc'><strong>“</strong></span> <span class='ocrx_word' id='word_1_39' title='bbox 327 869 464 976; x_wconf 93' lang='grc' dir='ltr'>πέμψω</span> <span class='ocrx_word' id='word_1_40' title='bbox 490 867 599 951; x_wconf 81' lang='grc' dir='ltr'>αὐτὸν</span> <span class='ocrx_word' id='word_1_41' title='bbox 623 870 714 976; x_wconf 79' lang='grc' dir='ltr'>πρὸς</span> <span class='ocrx_word' id='word_1_42' title='bbox 740 873 860 970; x_wconf 86' lang='grc' dir='ltr'>ῦμᾶς.”</span> <span class='ocrx_word' id='word_1_43' title='bbox 890 874 963 976; x_wconf 83' lang='grc' dir='ltr'>ε’ρεῖ</span> <span class='ocrx_word' id='word_1_44' title='bbox 983 871 1055 975; x_wconf 85' lang='grc' dir='ltr'>γάρ</span> <span class='ocrx_word' id='word_1_45' title='bbox 1080 870 1170 955; x_wconf 86' lang='grc' dir='ltr'>’ίσως</span> <span class='ocrx_word' id='word_1_46' title='bbox 1195 872 1215 950; x_wconf 86' lang='grc' dir='ltr'><strong>ὁ</strong></span> <span class='ocrx_word' id='word_1_47' title='bbox 1238 873 1352 950; x_wconf 82' lang='grc' dir='ltr'>ἐκεῖνα</span> <span class='ocrx_word' id='word_1_48' title='bbox 1377 869 1491 974; x_wconf 76' lang='grc' dir='ltr'>ζητεῖν</span> 
     </span>
     <span class='ocr_line' id='line_1_6' title="bbox 287 992 1522 1099; baseline -0.001 -25"><span class='ocrx_word' id='word_1_49' title='bbox 287 996 533 1093; x_wconf 77' lang='grc' dir='ltr'>Ψευδομυθεῖν</span> <span class='ocrx_word' id='word_1_50' title='bbox 561 997 625 1077; x_wconf 89' lang='grc' dir='ltr'>οῦκ</span> <span class='ocrx_word' id='word_1_51' title='bbox 653 992 746 1077; x_wconf 86' lang='grc' dir='ltr'>οἶδεν</span> <span class='ocrx_word' id='word_1_52' title='bbox 774 997 795 1097; x_wconf 82' lang='grc' dir='ltr'><strong><em>ἡ</em></strong></span> <span class='ocrx_word' id='word_1_53' title='bbox 825 994 987 1098; x_wconf 78' lang='grc' dir='ltr'>ἀλήθεια,</span> <span class='ocrx_word' id='word_1_54' title='bbox 1016 993 1181 1076; x_wconf 77' lang='grc' dir='ltr'>τουτέστι</span> <span class='ocrx_word' id='word_1_55' title='bbox 1210 995 1382 1099; x_wconf 90' lang='grc' dir='ltr'>Χριστός·</span> <span class='ocrx_word' id='word_1_56' title='bbox 1431 993 1522 1090; x_wconf 80' lang='grc' dir='ltr'>ότε5</span> 
     </span>
    </p>

    <p class='ocr_par' dir='ltr' id='par_1_6' title="bbox 287 1116 1490 1226">
     <span class='ocr_line' id='line_1_7' title="bbox 287 1116 1490 1226; baseline -0.001 -28"><span class='ocrx_word' id='word_1_57' title='bbox 287 1119 406 1199; x_wconf 83' lang='grc' dir='ltr'>τοίνυν</span> <span class='ocrx_word' id='word_1_58' title='bbox 433 1117 503 1225; x_wconf 81' lang='grc' dir='ltr'>ἔφη</span> <span class='ocrx_word' id='word_1_59' title='bbox 532 1127 676 1226; x_wconf 81' lang='grc' dir='ltr'>σαψῶς,</span> <span class='ocrx_word' id='word_1_60' title='bbox 707 1123 755 1204; x_wconf 85' lang='grc' dir='ltr'>ὡς</span> <span class='ocrx_word' id='word_1_61' title='bbox 785 1122 849 1200; x_wconf 91' lang='grc' dir='ltr'>οῦκ</span> <span class='ocrx_word' id='word_1_62' title='bbox 879 1119 923 1200; x_wconf 88' lang='grc' dir='ltr'>ἀν</span> <span class='ocrx_word' id='word_1_63' title='bbox 951 1116 1052 1201; x_wconf 80' lang='grc' dir='ltr'>’ἔλθοι</span> <span class='ocrx_word' id='word_1_64' title='bbox 1079 1117 1170 1221; x_wconf 80' lang='grc' dir='ltr'>πρὸς</span> <span class='ocrx_word' id='word_1_65' title='bbox 1198 1121 1287 1218; x_wconf 87' lang='grc' dir='ltr'>ύμοῖς</span> <span class='ocrx_word' id='word_1_66' title='bbox 1315 1120 1335 1198; x_wconf 85' lang='grc' dir='ltr'>ὁ</span> <span class='ocrx_word' id='word_1_67' title='bbox 1364 1116 1490 1220; x_wconf 85' lang='grc' dir='ltr'>Παρό-</span> 
     </span>
    </p>

    <p class='ocr_par' dir='ltr' id='par_1_7' title="bbox 288 1240 1490 1351">
     <span class='ocr_line' id='line_1_8' title="bbox 288 1240 1490 1351; baseline -0.002 -29"><span class='ocrx_word' id='word_1_68' title='bbox 288 1252 431 1343; x_wconf 90' lang='grc' dir='ltr'>κλητος,</span> <span class='ocrx_word' id='word_1_69' title='bbox 450 1245 514 1324; x_wconf 90' lang='grc' dir='ltr'>οῦκ</span> <span class='ocrx_word' id='word_1_70' title='bbox 533 1243 803 1351; x_wconf 84' lang='grc' dir='ltr'>ἀναληφθέντος</span> <span class='ocrx_word' id='word_1_71' title='bbox 826 1245 934 1325; x_wconf 81' lang='grc' dir='ltr'>αὐτοῦ</span> <span class='ocrx_word' id='word_1_72' title='bbox 957 1240 1048 1347; x_wconf 78' lang='grc' dir='ltr'>πρὸς</span> <span class='ocrx_word' id='word_1_73' title='bbox 1072 1241 1136 1324; x_wconf 86' lang='grc' dir='ltr'>τὸν</span> <span class='ocrx_word' id='word_1_74' title='bbox 1157 1244 1314 1346; x_wconf 90' lang='grc' dir='ltr'>Πατέρα,</span> <span class='ocrx_word' id='word_1_75' title='bbox 1332 1241 1490 1346; x_wconf 75' lang='grc' dir='ltr'>πέμψειν</span> 
     </span>
    </p>

    <p class='ocr_par' dir='ltr' id='par_1_8' title="bbox 288 1364 1490 1475">
     <span class='ocr_line' id='line_1_9' title="bbox 288 1364 1490 1475; baseline 0.004 -29"><span class='ocrx_word' id='word_1_76' title='bbox 288 1364 327 1447; x_wconf 78' lang='grc' dir='ltr'>δὲ</span> <span class='ocrx_word' id='word_1_77' title='bbox 354 1366 435 1448; x_wconf 91' lang='grc' dir='ltr'>τότε</span> <span class='ocrx_word' id='word_1_78' title='bbox 464 1371 522 1448; x_wconf 78' lang='grc' dir='ltr'>καὶ</span> <span class='ocrx_word' id='word_1_79' title='bbox 551 1369 746 1472; x_wconf 73' lang='grc' dir='ltr'>ἀραρότως,</span> <span class='ocrx_word' id='word_1_80' title='bbox 775 1368 861 1448; x_wconf 83' lang='grc' dir='ltr'>ὅταν</span> <span class='ocrx_word' id='word_1_81' title='bbox 890 1368 964 1449; x_wconf 89' lang='grc' dir='ltr'>ἀνω</span> <span class='ocrx_word' id='word_1_82' title='bbox 994 1368 1137 1472; x_wconf 89' lang='grc' dir='ltr'>γένηται</span> <span class='ocrx_word' id='word_1_83' title='bbox 1165 1369 1248 1471; x_wconf 79' lang='grc' dir='ltr'>παρ’</span> <span class='ocrx_word' id='word_1_84' title='bbox 1278 1369 1384 1475; x_wconf 76' lang='grc' dir='ltr'>αύτῷ,</span> <span class='ocrx_word' id='word_1_85' title='bbox 1412 1373 1490 1451; x_wconf 85' lang='grc' dir='ltr'>πιῦς</span> 
     </span>
    </p>
   </div>
   <div class='ocr_carea' id='block_1_3' title="bbox 120 1490 1543 1973">
    <p class='ocr_par' dir='ltr' id='par_1_9' title="bbox 120 1490 1543 1724">
     <span class='ocr_line' id='line_1_10' title="bbox 289 1490 1490 1594; baseline -0.002 -22"><span class='ocrx_word' id='word_1_86' title='bbox 289 1494 488 1594; x_wconf 81' lang='grc' dir='ltr'>εὑρίσκεται</span> <span class='ocrx_word' id='word_1_87' title='bbox 505 1490 548 1574; x_wconf 84' lang='grc' dir='ltr'>τό</span> <span class='ocrx_word' id='word_1_88' title='bbox 568 1499 719 1590; x_wconf 84' lang='grc' dir='ltr'>Πνεῦμα</span> <span class='ocrx_word' id='word_1_89' title='bbox 742 1492 869 1590; x_wconf 80' lang='grc' dir='ltr'>διδοὺς,</span> <span class='ocrx_word' id='word_1_90' title='bbox 890 1494 1002 1573; x_wconf 90' lang='grc' dir='ltr'>καίτοι</span> <span class='ocrx_word' id='word_1_91' title='bbox 1027 1492 1092 1592; x_wconf 83' lang='grc' dir='ltr'>τὴν</span> <span class='ocrx_word' id='word_1_92' title='bbox 1110 1495 1269 1573; x_wconf 81' lang='grc' dir='ltr'>ἐντεῦθεν</span> <span class='ocrx_word' id='word_1_93' title='bbox 1287 1493 1490 1591; x_wconf 80' lang='grc' dir='ltr'>ἀποδημίαν</span> 
     </span>
     <span class='ocr_line' id='line_1_11' title="bbox 120 1612 1543 1724; baseline 0.001 -27"><span class='ocrx_word' id='word_1_94' title='bbox 120 1616 389 1698; x_wconf 57' lang='grc' dir='ltr'>Ιουταυούπω</span> <span class='ocrx_word' id='word_1_95' title='bbox 415 1615 671 1717; x_wconf 86' lang='grc' dir='ltr'>στειλόμενος;</span> <span class='ocrx_word' id='word_1_96' title='bbox 701 1616 801 1717; x_wconf 83' lang='grc' dir='ltr'>πλὴν</span> <span class='ocrx_word' id='word_1_97' title='bbox 819 1623 849 1696; x_wconf 82' lang='grc' dir='ltr'>εί</span> <span class='ocrx_word' id='word_1_98' title='bbox 874 1620 932 1697; x_wconf 83' lang='grc' dir='ltr'>καὶ</span> <span class='ocrx_word' id='word_1_99' title='bbox 957 1616 1041 1696; x_wconf 92' lang='grc' dir='ltr'>λίαν</span> <span class='ocrx_word' id='word_1_100' title='bbox 1059 1614 1268 1724; x_wconf 78' lang='grc' dir='ltr'>ἀσυμφανές</span> <span class='ocrx_word' id='word_1_101' title='bbox 1293 1612 1335 1695; x_wconf 82' lang='grc' dir='ltr'>τὸ</span> <span class='ocrx_word' id='word_1_102' title='bbox 1361 1612 1483 1717; x_wconf 81' lang='grc' dir='ltr'>ζητού·</span> <span class='ocrx_word' id='word_1_103' title='bbox 1504 1657 1543 1699; x_wconf 90' lang='lat'>10</span> 
     </span>
    </p>

    <p class='ocr_par' dir='ltr' id='par_1_10' title="bbox 288 1740 1489 1847">
     <span class='ocr_line' id='line_1_12' title="bbox 288 1740 1489 1847; baseline -0.002 -27"><span class='ocrx_word' id='word_1_104' title='bbox 288 1774 396 1837; x_wconf 92' lang='grc' dir='ltr'>μενον</span> <span class='ocrx_word' id='word_1_105' title='bbox 424 1745 483 1820; x_wconf 83' lang='grc' dir='ltr'>καῖ</span> <span class='ocrx_word' id='word_1_106' title='bbox 510 1740 728 1844; x_wconf 78' lang='grc' dir='ltr'>περισκελὴς</span> <span class='ocrx_word' id='word_1_107' title='bbox 759 1744 780 1820; x_wconf 91' lang='grc' dir='ltr'>ό</span> <span class='ocrx_word' id='word_1_108' title='bbox 813 1741 936 1844; x_wconf 90' lang='grc' dir='ltr'>λόγος,</span> <span class='ocrx_word' id='word_1_109' title='bbox 964 1741 1157 1847; x_wconf 84' lang='grc' dir='ltr'>ε’κταράξαι</span> <span class='ocrx_word' id='word_1_110' title='bbox 1184 1775 1221 1820; x_wconf 93' lang='grc' dir='ltr'>τε</span> <span class='ocrx_word' id='word_1_111' title='bbox 1252 1743 1310 1820; x_wconf 74' lang='grc' dir='ltr'>καὶ</span> <span class='ocrx_word' id='word_1_112' title='bbox 1340 1741 1489 1845; x_wconf 85' lang='grc' dir='ltr'>σφόδρα</span> 
     </span>
    </p>

    <p class='ocr_par' dir='ltr' id='par_1_11' title="bbox 289 1861 1489 1973">
     <span class='ocr_line' id='line_1_13' title="bbox 289 1861 1489 1973; baseline 0 -30"><span class='ocrx_word' id='word_1_113' title='bbox 289 1861 418 1959; x_wconf 77' lang='grc' dir='ltr'>ἱκανός,</span> <span class='ocrx_word' id='word_1_114' title='bbox 437 1867 523 1944; x_wconf 87' lang='grc' dir='ltr'>ἀλλ’</span> <span class='ocrx_word' id='word_1_115' title='bbox 543 1866 613 1970; x_wconf 86' lang='grc' dir='ltr'>έχει</span> <span class='ocrx_word' id='word_1_116' title='bbox 641 1865 707 1967; x_wconf 81' lang='grc' dir='ltr'>τὴν</span> <span class='ocrx_word' id='word_1_117' title='bbox 725 1864 835 1946; x_wconf 90' lang='grc' dir='ltr'>λύσιν</span> <span class='ocrx_word' id='word_1_118' title='bbox 852 1864 918 1965; x_wconf 82' lang='grc' dir='ltr'>τὴν</span> <span class='ocrx_word' id='word_1_119' title='bbox 941 1867 1037 1973; x_wconf 75' lang='grc' dir='ltr'>αὐτῷ</span> <span class='ocrx_word' id='word_1_120' title='bbox 1064 1863 1381 1969; x_wconf 81' lang='grc' dir='ltr'>πρεπωδεστάτην,</span> <span class='ocrx_word' id='word_1_121' title='bbox 1402 1863 1489 1944; x_wconf 84' lang='grc' dir='ltr'>ὅταν</span> 
     </span>
    </p>
   </div>
   <div class='ocr_carea' id='block_1_4' title="bbox 117 1986 1544 4518">
    <p class='ocr_par' dir='ltr' id='par_1_12' title="bbox 117 1986 1544 4518">
     <span class='ocr_line' id='line_1_14' title="bbox 287 1986 1487 2094; baseline 0 -26"><span class='ocrx_word' id='word_1_122' title='bbox 287 1986 338 2088; x_wconf 82' lang='grc' dir='ltr'>μὴ</span> <span class='ocrx_word' id='word_1_123' title='bbox 365 1994 438 2068; x_wconf 82' lang='grc' dir='ltr'>τῶν</span> <span class='ocrx_word' id='word_1_124' title='bbox 463 1990 544 2069; x_wconf 86' lang='grc' dir='ltr'>καθ’</span> <span class='ocrx_word' id='word_1_125' title='bbox 565 1991 658 2089; x_wconf 83' lang='grc' dir='ltr'>ἡμᾶς</span> <span class='ocrx_word' id='word_1_126' title='bbox 686 1990 858 2094; x_wconf 87' lang='grc' dir='ltr'>ῦπάρχειν</span> <span class='ocrx_word' id='word_1_127' title='bbox 885 1990 947 2069; x_wconf 81' lang='grc' dir='ltr'>ἕνα</span> <span class='ocrx_word' id='word_1_128' title='bbox 973 1989 1200 2087; x_wconf 79' lang='grc' dir='ltr'>πιστεύωμεν</span> <span class='ocrx_word' id='word_1_129' title='bbox 1227 1986 1291 2068; x_wconf 80' lang='grc' dir='ltr'>τόν</span> <span class='ocrx_word' id='word_1_130' title='bbox 1311 1989 1487 2093; x_wconf 83' lang='grc' dir='ltr'>Χριστὸν,</span> 
     </span>
     <span class='ocr_line' id='line_1_15' title="bbox 289 2110 1489 2221; baseline 0 -29"><span class='ocrx_word' id='word_1_131' title='bbox 289 2110 385 2193; x_wconf 85' lang='grc' dir='ltr'>Θεδν</span> <span class='ocrx_word' id='word_1_132' title='bbox 404 2112 442 2194; x_wconf 78' lang='grc' dir='ltr'>δὲ</span> <span class='ocrx_word' id='word_1_133' title='bbox 459 2120 606 2213; x_wconf 79' lang='grc' dir='ltr'>μᾶλλον</span> <span class='ocrx_word' id='word_1_134' title='bbox 625 2117 673 2198; x_wconf 84' lang='grc' dir='ltr'>ὡς</span> <span class='ocrx_word' id='word_1_135' title='bbox 699 2117 738 2194; x_wconf 76' lang='grc' dir='ltr'>εἰς</span> <span class='ocrx_word' id='word_1_136' title='bbox 757 2119 853 2194; x_wconf 82' lang='grc' dir='ltr'>Θεοῦ</span> <span class='ocrx_word' id='word_1_137' title='bbox 879 2115 937 2193; x_wconf 82' lang='grc' dir='ltr'>καὶ</span> <span class='ocrx_word' id='word_1_138' title='bbox 962 2120 1035 2194; x_wconf 81' lang='grc' dir='ltr'>τῶν</span> <span class='ocrx_word' id='word_1_139' title='bbox 1053 2114 1150 2193; x_wconf 79' lang='grc' dir='ltr'>ἰδίων</span> <span class='ocrx_word' id='word_1_140' title='bbox 1169 2110 1489 2221; x_wconf 78' lang='grc' dir='ltr'>κατεξουσιάζοντα</span> 
     </span>
     <span class='ocr_line' id='line_1_16' title="bbox 289 2234 1542 2343; baseline -0.002 -29"><span class='ocrx_word' id='word_1_141' title='bbox 289 2234 412 2338; x_wconf 89' lang='grc' dir='ltr'>λόγων</span> <span class='ocrx_word' id='word_1_142' title='bbox 429 2236 488 2317; x_wconf 88' lang='grc' dir='ltr'>διά</span> <span class='ocrx_word' id='word_1_143' title='bbox 507 2236 572 2337; x_wconf 79' lang='grc' dir='ltr'>τὴν</span> <span class='ocrx_word' id='word_1_144' title='bbox 590 2245 663 2322; x_wconf 89' lang='grc' dir='ltr'>τοῖς</span> <span class='ocrx_word' id='word_1_145' title='bbox 682 2238 874 2343; x_wconf 82' lang='grc' dir='ltr'>πράγμασι</span> <span class='ocrx_word' id='word_1_146' title='bbox 893 2237 1198 2340; x_wconf 81' lang='grc' dir='ltr'>πρεπωδεστάτην</span> <span class='ocrx_word' id='word_1_147' title='bbox 1216 2239 1428 2337; x_wconf 75' lang='grc' dir='ltr'>οἰκονομίαν.</span> <span class='ocrx_word' id='word_1_148' title='bbox 1503 2270 1542 2328; x_wconf 90' lang='lat'>15</span> 
     </span>
     <span class='ocr_line' id='line_1_17' title="bbox 253 2359 1488 2469; baseline -0.001 -26"><span class='ocrx_word' id='word_1_149' title='bbox 253 2377 275 2443; x_wconf 93' lang='lat' dir='ltr'>b</span> <span class='ocrx_word' id='word_1_150' title='bbox 345 2361 614 2466; x_wconf 87' lang='grc' dir='ltr'>Ἐπηγγείλατο</span> <span class='ocrx_word' id='word_1_151' title='bbox 634 2360 791 2466; x_wconf 74' lang='grc' dir='ltr'>μὲνγὰρ</span> <span class='ocrx_word' id='word_1_152' title='bbox 814 2359 1063 2467; x_wconf 76' lang='grc' dir='ltr'>καταπέμψειν</span> <span class='ocrx_word' id='word_1_153' title='bbox 1080 2362 1163 2461; x_wconf 87' lang='grc' dir='ltr'>ἡμῖν</span> <span class='ocrx_word' id='word_1_154' title='bbox 1182 2361 1226 2469; x_wconf 81' lang='grc' dir='ltr'>ἐξ</span> <span class='ocrx_word' id='word_1_155' title='bbox 1250 2363 1399 2464; x_wconf 90' lang='grc' dir='ltr'>ούρανοῦ</span> <span class='ocrx_word' id='word_1_156' title='bbox 1423 2362 1488 2443; x_wconf 83' lang='grc' dir='ltr'>τὸν</span> 
     </span>
     <span class='ocr_line' id='line_1_18' title="bbox 290 2483 1488 2592; baseline 0.003 -27"><span class='ocrx_word' id='word_1_157' title='bbox 290 2484 545 2588; x_wconf 83' lang='grc' dir='ltr'>Παρόκλητον,</span> <span class='ocrx_word' id='word_1_158' title='bbox 564 2485 650 2566; x_wconf 86' lang='grc' dir='ltr'>όταν</span> <span class='ocrx_word' id='word_1_159' title='bbox 670 2485 745 2566; x_wconf 83' lang='grc' dir='ltr'>ἀνω</span> <span class='ocrx_word' id='word_1_160' title='bbox 770 2485 915 2588; x_wconf 87' lang='grc' dir='ltr'>γένηται</span> <span class='ocrx_word' id='word_1_161' title='bbox 939 2483 1039 2588; x_wconf 88' lang='grc' dir='ltr'>παρά</span> <span class='ocrx_word' id='word_1_162' title='bbox 1064 2491 1115 2592; x_wconf 79' lang='grc' dir='ltr'>τῷ</span> <span class='ocrx_word' id='word_1_163' title='bbox 1132 2490 1215 2592; x_wconf 79' lang='grc' dir='ltr'>Θεῷ</span> <span class='ocrx_word' id='word_1_164' title='bbox 1239 2488 1297 2565; x_wconf 80' lang='grc' dir='ltr'>καὶ</span> <span class='ocrx_word' id='word_1_165' title='bbox 1318 2485 1488 2589; x_wconf 80' lang='grc' dir='ltr'>Πατρὶ,δ</span> 
     </span>
     <span class='ocr_line' id='line_1_19' title="bbox 286 2606 1489 2716; baseline 0.003 -29"><span class='ocrx_word' id='word_1_166' title='bbox 286 2606 330 2709; x_wconf 82' lang='grc' dir='ltr'>δὴ</span> <span class='ocrx_word' id='word_1_167' title='bbox 349 2613 408 2689; x_wconf 84' lang='grc' dir='ltr'>καὶ</span> <span class='ocrx_word' id='word_1_168' title='bbox 427 2609 611 2716; x_wconf 91' lang='grc' dir='ltr'>πέπραχεν</span> <span class='ocrx_word' id='word_1_169' title='bbox 629 2608 871 2711; x_wconf 78' lang='grc' dir='ltr'>ἀποδημήσας</span> <span class='ocrx_word' id='word_1_170' title='bbox 888 2608 979 2713; x_wconf 72' lang='grc' dir='ltr'>πρὸς</span> <span class='ocrx_word' id='word_1_171' title='bbox 998 2608 1061 2690; x_wconf 84' lang='grc' dir='ltr'>τὸν</span> <span class='ocrx_word' id='word_1_172' title='bbox 1081 2609 1239 2712; x_wconf 83' lang='grc' dir='ltr'>Πατέρα,</span> <span class='ocrx_word' id='word_1_173' title='bbox 1259 2613 1317 2690; x_wconf 82' lang='grc' dir='ltr'>καὶ</span> <span class='ocrx_word' id='word_1_174' title='bbox 1335 2615 1489 2714; x_wconf 90' lang='grc' dir='ltr'>δαψιλε-</span> 
     </span>
     <span class='ocr_line' id='line_1_20' title="bbox 285 2731 1489 2838; baseline 0.002 -24"><span class='ocrx_word' id='word_1_175' title='bbox 285 2731 425 2834; x_wconf 87' lang='grc' dir='ltr'>στάτην</span> <span class='ocrx_word' id='word_1_176' title='bbox 456 2741 531 2820; x_wconf 89' lang='grc' dir='ltr'>τοῖς</span> <span class='ocrx_word' id='word_1_177' title='bbox 564 2734 754 2816; x_wconf 83' lang='grc' dir='ltr'>ἐθέλουσιν</span> <span class='ocrx_word' id='word_1_178' title='bbox 787 2737 882 2814; x_wconf 80' lang='grc' dir='ltr'>ἑλεῖν</span> <span class='ocrx_word' id='word_1_179' title='bbox 910 2733 975 2834; x_wconf 76' lang='grc' dir='ltr'>τὴν</span> <span class='ocrx_word' id='word_1_180' title='bbox 1005 2741 1070 2813; x_wconf 90' lang='grc' dir='ltr'>τοῦ</span> <span class='ocrx_word' id='word_1_181' title='bbox 1103 2733 1312 2829; x_wconf 90' lang='grc' dir='ltr'>Πνεύματος</span> <span class='ocrx_word' id='word_1_182' title='bbox 1341 2732 1489 2838; x_wconf 77' lang='grc' dir='ltr'>ἔκχυσιν</span> 
     </span>
     <span class='ocr_line' id='line_1_21' title="bbox 285 2855 1544 2958; baseline 0.009 -22"><span class='ocrx_word' id='word_1_183' title='bbox 285 2856 438 2941; x_wconf 82' lang='grc' dir='ltr'>ἐπιδούς·</span> <span class='ocrx_word' id='word_1_184' title='bbox 479 2856 556 2937; x_wconf 79' lang='grc' dir='ltr'>’έλοι</span> <span class='ocrx_word' id='word_1_185' title='bbox 582 2860 615 2938; x_wconf 89' lang='grc' dir='ltr'>δ’</span> <span class='ocrx_word' id='word_1_186' title='bbox 637 2858 681 2938; x_wconf 88' lang='grc' dir='ltr'>ἀν</span> <span class='ocrx_word' id='word_1_187' title='bbox 700 2893 755 2943; x_wconf 92' lang='grc' dir='ltr'>τις</span> <span class='ocrx_word' id='word_1_188' title='bbox 780 2857 868 2938; x_wconf 80' lang='grc' dir='ltr'>αὐτὸ</span> <span class='ocrx_word' id='word_1_189' title='bbox 896 2855 954 2937; x_wconf 82' lang='grc' dir='ltr'>διὰ</span> <span class='ocrx_word' id='word_1_190' title='bbox 979 2858 1137 2941; x_wconf 87' lang='grc' dir='ltr'>πίστεως</span> <span class='ocrx_word' id='word_1_191' title='bbox 1158 2856 1324 2957; x_wconf 89' lang='grc' dir='ltr'>δηλονότι</span> <span class='ocrx_word' id='word_1_192' title='bbox 1351 2863 1414 2958; x_wconf 82' lang='grc' dir='ltr'>τῆς</span> <span class='ocrx_word' id='word_1_193' title='bbox 1439 2865 1487 2945; x_wconf 86' lang='grc' dir='ltr'>εῖς</span> <span class='ocrx_word' id='word_1_194' title='bbox 1502 2905 1544 2947; x_wconf 76' lang='grc' dir='ltr'>ιο</span> 
     </span>
     <span class='ocr_line' id='line_1_22' title="bbox 286 2979 1487 3084; baseline 0.005 -26"><span class='ocrx_word' id='word_1_195' title='bbox 286 2979 404 3076; x_wconf 78' lang='grc' dir='ltr'>αὐτὸν,</span> <span class='ocrx_word' id='word_1_196' title='bbox 429 2985 487 3061; x_wconf 77' lang='grc' dir='ltr'>καὶ</span> <span class='ocrx_word' id='word_1_197' title='bbox 514 2990 578 3062; x_wconf 92' lang='grc' dir='ltr'>τοῦ</span> <span class='ocrx_word' id='word_1_198' title='bbox 607 2983 711 3083; x_wconf 84' lang='grc' dir='ltr'>ἁγίου</span> <span class='ocrx_word' id='word_1_199' title='bbox 738 2981 1004 3081; x_wconf 82' lang='grc' dir='ltr'>βαπτίσματος·</span> <span class='ocrx_word' id='word_1_200' title='bbox 1043 2983 1244 3084; x_wconf 80' lang='grc' dir='ltr'>ἐπληροῦτο</span> <span class='ocrx_word' id='word_1_201' title='bbox 1272 2981 1311 3062; x_wconf 75' lang='grc' dir='ltr'>δὲ</span> <span class='ocrx_word' id='word_1_202' title='bbox 1337 2983 1418 3064; x_wconf 90' lang='grc' dir='ltr'>τότε</span> <span class='ocrx_word' id='word_1_203' title='bbox 1445 2984 1487 3064; x_wconf 83' lang='grc' dir='ltr'>τὸ</span> 
     </span>
     <span class='ocr_line' id='line_1_23' title="bbox 287 3101 1489 3215; baseline 0.004 -33"><span class='ocrx_word' id='word_1_204' title='bbox 287 3101 347 3183; x_wconf 84' lang='grc' dir='ltr'>διά</span> <span class='ocrx_word' id='word_1_205' title='bbox 363 3108 427 3202; x_wconf 75' lang='grc' dir='ltr'>τῆς</span> <span class='ocrx_word' id='word_1_206' title='bbox 444 3114 509 3185; x_wconf 92' lang='grc' dir='ltr'>τοῦ</span> <span class='ocrx_word' id='word_1_207' title='bbox 526 3103 717 3210; x_wconf 84' lang='grc' dir='ltr'>προφήτου</span> <span class='ocrx_word' id='word_1_208' title='bbox 736 3111 860 3215; x_wconf 75' lang='grc' dir='ltr'>φωνῆς</span> <span class='ocrx_word' id='word_1_209' title='bbox 878 3108 1073 3210; x_wconf 80' lang='grc' dir='ltr'>εἰρημένον,</span> <span class='ocrx_word' id='word_1_210' title='bbox 1095 3109 1150 3185; x_wconf 79' lang='grc' dir='ltr'>ὅτι</span> <span class='ocrx_word' id='word_1_211' title='bbox 1168 3116 1190 3152; x_wconf 87' lang='grc'><strong>“</strong></span> <span class='ocrx_word' id='word_1_212' title='bbox 1204 3107 1315 3210; x_wconf 83' lang='grc' dir='ltr'>ε’κχεῶ</span> <span class='ocrx_word' id='word_1_213' title='bbox 1334 3107 1406 3186; x_wconf 86' lang='grc' dir='ltr'>ἀπὸ</span> <span class='ocrx_word' id='word_1_214' title='bbox 1424 3116 1489 3187; x_wconf 91' lang='grc' dir='ltr'>τοῦ</span> 
     </span>
     <span class='ocr_line' id='line_1_24' title="bbox 287 3226 1488 3335; baseline 0.003 -28"><span class='ocrx_word' id='word_1_215' title='bbox 287 3237 309 3274; x_wconf 87' lang='grc'><strong>“</strong></span> <span class='ocrx_word' id='word_1_216' title='bbox 328 3226 537 3326; x_wconf 83' lang='grc' dir='ltr'>Πνεῦματός</span> <span class='ocrx_word' id='word_1_217' title='bbox 563 3262 634 3328; x_wconf 91' lang='grc' dir='ltr'>μου</span> <span class='ocrx_word' id='word_1_218' title='bbox 661 3233 718 3311; x_wconf 81' lang='grc' dir='ltr'>ε’πὶ</span> <span class='ocrx_word' id='word_1_219' title='bbox 746 3241 871 3312; x_wconf 82' lang='grc' dir='ltr'>πᾶσαν</span> <span class='ocrx_word' id='word_1_220' title='bbox 896 3231 1054 3335; x_wconf 86' lang='grc' dir='ltr'>σόρκα.”</span> <span class='ocrx_word' id='word_1_221' title='bbox 1084 3231 1169 3310; x_wconf 89' lang='grc' dir='ltr'>ἀλλ’</span> <span class='ocrx_word' id='word_1_222' title='bbox 1189 3229 1256 3310; x_wconf 83' lang='grc' dir='ltr'>ἔδει</span> <span class='ocrx_word' id='word_1_223' title='bbox 1284 3239 1348 3311; x_wconf 90' lang='grc' dir='ltr'>τοῦ</span> <span class='ocrx_word' id='word_1_224' title='bbox 1373 3232 1488 3312; x_wconf 87' lang='grc' dir='ltr'>Πνεύ-</span> 
     </span>
     <span class='ocr_line' id='line_1_25' title="bbox 287 3349 1487 3463; baseline 0.005 -34"><span class='ocrx_word' id='word_1_225' title='bbox 287 3384 400 3450; x_wconf 91' lang='grc' dir='ltr'>ματος</span> <span class='ocrx_word' id='word_1_226' title='bbox 418 3349 575 3455; x_wconf 82' lang='grc' dir='ltr'>χορηγόν</span> <span class='ocrx_word' id='word_1_227' title='bbox 590 3355 648 3433; x_wconf 85' lang='grc' dir='ltr'>καὶ</span> <span class='ocrx_word' id='word_1_228' title='bbox 666 3356 718 3462; x_wconf 75' lang='grc' dir='ltr'>τῷ</span> <span class='ocrx_word' id='word_1_229' title='bbox 738 3360 857 3456; x_wconf 82' lang='grc' dir='ltr'>Πατρὶ</span> <span class='ocrx_word' id='word_1_230' title='bbox 875 3359 1080 3457; x_wconf 85' lang='grc' dir='ltr'>συνδοτῆρα</span> <span class='ocrx_word' id='word_1_231' title='bbox 1100 3355 1293 3463; x_wconf 84' lang='grc' dir='ltr'>φαίνεσθαι</span> <span class='ocrx_word' id='word_1_232' title='bbox 1312 3353 1375 3435; x_wconf 82' lang='grc' dir='ltr'>τόν</span> <span class='ocrx_word' id='word_1_233' title='bbox 1387 3353 1487 3454; x_wconf 57' lang='lat' dir='ltr'>Yam,</span> 
     </span>
     <span class='ocr_line' id='line_1_26' title="bbox 258 3474 1544 3581; baseline 0.006 -27"><span class='ocrx_word' id='word_1_234' title='bbox 258 3474 355 3555; x_wconf 83' lang='grc' dir='ltr'>οὲδει</span> <span class='ocrx_word' id='word_1_235' title='bbox 373 3475 529 3555; x_wconf 89' lang='grc' dir='ltr'>συνιέναι</span> <span class='ocrx_word' id='word_1_236' title='bbox 548 3475 632 3560; x_wconf 85' lang='grc' dir='ltr'>τοῦς</span> <span class='ocrx_word' id='word_1_237' title='bbox 649 3476 886 3562; x_wconf 82' lang='grc' dir='ltr'>πιστεύοντας</span> <span class='ocrx_word' id='word_1_238' title='bbox 905 3485 952 3563; x_wconf 79' lang='grc' dir='ltr'>εἰς</span> <span class='ocrx_word' id='word_1_239' title='bbox 970 3478 1089 3578; x_wconf 78' lang='grc' dir='ltr'>αὐτὸν,</span> <span class='ocrx_word' id='word_1_240' title='bbox 1106 3478 1161 3559; x_wconf 85' lang='grc' dir='ltr'>ότι</span> <span class='ocrx_word' id='word_1_241' title='bbox 1178 3514 1246 3581; x_wconf 91' lang='grc' dir='ltr'>περ</span> <span class='ocrx_word' id='word_1_242' title='bbox 1265 3478 1370 3564; x_wconf 86' lang='grc' dir='ltr'>αῦτός</span> <span class='ocrx_word' id='word_1_243' title='bbox 1388 3483 1488 3561; x_wconf 87' lang='grc' dir='ltr'>ε’στιν</span> <span class='ocrx_word' id='word_1_244' title='bbox 1502 3521 1544 3580; x_wconf 84' lang='lat'>²5</span> 
     </span>
     <span class='ocr_line' id='line_1_27' title="bbox 287 3598 1485 3709; baseline 0.005 -31"><span class='ocrx_word' id='word_1_245' title='bbox 287 3598 311 3698; x_wconf 85' lang='grc' dir='ltr'><strong><em>ἡ</em></strong></span> <span class='ocrx_word' id='word_1_246' title='bbox 335 3607 400 3678; x_wconf 91' lang='grc' dir='ltr'>τοῦ</span> <span class='ocrx_word' id='word_1_247' title='bbox 420 3598 567 3704; x_wconf 81' lang='grc' dir='ltr'>Πατρός</span> <span class='ocrx_word' id='word_1_248' title='bbox 590 3600 746 3701; x_wconf 91' lang='grc' dir='ltr'>δύναμις,</span> <span class='ocrx_word' id='word_1_249' title='bbox 765 3601 789 3701; x_wconf 84' lang='grc' dir='ltr'><strong><em>ἡ</em></strong></span> <span class='ocrx_word' id='word_1_250' title='bbox 816 3599 896 3682; x_wconf 87' lang='grc' dir='ltr'>τόδε</span> <span class='ocrx_word' id='word_1_251' title='bbox 924 3601 966 3682; x_wconf 83' lang='grc' dir='ltr'>τῦ</span> <span class='ocrx_word' id='word_1_252' title='bbox 995 3601 1146 3701; x_wconf 78' lang='grc' dir='ltr'>σύμπαν</span> <span class='ocrx_word' id='word_1_253' title='bbox 1170 3604 1485 3709; x_wconf 82' lang='grc' dir='ltr'>δημιουργήσασα,</span> 
     </span>
     <span class='ocr_line' id='line_1_28' title="bbox 286 3723 1487 3830; baseline 0.006 -27"><span class='ocrx_word' id='word_1_254' title='bbox 286 3726 345 3803; x_wconf 83' lang='grc' dir='ltr'>καὶ</span> <span class='ocrx_word' id='word_1_255' title='bbox 374 3725 413 3804; x_wconf 84' lang='grc' dir='ltr'>ἐκ</span> <span class='ocrx_word' id='word_1_256' title='bbox 443 3732 507 3805; x_wconf 92' lang='grc' dir='ltr'>τοῦ</span> <span class='ocrx_word' id='word_1_257' title='bbox 536 3723 587 3824; x_wconf 78' lang='grc' dir='ltr'>μὴ</span> <span class='ocrx_word' id='word_1_258' title='bbox 620 3724 722 3808; x_wconf 83' lang='grc' dir='ltr'>ὄντος</span> <span class='ocrx_word' id='word_1_259' title='bbox 753 3730 802 3809; x_wconf 80' lang='grc' dir='ltr'>είς</span> <span class='ocrx_word' id='word_1_260' title='bbox 831 3725 875 3805; x_wconf 83' lang='grc' dir='ltr'>τῦ</span> <span class='ocrx_word' id='word_1_261' title='bbox 907 3723 996 3806; x_wconf 83' lang='grc' dir='ltr'>εἶναι</span> <span class='ocrx_word' id='word_1_262' title='bbox 1028 3737 1301 3830; x_wconf 88' lang='grc' dir='ltr'>παρευεγκοῦσα</span> <span class='ocrx_word' id='word_1_263' title='bbox 1333 3727 1397 3808; x_wconf 81' lang='grc' dir='ltr'>τόν</span> <span class='ocrx_word' id='word_1_264' title='bbox 1425 3729 1487 3810; x_wconf 82' lang='grc' dir='ltr'>ἀν-</span> 
     </span>
     <span class='ocr_line' id='line_1_29' title="bbox 285 3847 1488 3955; baseline 0.005 -28"><span class='ocrx_word' id='word_1_265' title='bbox 285 3852 443 3951; x_wconf 89' lang='grc' dir='ltr'>θρωπον.</span> <span class='ocrx_word' id='word_1_266' title='bbox 484 3847 529 3949; x_wconf 85' lang='grc' dir='ltr'>ἦν</span> <span class='ocrx_word' id='word_1_267' title='bbox 546 3847 612 3948; x_wconf 75' lang='grc' dir='ltr'>μέν</span> <span class='ocrx_word' id='word_1_268' title='bbox 630 3847 702 3952; x_wconf 83' lang='grc' dir='ltr'>γὰρ</span> <span class='ocrx_word' id='word_1_269' title='bbox 720 3849 740 3926; x_wconf 87' lang='grc' dir='ltr'><strong>ὁ</strong></span> <span class='ocrx_word' id='word_1_270' title='bbox 760 3847 853 3935; x_wconf 84' lang='grc' dir='ltr'>Θεῖις</span> <span class='ocrx_word' id='word_1_271' title='bbox 872 3854 930 3931; x_wconf 80' lang='grc' dir='ltr'>καὶ</span> <span class='ocrx_word' id='word_1_272' title='bbox 951 3849 1080 3955; x_wconf 83' lang='grc' dir='ltr'>Πατὴρ</span> <span class='ocrx_word' id='word_1_273' title='bbox 1098 3850 1157 3931; x_wconf 81' lang='grc' dir='ltr'>διὰ</span> <span class='ocrx_word' id='word_1_274' title='bbox 1174 3859 1238 3931; x_wconf 92' lang='grc' dir='ltr'>τοῦ</span> <span class='ocrx_word' id='word_1_275' title='bbox 1257 3852 1345 3931; x_wconf 86' lang='grc' dir='ltr'>ίδίου</span> <span class='ocrx_word' id='word_1_276' title='bbox 1363 3849 1488 3955; x_wconf 84' lang='grc' dir='ltr'>Λόγου</span> 
     </span>
     <span class='ocr_line' id='line_1_30' title="bbox 117 3970 1484 4079; baseline 0.005 -30"><span class='ocrx_word' id='word_1_277' title='bbox 117 3982 241 4048; x_wconf 56' lang='lat' dir='ltr'><strong>emim.</strong></span> <span class='ocrx_word' id='word_1_278' title='bbox 285 3972 328 4052; x_wconf 88' lang='grc' dir='ltr'>τὸ</span> <span class='ocrx_word' id='word_1_279' title='bbox 346 3975 385 4052; x_wconf 84' lang='grc' dir='ltr'>έν</span> <span class='ocrx_word' id='word_1_280' title='bbox 403 3975 530 4078; x_wconf 80' lang='grc' dir='ltr'>ἀρχαῖς</span> <span class='ocrx_word' id='word_1_281' title='bbox 547 3982 637 4079; x_wconf 91' lang='grc' dir='ltr'>χοῦν</span> <span class='ocrx_word' id='word_1_282' title='bbox 654 3970 719 4069; x_wconf 77' lang='grc' dir='ltr'>μέν</span> <span class='ocrx_word' id='word_1_283' title='bbox 739 3972 867 4068; x_wconf 80' lang='grc' dir='ltr'>λαβὸν</span> <span class='ocrx_word' id='word_1_284' title='bbox 886 3972 957 4056; x_wconf 82' lang='grc' dir='ltr'>ἀπὸ</span> <span class='ocrx_word' id='word_1_285' title='bbox 975 3979 1039 4073; x_wconf 84' lang='grc' dir='ltr'>τῆς</span> <span class='ocrx_word' id='word_1_286' title='bbox 1057 3979 1135 4077; x_wconf 76' lang='grc' dir='ltr'>γῆς,</span> <span class='ocrx_word' id='word_1_287' title='bbox 1155 3975 1248 4055; x_wconf 89' lang='grc' dir='ltr'>καθά</span> <span class='ocrx_word' id='word_1_288' title='bbox 1273 3975 1484 4077; x_wconf 87' lang='grc' dir='ltr'>γέγραπται,</span> 
     </span>
     <span class='ocr_line' id='line_1_31' title="bbox 286 4094 1544 4206; baseline 0 -31"><span class='ocrx_word' id='word_1_289' title='bbox 286 4096 496 4182; x_wconf 81' lang='grc' dir='ltr'>διαπλάσας</span> <span class='ocrx_word' id='word_1_290' title='bbox 513 4094 551 4176; x_wconf 79' lang='grc' dir='ltr'>δὲ</span> <span class='ocrx_word' id='word_1_291' title='bbox 569 4096 611 4177; x_wconf 84' lang='grc' dir='ltr'>τὸ</span> <span class='ocrx_word' id='word_1_292' title='bbox 630 4097 730 4206; x_wconf 78' lang='grc' dir='ltr'>ζῷον,</span> <span class='ocrx_word' id='word_1_293' title='bbox 749 4102 844 4204; x_wconf 84' lang='grc' dir='ltr'>φημὶ</span> <span class='ocrx_word' id='word_1_294' title='bbox 871 4098 913 4198; x_wconf 82' lang='grc' dir='ltr'>δὴ</span> <span class='ocrx_word' id='word_1_295' title='bbox 939 4097 1003 4179; x_wconf 80' lang='grc' dir='ltr'>τὸν</span> <span class='ocrx_word' id='word_1_296' title='bbox 1021 4096 1223 4202; x_wconf 79' lang='grc' dir='ltr'>ἄνθρωπον,</span> <span class='ocrx_word' id='word_1_297' title='bbox 1241 4099 1423 4206; x_wconf 82' lang='grc' dir='ltr'>ψυχόσας</span> <span class='ocrx_word' id='word_1_298' title='bbox 1447 4134 1486 4182; x_wconf 90' lang='grc' dir='ltr'>τε</span> <span class='ocrx_word' id='word_1_299' title='bbox 1500 4132 1544 4190; x_wconf 80' lang='grc' dir='ltr'>3ο</span> 
     </span>
     <span class='ocr_line' id='line_1_32' title="bbox 324 4281 1486 4357; baseline 0.005 -22"><span class='ocrx_word' id='word_1_300' title='bbox 324 4297 347 4335; x_wconf 91' lang='lat'>1.</span> <span class='ocrx_word' id='word_1_301' title='bbox 365 4283 481 4350; x_wconf 74' lang='grc' dir='ltr'>μάλιστα</span> <span class='ocrx_word' id='word_1_302' title='bbox 495 4282 528 4336; x_wconf 86' lang='grc' dir='ltr'>Ε.</span> <span class='ocrx_word' id='word_1_303' title='bbox 599 4302 626 4350; x_wconf 86' lang='grc'>4.</span> <span class='ocrx_word' id='word_1_304' title='bbox 645 4285 842 4354; x_wconf 58' lang='lat' dir='ltr'>&amp;assumptum</span> <span class='ocrx_word' id='word_1_305' title='bbox 853 4301 886 4338; x_wconf 86' lang='lat' dir='ltr'>ex</span> <span class='ocrx_word' id='word_1_306' title='bbox 898 4302 926 4356; x_wconf 87' lang='lat' dir='ltr'>p.</span> <span class='ocrx_word' id='word_1_307' title='bbox 997 4296 1023 4354; x_wconf 86' lang='lat'>5.</span> <span class='ocrx_word' id='word_1_308' title='bbox 1043 4282 1144 4355; x_wconf 79' lang='grc' dir='ltr'>ὅτανρ.</span> <span class='ocrx_word' id='word_1_309' title='bbox 1215 4284 1242 4339; x_wconf 86' lang='lat'>6.</span> <span class='ocrx_word' id='word_1_310' title='bbox 1261 4281 1316 4340; x_wconf 75' lang='grc' dir='ltr'>οἶδε</span> <span class='ocrx_word' id='word_1_311' title='bbox 1328 4303 1378 4356; x_wconf 86' lang='lat' dir='ltr'>pro</span> <span class='ocrx_word' id='word_1_312' title='bbox 1390 4287 1441 4357; x_wconf 82' lang='grc' dir='ltr'>ἔφη</span> <span class='ocrx_word' id='word_1_313' title='bbox 1452 4285 1486 4341; x_wconf 87' lang='grc' dir='ltr'>Ε.</span> 
     </span>
     <span class='ocr_line' id='line_1_33' title="bbox 284 4345 1487 4427; baseline 0.005 -23"><span class='ocrx_word' id='word_1_314' title='bbox 284 4345 350 4420; x_wconf 71' lang='grc' dir='ltr'>ῖλθη</span> <span class='ocrx_word' id='word_1_315' title='bbox 363 4369 390 4422; x_wconf 82' lang='lat' dir='ltr'>p.</span> <span class='ocrx_word' id='word_1_316' title='bbox 438 4352 619 4424; x_wconf 66' lang='grc' dir='ltr'>ἧμᾶςΜίςῐιε.</span> <span class='ocrx_word' id='word_1_317' title='bbox 692 4371 718 4424; x_wconf 85' lang='grc'>9.</span> <span class='ocrx_word' id='word_1_318' title='bbox 737 4353 1086 4426; x_wconf 66' lang='grc' dir='ltr'>τὴναευυωρῐυωειΕρ.</span> <span class='ocrx_word' id='word_1_319' title='bbox 1162 4371 1202 4410; x_wconf 80' lang='lat'>10.</span> <span class='ocrx_word' id='word_1_320' title='bbox 1220 4357 1487 4427; x_wconf 73' lang='grc' dir='ltr'>περιστειλόμενοςα.</span> 
     </span>
     <span class='ocr_line' id='line_1_34' title="bbox 288 4421 1486 4518; baseline 0.008 -44"><span class='ocrx_word' id='word_1_321' title='bbox 288 4436 330 4474; x_wconf 91' lang='lat'>11.</span> <span class='ocrx_word' id='word_1_322' title='bbox 349 4421 490 4492; x_wconf 80' lang='grc' dir='ltr'>ε’κταριίξας</span> <span class='ocrx_word' id='word_1_323' title='bbox 503 4423 534 4479; x_wconf 85' lang='lat' dir='ltr'>E.</span> <span class='ocrx_word' id='word_1_324' title='bbox 665 4441 706 4494; x_wconf 78' lang='lat'>13.</span> <span class='ocrx_word' id='word_1_325' title='bbox 725 4425 828 4495; x_wconf 80' lang='grc' dir='ltr'>ύπάρχη</span> <span class='ocrx_word' id='word_1_326' title='bbox 841 4444 868 4496; x_wconf 88' lang='grc' dir='ltr'>ρ.</span> <span class='ocrx_word' id='word_1_327' title='bbox 1006 4441 1049 4480; x_wconf 80' lang='lat'>20.</span> <span class='ocrx_word' id='word_1_328' title='bbox 1067 4426 1137 4498; x_wconf 74' lang='grc' dir='ltr'>αὐτῷ</span> <span class='ocrx_word' id='word_1_329' title='bbox 1149 4444 1176 4497; x_wconf 87' lang='lat' dir='ltr'>p.</span> <span class='ocrx_word' id='word_1_330' title='bbox 1314 4427 1356 4483; x_wconf 74' lang='lat'>26.</span> <span class='ocrx_word' id='word_1_331' title='bbox 1373 4426 1486 4518; x_wconf 68' lang='grc' dir='ltr'>πατρὸς]</span> 
     </span>
    </p>
   </div>
   <div class='ocr_carea' id='block_1_5' title="bbox 284 4487 1486 4632">
    <p class='ocr_par' dir='ltr' id='par_1_13' title="bbox 284 4487 1486 4632">
     <span class='ocr_line' id='line_1_35' title="bbox 284 4487 1486 4632; baseline 0.004 -85"><span class='ocrx_word' id='word_1_332' title='bbox 284 4487 500 4632; x_wconf 43' lang='grc' dir='ltr'>ἶνεῄχοῶςὲιὶο)</span> <span class='ocrx_word' id='word_1_333' title='bbox 515 4493 547 4548; x_wconf 79' lang='grc' dir='ltr'>Ε.</span> <span class='ocrx_word' id='word_1_334' title='bbox 627 4510 670 4566; x_wconf 85' lang='lat'>29.</span> <span class='ocrx_word' id='word_1_335' title='bbox 688 4496 734 4563; x_wconf 74' lang='grc' dir='ltr'>τῆς</span> <span class='ocrx_word' id='word_1_336' title='bbox 746 4505 918 4567; x_wconf 78' lang='lat' dir='ltr'><strong>asumptum</strong></span> <span class='ocrx_word' id='word_1_337' title='bbox 930 4514 963 4551; x_wconf 81' lang='lat' dir='ltr'>ex</span> <span class='ocrx_word' id='word_1_338' title='bbox 975 4514 1002 4568; x_wconf 90' lang='lat' dir='ltr'>p.</span> <span class='ocrx_word' id='word_1_339' title='bbox 1084 4513 1129 4567; x_wconf 81' lang='lat'>³0·</span> <span class='ocrx_word' id='word_1_340' title='bbox 1148 4495 1190 4568; x_wconf 86' lang='grc' dir='ltr'>τὸ]</span> <span class='ocrx_word' id='word_1_341' title='bbox 1204 4499 1264 4552; x_wconf 80' lang='grc' dir='ltr'>τόδε</span> <span class='ocrx_word' id='word_1_342' title='bbox 1277 4499 1307 4553; x_wconf 83' lang='grc' dir='ltr'>τὸ</span> <span class='ocrx_word' id='word_1_343' title='bbox 1319 4516 1345 4552; x_wconf 84' lang='grc' dir='ltr'>ιι.</span> <span class='ocrx_word' id='word_1_344' title='bbox 1398 4495 1442 4569; x_wconf 76' lang='grc' dir='ltr'>δὴ]</span> <span class='ocrx_word' id='word_1_345' title='bbox 1457 4498 1486 4552; x_wconf 81' lang='grc' dir='ltr'>δε</span> 
     </span>
    </p>
   </div>
   <div class='ocr_carea' id='block_1_6' title="bbox 0 0 1646 5130">
    <p class='ocr_par' dir='ltr' id='par_1_14' title="bbox 0 0 1646 5130">
     <span class='ocr_line' id='line_1_36' title="bbox 0 0 1646 5130; baseline 0 0"><span class='ocrx_word' id='word_1_346' title='bbox 0 0 1646 5130; x_wconf 95' lang='lat' dir='ltr'> </span> 
     </span>
    </p>
   </div>
  </div>
 </body>
</html>
