3274 5262
507 1257 728 1354 INDEX
769 1253 1024 1352 RERUM.

627 1572 905 1584 .....-----

169 1802 276 1853 Numani
287 1799 378 1864 quibos
389 1798 518 1864 praecedit
529 1797 604 1846 litera
615 1795 645 1844 M
656 1795 690 1845 sd
700 1796 843 1860 fragments
854 1795 959 1846 Maisns
970 1800 1093 1860 spectant
1104 1795 1123 1844 ii
1134 1796 1225 1860 quibus
1240 1795 1369 1860 praecedit

237 1884 273 1944 iii,
286 1883 319 1932 sd
329 1883 447 1932 volumen
458 1881 570 1940 tartum,
583 1878 673 1942 reliqui
683 1879 716 1928 od
727 1879 907 1927 commentaris
918 1877 944 1926 in
956 1878 989 1927 D.
1000 1878 1019 1927 J
1020 1878 1108 1927 oannis
1119 1877 1294 1942 Evangelium.

834 2099 1023 2176 corruptionis
1045 2100 1182 2158 haeredes
1205 2101 1306 2158 fiamus
1327 2100 1367 2159 iii.

442 2164 469 2220 Α
835 2201 895 2256 560
915 2197 971 2256 cibi
984 2198 1116 2273 cupidine
1129 2198 1221 2254 victos
1235 2198 1268 2255 M
1285 2201 1332 2257 79.

168 2294 342 2351 Asanam
383 2293 516 2350 monachi
554 2291 667 2366 qnidam
706 2289 742 2347 dc
794 2295 917 2352 Adamas
931 2295 1038 2353 Christi
1051 2304 1137 2371 typus
1151 2299 1210 2353 435
1221 2315 1246 2352 e.

209 2391 421 2467 quaestionibus
456 2389 627 2466 dogmaticis
668 2388 742 2445 inter
793 2392 932 2450 Adoratio
951 2391 1057 2449 servitii
1071 2392 1107 2448 nd
1122 2391 1216 2448 Deum
1230 2392 1367 2451 reddendi

209 2509 240 2548 se
258 2487 458 2548 conflictabant
475 2487 512 2546 iii.
528 2491 596 2544 547.
833 2490 944 2547 initium
963 2493 1019 2548 190
1035 2508 1060 2547 a

147 2587 313 2645 Abraham
337 2586 413 2644 Laus
443 2589 501 2644 548
517 2603 542 2650 e,
568 2588 659 2643 5492
686 2583 741 2641 Dei
792 2586 935 2644 Adoratur
946 2586 974 2643 in
985 2605 1070 2644 came
1080 2596 1181 2644 etcum
1194 2605 1278 2646 came
1289 2587 1367 2646 Deus

208 2684 358 2743 consilium
388 2684 469 2740 novit
496 2683 589 2742 8906
623 2681 742 2739 historin
832 2683 959 2742 Verbum
975 2688 1014 2743 95
1030 2703 1054 2743 e.

208 2782 245 2839 nd
259 2801 313 2840 nos
326 2781 469 2857 applicata
482 2781 552 2846 890,
565 2783 634 2838 391.
792 2783 928 2858 Aegyptii
973 2782 1104 2840 monachi
1145 2781 1366 2842 Abilenseorum

166 2880 345 2938 Abscondits
378 2899 437 2936 non
471 2877 674 2954 perscrutanda
701 2875 739 2933 iii.
833 2897 929 2937 errore
942 2878 1058 2937 abducti
1072 2880 1112 2937 iii.
1129 2884 1198 2938 547.

209 2981 277 3035 441.
792 2977 946 3054 “Aegypti
973 2977 1157 3052 opprobrium
1168 2977 1186 3000 ’⁹
1214 2978 1282 3052 quid
1306 2981 1365 3036 437

166 3073 339 3132 Accedimus
358 3074 396 3132 ad
416 3073 512 3131 Deum
532 3092 584 3149 per
603 3073 738 3130 sauctita-
832 3093 886 3132 ac.

206 3181 266 3230 tem
281 3173 355 3230 vitae
377 3179 406 3230 et
426 3172 512 3230 fidem
529 3191 580 3248 per
594 3173 739 3230 Christum
792 3173 926 3249 Aegypto
940 3191 1038 3230 eornm
1058 3191 1130 3247 qnae
1150 3172 1188 3238 in,
1204 3173 1280 3231 facta
1300 3183 1366 3231 sont

209 3273 267 3329 769
282 3289 308 3328 a.
832 3270 997 3328 recordatus
1016 3280 1060 3328 est
1077 3280 1212 3344 tanquam
1226 3269 1302 3329 facta
1315 3290 1367 3329 sun

165 3368 311 3426 Accentos
324 3377 423 3426 scotus
439 3373 495 3427 511
510 3388 536 3426 s.
832 3368 962 3427 Christos
978 3372 1037 3427 535
1049 3386 1074 3432 e.
1092 3369 1151 3425 536
1163 3387 1189 3425 a.

165 3465 739 3544 AchsablonganimisDeus595.596ah.
791 3463 924 3524 Aeneam
937 3485 988 3524 vas
1002 3469 1061 3524 378
1077 3465 1104 3523 d.

165 3563 259 3621 Adam
274 3563 389 3622 ultimus
400 3565 532 3623 Christos
546 3566 653 3623 idcirco
667 3585 738 3623 non·
790 3545 934 3623 Aetcmns
948 3565 1047 3632 Filius,
1062 3565 1127 3640 quia
1141 3563 1279 3641 principio
1295 3563 1367 3620 nihil

205 3669 335 3736 copetns.
362 3663 428 3737 quia
449 3681 549 3720 omnes
573 3681 628 3720 nos
652 3663 681 3719 in
709 3681 740 3720 se
831 3663 973 3738 antiquior
997 3668 1033 3722 10
1048 3683 1075 3729 e,
1101 3668 1134 3722 11
1169 3664 1236 3739 quis
1256 3662 1364 3721 seculo·

207 3777 320 3816 eramus
334 3761 374 3817 96
388 3759 416 3823 d,
435 3763 491 3816 114
507 3759 587 3817 bod.
831 3779 895 3818 rum
916 3771 1027 3818 creator
1044 3765 1077 3819 11
1095 3761 1123 3828 d,
1147 3764 1183 3818 12
1198 3779 1225 3817 a.

165 3854 259 3911 Adam
268 3855 384 3913 ultimus
396 3860 453 3913 123
463 3875 488 3918 o.
501 3860 560 3913 473
576 3856 629 3919 cd,
645 3859 703 3913 854
713 3874 738 3920 a,
790 3858 892 3932 Agnus
906 3858 1079 3914 sacrificatus
1091 3857 1222 3914 Christus
1235 3875 1288 3932 pro
1301 3875 1363 3914 om·

206 3956 266 4011 945
281 3971 307 4016 c.
346 3956 403 4011 991
421 3953 449 4019 b,
485 3956 544 4011 994
560 3952 588 4017 6,
628 3956 739 4018 1045α,
830 3953 1365 4029 nibosUnusilibcdunitasqoo·

208 4053 285 4109 1076
295 4050 323 4114 d.
339 4049 371 4108 M
384 4054 411 4120 6,
424 4055 450 4120 7,
463 4053 491 4114 8,
506 4053 553 4116 79,
566 4053 615 4115 80,
631 4049 669 4107 iii.
681 4053 738 4108 560
831 4053 916 4109 modo
937 4053 1097 4128 significatu
1115 4055 1191 4110 1063
1206 4052 1259 4120 cd,
1273 4051 1311 4110 cs.
1325 4052 1362 4111 iii.

204 4166 270 4205 cum
284 4147 376 4223 primo
389 4147 535 4205 confertus
549 4147 582 4204 M
599 4151 647 4206 79.
831 4151 898 4207 595.

163 4246 268 4312 Adam,
284 4245 423 4322 snpientia
442 4245 570 4322 perfecta
585 4245 738 4323 praeditos,
790 4251 906 4322 Agnum
927 4247 1094 4313 sacrificant,
1115 4248 1263 4304 veritatem
1284 4246 1362 4306 labe·

204 4342 409 4402 illuminatione
436 4344 543 4402 illibata
567 4344 640 4403 751)
668 4363 737 4419 quo·
828 4344 937 4402 socmnt
950 4343 1055 4403 Judsei
1071 4349 1148 4404 1033
1163 4345 1192 4403 b.

205 4442 292 4500 modo
305 4461 357 4518 per
367 4442 429 4517 ejus
442 4451 590 4518 peccatum
604 4461 658 4500 nos
671 4461 737 4518 psc-
788 4441 940 4518 Agricolae
959 4461 1034 4510 mos,
1055 4450 1141 4519 typus
1165 4441 1259 4502 cordis
1280 4459 1361 4519 prae·
1409 4515 1411 4520 ι

206 4547 317 4597 catores
337 4540 438 4597 fiamus
460 4539 493 4596 M
512 4543 539 4611 9,
561 4541 597 4598 cf.
618 4540 657 4598 iii.
679 4543 737 4598 563
829 4540 946 4616 parendi
962 4543 1020 4598 392
1036 4540 1066 4600 d.
