3244 5146
240 357 422 424 CONTRA
443 354 736 422 THEODORUM
762 357 899 422 EPISC.
924 357 1056 422 MOPS.
1078 357 1166 423 LIB.
1183 357 1211 422 Ι.
1265 359 1330 422 519

131 525 186 585 tur
210 519 295 584 enim
320 519 449 584 alterius
473 517 725 603 appellationem.
769 519 858 602 Ergo
887 518 913 583 si
943 515 1081 584 ebusive'
1100 519 1163 584 Dei
1187 519 1331 584 Verbum

131 627 263 687 vocetur
283 624 388 702 homo,
408 644 472 687 non
493 627 543 687 est
563 621 664 687 lentus
685 622 780 686 homo
801 621 977 688 manifeste.
1024 623 1060 685 si
1080 622 1209 687 abusive
1232 621 1332 685 lilius

132 733 166 790 et
191 725 278 790 Deus
303 725 356 790 ille
381 725 435 810 qui
458 747 498 791 ex
523 724 639 791 semine
664 730 713 790 est
736 723 853 802 David,
875 747 975 810 neque
998 726 1086 790 Dens
1111 747 1210 810 neque
1233 724 1332 788 Filius

132 833 246 893 nature
259 833 293 893 et
306 828 439 893 veritate
454 833 512 894 est.
558 829 649 892 Falsa
670 827 772 912 igitur
794 827 829 892 in
851 832 984 912 utroque
1005 829 1082 892 haee
1104 826 1283 913 appellatio,
1299 831 1332 890 et

101 947 119 1008 5
133 929 203 1016 ipse
223 953 272 996 res
293 953 360 997 esse
381 931 493 997 merito
507 931 708 1016 intelligitur,
724 935 855 1016 uterque
869 932 954 995 enim
968 932 1026 996 hoe
1042 931 1232 1008 nominatur,
1249 931 1331 1015 quod

132 1039 268 1098 nonest.

591 1171 642 1234 Ex
664 1170 774 1235 eodem
795 1168 876 1234 libro

640 1341 820 1406 Tuuonosu.

176 1477 223 1540 Et
248 1478 392 1542 convenit
420 1499 471 1542 eos
497 1478 555 1562 qui
581 1477 654 1543 bene
683 1480 856 1562 aspiciant,
882 1479 1142 1564 quandoquidan
1166 1479 1333 1545 naturales

82 1605 121 1645 10
127 1591 243 1665 patres
262 1581 458 1665 quaerimus,
472 1602 571 1666 neque
585 1581 689 1646 Deum
706 1580 842 1649 Verbum
856 1581 973 1646 Daeicl
992 1582 1043 1647 ael
1055 1582 1207 1648 Abrabae
1221 1581 1333 1663 filium

132 1683 310 1761 nominare,
325 1684 381 1770 sed
388 1680 576 1768 faetorem:
598 1704 695 1767 neque
716 1687 832 1769 etopus
853 1695 929 1750 ante
950 1685 1082 1750 saecuto
1097 1706 1137 1750 eu
1150 1686 1256 1751 Patre
1277 1689 1333 1751 sed

132 1805 236 1849 semen
249 1785 406 1850 Abrabae
420 1797 450 1851 et
463 1785 576 1850 Dauid
595 1807 633 1852 eor
647 1785 763 1851 Maria
782 1798 906 1852 natum.
950 1787 996 1852 Et
1015 1810 1088 1852 oum
1109 1789 1148 1854 de
1169 1789 1333 1854 naturali·

134 1887 192 1952 bees
209 1888 440 1953 nativitatibus
458 1889 502 1953 sit
520 1890 731 1972 ratiumque
746 1889 880 1955 Mariae
894 1890 989 1973 filins
1004 1891 1095 1956 Deus
1115 1913 1180 1957 esse
1197 1891 1333 1958 Verbum

133 1991 342 2056 annnam.
383 1990 539 2057 Mortalis
553 1993 637 2056 enim
651 1993 819 2058 mortalem
830 2005 964 2078 ponuat
978 1995 1151 2058 seeundum
1165 2006 1331 2073 naturam,

83 2113 120 2172 15
134 2103 164 2157 et
178 2113 302 2178 eorpus,
317 2094 402 2178 qnod
415 2095 478 2159 sibi
492 2092 597 2159 simik
611 2105 657 2160 est
665 2119 677 2169 ;
699 2095 796 2160 Duas
808 2097 999 2161 natiuitates
1013 2097 1100 2161 Deus
1120 2096 1255 2162 Verbum
1269 2119 1333 2162 non

133 2197 298 2272 sustinuit,
310 2218 410 2260 anam
421 2197 549 2283 quidem
563 2208 636 2262 ante
650 2199 791 2273 saecula,
803 2197 944 2264 alteram
955 2210 1060 2264 antem
1071 2201 1108 2263 in
1118 2198 1242 2264 ultimis
1254 2211 1331 2265 tem-

126 2299 285 2382 poribus:
307 2301 363 2364 sed
384 2321 423 2365 en
444 2301 550 2365 Patre
570 2301 699 2385 quidem
718 2311 842 2364 natura
861 2303 989 2385 penitas
1010 2312 1066 2379 est,
1087 2303 1238 2387 templum
1259 2324 1333 2368 aero

133 2403 221 2487 qnod
234 2423 274 2466 eu
284 2401 401 2467 Maria
415 2414 527 2468 natum
541 2415 598 2482 est,
613 2423 652 2468 en
665 2403 735 2484 ipso
749 2414 840 2470 utero
854 2403 1114 2488 sibifabrioavit.

157 2669 280 2735 Deinde
302 2669 396 2736 breve
417 2673 593 2756 proeedens,
616 2678 650 2737 et
671 2673 858 2757 quibusdam
880 2694 936 2757 per
958 2673 1096 2739 medium
1116 2673 1311 2760 interpositis

80 2798 121 2838 πο
616 2775 733 2840 iterum
755 2775 858 2840 dixit:

644 2947 825 3012 'lunonem

182 3083 261 3148 Onm
275 3104 347 3148 uero
361 3084 401 3149 de
414 3083 558 3148 salutari
572 3084 807 3168 dispensatione
821 3086 910 3149 ratio
924 3097 1076 3163 movetur,
1092 3097 1121 3150 et
1136 3087 1225 3150 Deus
1245 3105 1332 3150 voee-

134 3194 188 3250 tur
206 3188 318 3252 bomo:
339 3208 403 3252 non
425 3188 509 3272 quod
531 3187 589 3251 boo
601 3188 720 3272 saetas
742 3198 797 3266 est,
819 3189 875 3252 sed
896 3189 982 3273 quod
1005 3190 1064 3254 boo
1086 3191 1279 3275 assumpsit:
1302 3201 1332 3254 et

134 3289 225 3354 bonta
246 3289 344 3368 Dens,
366 3311 430 3354 non
452 3300 615 3374 tamquam
634 3291 987 3376 inarmmsatptttttts
998 3293 1124 3376 saetas,
1140 3314 1196 3358 nea
1216 3293 1332 3378 ubique

80 3423 96 3462 2
101 3417 120 3478 5
134 3394 281 3470 mesas,
297 3414 411 3477 empus
427 3394 513 3458 enim
531 3406 603 3460 erat
623 3406 653 3460 et
667 3405 744 3480 post
757 3398 1018 3462 resurrectionem
1032 3397 1209 3482 palpabile,
1224 3409 1254 3462 et
1270 3397 1332 3462 talo

133 3505 293 3579 receptum
307 3501 354 3560 est
368 3496 404 3558 in
418 3495 545 3575 eoelum,
561 3498 653 3562 etsie
667 3499 769 3564 ueniet
783 3499 867 3564 sieut
880 3510 1041 3585 receptum
1055 3511 1110 3564 est.

659 3706 805 3772 Cmnm.

179 3835 260 3902 Eece
282 3835 374 3920 plnne
395 3841 428 3902 et
448 3839 608 3904 evidenter
628 3845 737 3905 eontra
751 3841 904 3906 Divinam
925 3845 1052 3928 quidem
1074 3845 1174 3910 fertur
1195 3844 1331 3928 seriptu-

136 3963 213 4019 ram,
230 3939 377 4022 reprobet
391 3962 466 4006 vero
483 3940 603 4006 Christi
617 3943 814 4027 mysterium,
830 3949 864 4008 et
878 3946 966 4030 qussi
981 3947 1122 4033 increpet
1136 3948 1242 4012 Deum
1253 3947 1332 4011 Ver-

137 4145 829 4273 D73d1unSuriu.nxeooem1ibro,tneodorus
842 4153 923 4236 Ed..
1024 4171 1051 4226 9.
1069 4153 1332 4238 mpieiuutlenuiunt
1409 4205 1420 4228 ,

166 4257 174 4280 ‚
221 4228 337 4289 sprerunt
350 4217 454 4284 Sonus,
468 4229 575 4345 epptuut
588 4221 678 4277 lnbbe
690 4240 717 4277 tn
731 4240 787 4294 mg.
800 4223 872 4279 unde
884 4223 986 4294 Msgne.
1093 4241 1134 4290 1⁴·
1151 4223 1330 4298 existimetur]

137 4287 275 4344 estimetur
287 4289 324 4343 D.
427 4304 468 4358 15.
507 4292 631 4360 eum(slc
659 4293 694 4348 D.
798 4294 838 4348 18.
857 4291 1213 4418 febrienvitpt-CYRILLI
1227 4295 1332 4365 Sunius,

138 4356 326 4414 CYRILLUS
339 4359 390 4415 Ed.
402 4360 485 4416 invito
497 4360 534 4424 D,
565 4361 592 4416 ni
647 4362 858 4418 eodorienbibet.
935 4381 978 4420 20.
1015 4364 1060 4420 init
1073 4365 1110 4420 D.
1182 4381 1226 4420 21.
1243 4365 1331 4420 'l'heo-

137 4426 195 4482 dori
215 4428 320 4484 Surine.
337 4429 495 4487 Theodorus
514 4379 565 4487 Ei.
582 4441 699 4488 neutrum
716 4432 797 4489 hebet
815 4435 851 4489 D.
1005 4449 1048 4490 22.
1066 4443 1333 4492 movetur-vocetur

137 4496 213 4552 tabet
226 4498 262 4553 D.
370 4501 695 4574 a.quodprinsom.D.
742 4503 893 4576 adsumpsit
906 4504 941 4558 D.
1058 4521 1101 4578 η.
1122 4505 1274 4564 CYlllLLl
1294 4508 1331 4562 D.

139 4566 244 4634 Sunius,
256 4569 364 4642 cyrillus
377 4517 429 4626 lid.
536 4573 579 4628 28.
598 4574 674 4644 plene
688 4573 723 4630 D.
775 4574 873 4648 tenor]
887 4576 983 4633 letetur
996 4576 1032 4633 D.
