3274 5262
168 385 282 425 raum
585 363 746 422 INDEX
788 363 972 422 RERUM.
1315 365 1375 422 653

211 551 270 607 475
292 548 320 615 0,
343 547 380 606 iii.
406 551 477 613 379,
514 565 564 604 cur
587 565 646 603 non
670 552 745 616 ante,
838 552 921 602 ceant
941 550 1087 619 exoptare,
1106 545 1261 602 humanum
1282 549 1374 604 9050

210 644 745 722 sedpostResurrectionemdatuad'r'd
837 642 890 700 de.

211 744 333 819 antiquis
359 744 463 819 pignus
485 743 577 808 datus,
599 741 681 800 nobis
701 741 744 799 in·
797 738 940 814 Supplicia
953 739 987 797 iis
1002 741 1048 816 qui
1062 759 1121 797 non
1136 739 1312 816 ignorantiae
1323 759 1372 799 ex·

211 841 320 899 habitat
341 841 460 916 Spiritus
482 845 541 899 474
556 859 572 898 c
586 841 635 897 de
677 839 744 896 Pro·
838 839 1011 897 cusationem
1020 840 1373 915 habeantquanta907de.

210 939 303 1014 phetis
330 948 364 997 ut
388 939 625 1015 prophetarentur
652 938 744 1004 datus,
798 935 933 1012 Supplicii
959 937 1066 995 aeterni
1092 945 1225 996 mensura
1249 940 1374 1014 peccetis

211 1037 293 1094 nobis
313 1036 454 1095 inhabitat
476 1041 534 1095 475
554 1035 625 1094 cde
659 1034 747 1092 mittit
838 1034 940 1110 duplex
956 1037 1014 1093 500
1027 1054 1052 1093 e.

213 1135 345 1192 Christus
360 1138 420 1193 670
438 1153 455 1192 e
488 1153 547 1192 non
566 1133 746 1208 illiusquam
798 1131 972 1208 Supplicium
981 1133 1370 1210 proDeocoutemptodlld.

213 1233 278 1308 lpse
292 1233 404 1290 Natura
419 1235 477 1292 823
494 1233 514 1289 (1
545 1231 688 1308 Apostolis
702 1230 745 1287 iu·
798 1229 935 1305 Supplicii
953 1240 1044 1288 metus
1063 1250 1115 1288 nos
1130 1229 1165 1288 ad
1180 1229 1273 1288 Deum
1287 1241 1372 1291 vocat

214 1329 336 1387 sufflavit
360 1329 500 1398 Christus,
526 1330 590 1405 quia
614 1339 644 1387 et
666 1329 746 1386 initio
840 1328 939 1386 3760.

211 1447 262 1503 per
270 1428 482 1504 inspirationem
494 1427 746 1503 AdamoEvaeque
798 1425 1000 1501 Susceptorum
1018 1424 1062 1506 (in
1073 1425 1103 1484 S.
1118 1422 1307 1505 Baptismate)
1324 1435 1369 1504 ty·

212 1525 348 1602 Spiritum
360 1527 439 1584 dedit
452 1529 528 1586 1097
541 1526 584 1583 de
607 1524 744 1600 Spiritum
838 1543 890 1599 pus
904 1523 1019 1582 Martha
1034 1526 1092 1583 683
1105 1525 1123 1580 d
1138 1544 1161 1594 e,
1178 1527 1236 1581 684
1248 1544 1274 1581 a.

213 1624 301 1682 Suum
317 1624 415 1682 inserit
430 1634 461 1682 ut
471 1623 615 1681 Primitiae
628 1626 705 1682 1093
716 1624 744 1693 1),
798 1622 972 1699 Synousiaati
997 1621 1034 1679 iii.
1058 1626 1115 1680 502
1154 1621 1275 1679 Diodori
1302 1641 1375 1698 opus

214 1725 289 1781 1101
308 1741 333 1780 a.
837 1728 936 1777 contra
947 1719 1017 1796 Syn.
1033 1727 1219 1777 memoratum
1235 1720 1272 1777 iii.
1290 1724 1358 1779 490.

172 1818 294 1894 Spiritus
309 1819 431 1878 Sanctus
453 1840 503 1896 per
523 1819 607 1878 fidem
625 1828 655 1877 et
669 1817 743 1895 Bap·
797 1818 1022 1896 Syrophoenissa
1039 1820 1096 1875 176
1106 1818 1135 1883 d,
1153 1821 1213 1876 177
1227 1838 1252 1876 a.

211 1919 296 1975 tirma
315 1917 451 1976 Sanctum
470 1917 610 1976 inhabitet
627 1920 703 1975 1086
719 1937 744 1989 a,

214 2017 332 2073 10971)
373 2016 487 2074 Veritas
509 2015 543 2073 M
564 2019 602 2074 84
644 2017 673 2074 in
701 2017 745 2074 Eo

210 2113 558 2172 vrueturruusiuaaa.
1067 2085 1092 2142 Τ

171 2209 309 2287 Spiritum
334 2210 473 2270 Sanctum
498 2219 592 2268 utrum
614 2211 745 2286 Apostoli
795 2214 1047 2273 Tunnauucuauu
1063 2234 1183 2280 varrus,
1199 2217 1336 2292 templum
1361 2236 1378 2275 a

211 2319 380 2384 acceperuut
396 2311 440 2367 die
451 2309 635 2367 Pentecostes
649 2328 684 2365 au
696 2327 746 2384 per
837 2311 959 2388 Virgine
968 2316 1026 2371 384
1036 2332 1062 2378 e,
1074 2315 1133 2372 386
1144 2333 1168 2380 a,
1179 2316 1268 2380 aare,
1280 2318 1338 2372 403
1346 2333 1371 2372 a.

211 2406 428 2464 insufflationem
457 2405 565 2464 christi
587 2403 666 2466 1086
690 2427 747 2465 c-
796 2409 1022 2468 Tabernaculum
1043 2409 1072 2467 in
1094 2411 1208 2468 deserto
1225 2413 1375 2487 omniaque

215 2507 292 2562 1099
308 2523 335 2562 e.
614 2575 620 2590 ,ἢ
838 2508 865 2564 ei
889 2508 1058 2583 pertinentia
1079 2507 1184 2568 Christi
1207 2518 1293 2584 typus
1314 2512 1373 2567 385

171 2600 294 2679 Spiritus
309 2601 431 2660 Sanctus
448 2602 484 2659 de
498 2601 631 2660 Samuele
645 2601 745 2659 testiti-
838 2609 991 2664 e-392a
1032 2625 1083 2663 cur
1111 2606 1156 2664 dia
1185 2626 1241 2664 una
1269 2607 1375 2664 mensis

211 2709 291 2756 catur
306 2703 365 2758 438
381 2719 407 2758 a.
838 2703 921 2777 primi
936 2706 1005 2770 386,
1021 2708 1079 2763 387
1112 2705 1216 2762 multus
1234 2705 1263 2761 in
1278 2703 1374 2762 Domo

171 2795 295 2872 Spiritus
304 2796 402 2855 Sancti
417 2797 503 2854 verba
516 2797 714 2855 contradicunt
728 2797 745 2853 ii
840 2799 934 2858 Patris
949 2804 1110 2861 mansiones
1123 2803 1216 2862 innuit
1236 2803 1333 2862 4281).

212 2894 259 2969 qui
278 2894 341 2951 lilii
359 2875 579 2952 Grinarationam
601 2902 747 2952 aeternam
797 2897 992 2957 Tabernacula
1019 2901 1109 2976 prima
1135 2911 1164 2960 et
1192 2906 1316 2962 secunda
1344 2905 1374 2964 in

211 2999 319 3068 negant
332 2991 370 3048 iii.
386 2996 455 3051 375.
837 2996 959 3072 Templo
980 2999 1078 3073 politia
1098 2999 1198 3076 legalis
1220 3021 1253 3060 ac
1274 3003 1372 3061 Evan-

171 3098 189 3120 “
206 3087 328 3164 Spiritus
349 3097 505 3166 promptus,
521 3109 586 3147 caro
605 3090 718 3148 infirma
728 3090 745 3113 ''
837 3095 928 3172 gelica
945 3100 1032 3162 1070,
1050 3101 1138 3157 1071.

211 3195 241 3244 et
254 3187 284 3243 in
300 3187 423 3246 Domino
439 3187 554 3248 Christo
564 3191 622 3247 332
634 3188 663 3246 1).
795 3191 1046 3252 Tabernaculitres
1056 3203 1152 3270 partes
1166 3196 1203 3253 iii.
1218 3201 1287 3265 406,
1304 3203 1372 3259 407.

171 3283 322 3361 Sponsalia
355 3283 436 3361 quasi
473 3287 591 3344 humani
632 3287 746 3362 generis
842 3290 910 3347 Vide
924 3289 1108 3369 Scenopegia.

210 3381 325 3442 Ohriato
340 3383 486 3458 Baptisma
503 3387 560 3442 159
574 3385 601 3442 6.
795 3388 978 3446 Talentorum
1033 3389 1106 3448 bene
1161 3393 1373 3468 negotiatorum

172 3479 318 3538 Stabilitas
339 3489 368 3539 et
389 3481 602 3540 immutabilitas
620 3502 671 3558 per
685 3483 746 3540 Na·
839 3485 915 3543 Laus
930 3487 966 3544 iii.
985 3489 1055 3545 472.
1283 3491 1287 3500 ”

210 3588 303 3636 turam
332 3579 368 3637 ad
396 3580 489 3638 Deum
518 3581 676 3658 pertinent;
708 3581 745 3638 ad
795 3584 914 3643 Talauta
922 3586 1097 3653 clericorum,
1108 3607 1147 3645 sc.
1155 3590 1373 3664 praedicationis

210 3695 263 3733 nos
277 3677 313 3734 ad
328 3696 489 3734 mensuram
500 3697 551 3752 per
561 3678 744 3737 sobrietatem
837 3683 1372 3762 verbum,gregicommittendaiii.474.

211 3782 240 3831 et
255 3775 380 3832 studium
395 3780 453 3833 305
470 3794 521 3832 ac.
794 3779 912 3856 Templa
926 3780 980 3838 Dei
995 3801 1045 3856 per
1057 3781 1193 3857 Spiritum
1208 3786 1370 3844 inhabitan-

171 3868 348 3947 Stephanum
376 3873 405 3929 S.
431 3881 538 3936 contra.
570 3871 745 3930 ludaeorum
837 3878 873 3935 tis
895 3898 956 3943 nos.
983 3877 1094 3954 Corpus
1122 3880 1211 3938 Suum
1236 3891 1370 3959 tauquam

211 3968 343 4026 saevitiae
358 3971 416 4028 913
432 3987 456 4027 e.
836 3975 987 4050 Templum
1004 3976 1094 4034 Suum
1108 3977 1275 4038 inhabitavit
1290 3980 1372 4040 chri·

171 4063 316 4141 Subjectio
325 4067 445 4125 aliiusad
455 4067 538 4124 alium
545 4069 743 4143 aequalitatem
836 4082 896 4131 stus
915 4078 969 4133 143
982 4093 1007 4132 c.

210 4164 439 4223 co-esseutialem
467 4185 524 4222 nou
553 4165 639 4224 laedit
664 4172 745 4227 334-
793 4171 943 4246 Templum
969 4171 1126 4247 aVirgine
1146 4183 1308 4249 susceptum
1327 4177 1372 4235 iu·

212 4261 327 4328 336111
343 4267 380 4322 75
396 4259 435 4343 [p.
451 4260 532 4344 306}
834 4269 945 4327 habitat
955 4269 1034 4327 Deus
1045 4268 1171 4328 Verbum
1188 4275 1246 4330 237
1256 4274 1371 4342 b,384e

170 4357 317 4436 Superbia,
331 4362 479 4419 hominum
493 4382 672 4438 magnorum,
687 4383 744 4422 nou
835 4386 852 4425 a
867 4366 968 4443 Seipso
982 4387 1041 4425 nou
1056 4367 1154 4427 dividit
1170 4373 1229 4430 559
1241 4391 1265 4429 c.

140 4453 143 4460 ’
210 4457 306 4515 vilium
321 4459 441 4516 tentatio
457 4464 516 4518 720
528 4460 581 4518 de.
794 4465 903 4540 Templi
919 4466 1011 4523 velum
1031 4486 1062 4528 se
1077 4467 1178 4535 scierit,
1193 4470 1370 4530 ludaeorum

170 4555 321 4634 Suppliciis
346 4557 418 4614 affici
443 4576 493 4615 eos
518 4559 564 4634 qui
589 4559 670 4616 nobis
695 4579 745 4618 no·
836 4563 1037 4639 blasphemiam
1054 4566 1209 4626 abhorrens
1227 4570 1369 4628 lutsab.
