3274 5262
295 327 360 390 not
627 329 663 392 B.
688 325 876 392 CYRILLI
900 325 1163 390 ALEXANDR.

294 488 520 590 ἐγκλήμασιν
548 493 749 593 ὑπενεγκεῖν
780 490 975 588 δυνάμενον
1002 487 1082 574 τοῦς
1116 487 1209 566 οὕτω
1241 491 1413 592 φρονεῖν
1440 486 1511 563 ε’λο·

129 623 195 677 364
210 623 249 678 Α·
266 610 433 708 τεμένους·
477 612 555 692 έστι
583 611 649 711 μέν
676 612 747 716 γάρ
776 611 1071 714 ὁμολογουμένως
1098 611 1172 690 κατ’
1202 605 1337 689 εἰκόνα
1371 613 1473 687 Θεοῦ
1497 609 1512 683 ὁ

297 735 496 838 ἅνθρωπος,
520 737 542 836 ἡ
568 737 606 816 δὲ
634 737 798 837 ὁμοιότης
826 737 868 816 οῦ
896 733 1099 834 σωματική·
1138 731 1257 835 ὁγάιρ
1284 729 1397 814 Θεός
1421 733 1512 810 ἐστιν

130 880 238 958 βιοῖο.
299 859 500 956 ἀσώματος.
525 863 583 939 καὶ
598 869 703 940 τοῦτο
718 859 850 966 διδάξει
869 861 988 962 λέγων
1001 856 1107 942 αῦτὸς
1126 859 1145 935 ὁ
1161 853 1296 958 Σωτήρ
1320 867 1346 901 “
1361 861 1513 952 Πνεῦμα

130 962 163 996 w'
178 961 216 1010 η’
298 991 320 1027 “
339 983 359 1060 ὁ
378 983 503 1067 Θεός.”
542 983 669 1063 οῦκοῦν
687 985 749 1062 οῦκ
769 983 987 1080 ε’νσάματος,
1006 989 1035 1060 εἰ
1063 979 1202 1076 πνεῦμά
1229 981 1354 1075 ἔστιν,
1378 979 1465 1057 οῦδὲ
1483 979 1535 1060 εἰᾰ
1590 1029 1591 1068 ;

298 1104 378 1184 ε’ίδει
407 1113 611 1212 σωματικῷ.
650 1107 692 1186 τὸ
722 1105 792 1209 γὰρ
821 1107 891 1212 ἔξω
919 1106 1098 1202 σώματος,
1123 1103 1192 1210 ἔξω
1220 1105 1281 1180 καὶ
1315 1101 1514 1206 σχήματος
1590 1083 1591 1120 A

298 1229 349 1327 εἴη
369 1231 425 1308 ἄν.
466 1231 608 1310 ἀποσον
626 1229 698 1333 γάρ
717 1235 775 1309 καῖ
800 1228 1077 1334 ἀσχημάτιστόν
1096 1230 1175 1306 ε’στι
1197 1225 1239 1306 τὸ
1263 1230 1387 1306 θεῖον.
1433 1225 1514 1305 εῖδὲ

299 1352 512 1456 νομίῷυσιυ,
542 1352 596 1433 ὁτι
629 1352 720 1433 κατά
747 1353 814 1453 τὴν
841 1361 905 1434 τοῦ
932 1353 1156 1453 ἀνθρωπίνου
1184 1349 1367 1446 σώματος
1401 1347 1515 1455 φύσιν

299 1479 550 1582 ε’σχηματίσθη
579 1480 638 1556 καῖ
666 1476 772 1561 αὐτὸς
801 1479 821 1555 ὁ
846 1479 904 1558 ε’πῖ
931 1476 1078 1556 πάντων
1097 1472 1199 1570 Θεὸς,
1228 1473 1514 1573 λεγέτωσαυά

264 1604 357 1681 ὁκαὶ
385 1599 490 1684 αὐτὸς
518 1599 589 1703 ἔχει
616 1601 729 1684 πόδας
754 1601 812 1680 ἵνα
841 1605 1035 1704 περιπατῇ,
1066 1605 1184 1702 χεῖρας
1211 1597 1271 1676 ἵνα
1306 1599 1354 1676 δι’
1395 1599 1546 1676 αῦτῶνο

299 1721 495 1826 ἐργάζηται,
515 1725 573 1802 καὶ
601 1720 815 1829 ὀφθαλμοῦς
842 1723 899 1803 ἵνα
921 1720 1041 1827 βλέπῃ
1059 1723 1100 1801 δι’
1121 1721 1251 1801 αὐτοῖν.
1290 1729 1372 1800 ποῦ
1393 1723 1514 1800 τοίνυν
1579 1766 1583 1835 Ι

298 1853 509 1948 περιπατεῖ;
551 1844 573 1946 ἢ
603 1850 642 1926 ἐκ
669 1847 783 1926 ποίων
811 1844 931 1927 τάττων
958 1851 1006 1929 εῖς
1033 1847 1156 1927 ποίους
1183 1843 1387 1948 ἀπέρχεται
1422 1843 1513 1923 ὁτά
1583 1881 1587 1899 ·

132 2002 203 2079 Hit?
299 1969 418 2050 πάντα
434 1976 612 2072 πληροῖν;
645 1969 715 2076 ἔφη
734 1968 806 2074 γάρ
824 1981 847 2016 “
860 1968 926 2068 Μὴ
939 1971 1017 2073 οῦχῖ
1035 1967 1099 2048 τὸν
1112 1964 1264 2070 οῦρανὸν
1278 1971 1341 2046 καῖ
1357 1967 1435 2067 τὴν
1447 1973 1513 2070 γῆν

133 2081 253 2130 '‘¹¹¹¹'²4'
301 2103 321 2140 “
340 2091 411 2194 ἐγὼ
429 2099 558 2195 πληροῖ
577 2093 676 2193 λέγει
696 2093 828 2194 Κύριος
843 2095 883 2190 ;”
913 2089 936 2193 ἢ
955 2094 1059 2176 ποίας
1084 2098 1205 2196 χεῖρας
1227 2097 1275 2174 εῖς
1301 2092 1403 2192 ἔργα
1429 2099 1515 2172 κινεῖ

300 2216 396 2296 ὁδιά
417 2213 546 2317 ζῶντος
566 2213 687 2320 Λόγου
706 2221 954 2319 δημιουργῶν;
988 2218 1046 2295 καῖ
1063 2221 1092 2294 εί
1110 2215 1191 2294 καθ’
1212 2214 1305 2313 ἡμᾶς
1325 2214 1408 2320 ἔχει
1431 2213 1511 2299 τοῦς
1522 2251 1545 2306 15
1588 2260 1594 2318 i

299 2338 512 2443 ὀφθαλμοὺς
536 2343 584 2424 ὡς
612 2342 649 2418 έν
667 2340 855 2447 προσώπῳ
874 2338 1059 2438 κειμένους,
1079 2341 1146 2440 οῦχ
1171 2339 1239 2443 ὁρᾷ
1260 2371 1336 2416 που
1360 2339 1511 2422 πάντως

271 2463 345 2543 oroi
375 2464 507 2543 ὀπίσω·
549 2465 634 2541 ἀλλ’
664 2463 750 2542 ὁταν
777 2462 869 2567 πρὸς
896 2461 1075 2546 ἀνατολὰς
1102 2461 1235 2566 βλέπῃ,
1265 2462 1334 2540 οῦκ
1369 2459 1451 2543 οἶδε
1480 2463 1514 2541 τί

300 2584 523 2688 πράττουσιν
545 2591 578 2664 οῖ
604 2588 642 2663 έν
664 2591 841 2684 δυσμαῖς;
875 2583 943 2666 κάν
966 2593 1013 2669 εἱς
1042 2584 1183 2684 δυσμὰς
1208 2585 1265 2690 ’ίδῃ
1291 2583 1429 2681 πάλιν,
1448 2589 1511 2689 οὐχ

303 2711 369 2816 ὁρᾷ
386 2708 468 2793 τοῦς
488 2711 525 2788 έν
545 2717 621 2793 ταῖς
641 2712 832 2793 ἀνατολαῖς
850 2744 861 2807 ;
893 2717 1004 2789 ταῦτα
1025 2714 1082 2789 καὶ
1099 2707 1252 2813 γράφειν
1271 2709 1510 2812 αἰσχύνομαι,

303 2833 361 2914 διά
389 2832 427 2912 δὲ
451 2831 517 2933 τὴν
545 2841 650 2913 τινῶν
676 2829 846 2912 ἀπόνοιαν
874 2833 1005 2934 γέγονα
1033 2833 1171 2939 ἄφρων,
1196 2833 1262 2935 οῦχ
1288 2830 1387 2910 έκάιν
1417 2841 1509 2930 μᾶλ-
1522 2856 1546 2894 ²0

303 2971 381 3054 λον,
413 2956 512 3035 ἀλλά
549 2959 632 3057 παρ’
668 2958 785 3035 αὐτῶν
817 2955 1102 3057 ἠναγκασμένος.
1142 2954 1510 3056 έπιστομιζείτθωσαυ

301 3080 418 3161 τοίνυν
445 3086 478 3160 οῖ
505 3089 617 3160 ταῦτα
646 3088 899 3184 φλυαροῦντες,
922 3083 970 3163 ὡς
994 3083 1150 3176 ἀμαθεῖς,
1169 3082 1227 3158 καῖ
1251 3078 1507 3180 ἠρεμείτωσαυ

302 3201 351 3302 μὴ
371 3203 564 3302 ἁπτόμενοι
591 3211 664 3282 τῶν
683 3203 770 3304 ῦπέρ
789 3203 947 3302 δύναμιν,
967 3211 1113 3303 μᾶλλον
1135 3201 1172 3283 δέ
1200 3201 1251 3302 μὴ
1280 3207 1507 3285 καταλαλεῖ·

344 3483 367 3520 1.
386 3466 492 3536 φρονεῖν
505 3466 641 3534 ε’λομένους
653 3467 704 3523 hoc
715 3469 808 3524 ordine
822 3471 855 3524 A.
1052 3487 1076 3524 2.
1097 3469 1185 3524 Pauca
1196 3469 1239 3523 hic
1252 3478 1278 3522 et
1291 3469 1364 3524 insta
1376 3473 1444 3526 citat
1457 3474 1509 3526 eol·

305 3537 383 3591 lectio
393 3537 605 3591 testimoniorum
617 3539 723 3609 Syriaco
735 3541 795 3594 cod.
809 3541 883 3595 Mut.
898 3540 963 3594 Brit.
975 3537 1037 3594 add.
1054 3555 1137 3611 14532
1151 3540 1251 3610 t01.79,
1265 3541 1346 3594 titulo
1360 3544 1509 3612 praemisso

306 3636 535 3700 misi<
547 3611 735 3702 mimia
755 3611 861 3702 tota
886 3624 1127 3731 κδιῖχκρι
1145 3613 1330 3703 udaian
1352 3641 1508 3706 τέως

306 3715 576 3827 idve-umida
596 3738 687 3794 Sanoti
706 3740 798 3810 Cyrilli
814 3760 846 3794 ex
865 3741 976 3810 epistola
994 3740 1028 3795 ad
1041 3740 1157 3795 Caloorio
1171 3741 1336 3811 Episcopum
1351 3743 1508 3798 Arsenoito-

307 3853 381 3890 num.
394 3834 442 3901 μέν
453 3835 503 3905 γδρ
516 3835 549 3888 A.
564 3834 623 3904 Syr.
635 3835 683 3905 μέν
694 3835 739 3890 οῦν
751 3837 792 3890 καλ
804 3838 855 3908 γάρ
869 3837 905 3890 D.
919 3836 970 3891 Ed.
1018 3853 1044 3908 3.
1064 3837 1137 3892 έστιν
1149 3836 1285 3906 ἀσώματος
1297 3836 1350 3891 hoc
1364 3838 1463 3894 ordine
1476 3841 1508 3894 A.

306 3906 331 3960 6.
351 3909 487 3975 σωματικῷ
501 3905 534 3958 A.
549 3910 670 3974 σώματος
684 3906 735 3960 Ed.
947 3909 973 3961 8.
991 3911 1038 3960 τοῦ
1049 3906 1208 3975 ἀνθρωπίνου
1224 3910 1345 3974 σώματος
1359 3909 1448 3976 φύσιν
1460 3911 1508 3964 hoe

306 3977 399 4031 ordine
412 3977 444 4030 A.
456 3973 540 4045 φῦσιν
552 3985 613 4030 ante
625 3980 671 4030 τοῦ
683 3976 832 4046 transponit
845 3975 897 4031 Ed.
1047 3994 1088 4032 12.
1105 3980 1241 4047 περιπατεῖ
1252 3981 1286 4030 A.
1298 3977 1446 4048 ἀπέρχεται
1459 3981 1508 4035 Ed.

308 4047 403 4102 Statim
416 4045 431 4113 ἢ
444 4047 478 4100 A.
492 4047 533 4100 καὶ
547 4045 597 4100 Ed.
651 4045 790 4115 ἀπέρχεται
804 4047 837 4100 A.
849 4046 997 4112 μεταβαίνει
1011 4045 1062 4101 Ed.
1264 4064 1307 4112 14.
1325 4049 1400 4118 λέγει
1416 4051 1509 4118 Κύριος

306 4117 417 4171 accessit
428 4134 460 4169 ex
473 4117 507 4170 A.
561 4118 650 4186 χεῖρας
662 4115 698 4172 εἰς
710 4118 774 4186 ἔργα
784 4116 836 4170 hoc
848 4117 941 4172 ordino
953 4117 988 4170 A.
1247 4117 1288 4170 18.
1307 4117 1424 4186 δυσμαῖς
1433 4119 1455 4190 3]
1471 4121 1509 4174 lu

306 4187 472 4256 interpungit
484 4187 518 4240 A.
573 4185 810 4257 οὐχ-ἀνατολαῖςι
831 4187 865 4240 A.
885 4189 932 4256 ὁρᾷ
955 4197 1017 4258 post
1037 4187 1174 4243 ἀνατολαῖς
1194 4196 1377 4258 transponunt
1397 4190 1437 4243 D.
1458 4191 1507 4244 Ed.

310 4275 350 4344 τε).
369 4259 425 4311 ταῖς
437 4265 604 4325 assumptum
618 4275 649 4310 ex
663 4257 734 4310 A.D.
871 4273 915 4311 21.
933 4259 1003 4311 ἀλλὰ
1015 4267 1183 4327 assumptum
1196 4276 1229 4310 ex
1242 4259 1315 4312 A.D.
1372 4259 1508 4326 ἐπιστομι-

307 4326 583 4395 ζεοθωσαν-ἀμοθεῑκ
601 4327 634 4382 A.
652 4327 737 4381 τοίνυν
754 4327 779 4380 oi
796 4330 876 4380 ταῦτα
893 4329 1093 4396 φληναφοῦντες
1110 4328 1144 4382 ὥς
1161 4328 1266 4395 ἀμαθεῖς
1283 4329 1508 4399 έπιστομιζέσθυ-

306 4420 357 4452 σαν
370 4397 421 4452 Ed.
533 4413 575 4452 22.
594 4394 910 4466 ἦμεμείτωσαν-δῦνομιν
923 4397 973 4451 hoc
986 4397 1078 4452 ordine
1091 4398 1124 4452 A.
1137 4394 1313 4466 ἦρεμεέτωσαν
1326 4410 1390 4469 pout
1401 4402 1508 4470 δύναμιν

308 4468 458 4536 transponit
471 4467 521 4523 Ed.
756 4485 798 4538 23.
817 4469 851 4538 μὴ
865 4469 1093 4524 καταλαλεῖτωσαν
1104 4472 1150 4522 τοῦ
1163 4473 1231 4522 θεοῦ
1243 4468 1294 4524 boc
1307 4469 1402 4526 ordine
1415 4475 1452 4526 A.
1464 4475 1509 4526 τοῦ

309 4541 375 4592 Θεοῦ
387 4539 421 4604 μὴ
434 4539 662 4593 καταλαλείτωσιιν
675 4537 726 4594 Ed.
