3278 5130
142 354 163 420 i.
180 355 209 419 8.
383 354 437 420 IN
466 350 725 420 EPlswLAM
754 351 818 417 AD
849 350 1100 419 HEBRAEOS.
1273 351 1367 512 875[
1437 445 1497 512 Μ]

1379 460 1425 514 109
1470 481 1476 496 .

336 617 423 704 Πρὸς
451 615 487 682 δὲ
514 618 571 684 τδν
598 615 673 686 Υἰόν
695 617 739 684 ‘0
766 619 882 706 θρόνος
909 639 976 697 σου,
1004 617 1022 682 ὁ
1048 613 1141 682 Θεόι.
1353 630 1371 686 8

201 805 288 884 Πιῦς
319 801 382 880 οῦν
414 802 478 881 οῦκ
515 801 690 882 ἀσύνετον
723 804 781 881 καὶ
816 799 935 905 θρασῦ
972 797 1014 880 τό
1048 796 1341 901 περιεργάζεσθαι

143 922 270 1027 φύσιν,
289 922 332 1002 δι’
351 924 395 1024 ἧς
418 922 465 1003 τά
491 921 611 1005 πάντα
636 923 807 1029 παρήχθη
824 925 916 1027 πρὸς
942 923 1107 1030 ὕπαρξιν,
1124 922 1192 1022 τὴν
1210 922 1341 1028 χρόνου

142 1046 279 1129 παντὸς
308 1048 583 1149 πρεσβυτίραν;
627 1047 801 1151 γεγόνασι
837 1047 909 1150 γάρ
941 1050 983 1128 δι’
1019 1050 1136 1146 αὐτῆς,
1168 1051 1226 1127 καὶ
1263 1048 1343 1127 ἔστι

109 1169 218 1273 5πρδ
239 1169 373 1254 παντός
398 1175 523 1254 αίιῦνος
542 1173 563 1250 5
581 1175 621 1251 εἰς
638 1176 735 1252 Θεοῦ
755 1171 899 1276 Πατρός
918 1171 1050 1273 Λόγος·
1088 1173 1172 1251 ἀλλ’
1193 1175 1226 1250 οἱ
1244 1170 1340 1252 πάν·

144 1303 275 1391 τολμοι
301 1302 561 1396 κατηγοροῦσιν
580 1296 688 1374 αὑτοῦ
715 1294 757 1375 τὸ
785 1296 964 1399 νεώτερον,
983 1297 1041 1374 καὶ
1066 1294 1216 1397 γενητόν
1234 1293 1343 1373 αὐτὸν

146 1413 239 1496 εἷναί
266 1423 395 1522 φασιν·
441 1417 505 1496 οὐκ
536 1413 665 1502 εἰδότες
697 1416 752 1497 ότι
783 1425 857 1501 τοῖς
889 1425 952 1497 τοῦ
981 1418 1099 1521 Ἀγίου
1132 1415 1342 1515 Πνεῦματος

145 1540 396 1645 ἀντιφέρονται
426 1537 560 1642 λόγοις·
601 1541 644 1620 δι’
674 1541 782 1620 αὐτοῦ
809 1538 875 1639 μὲν
906 1539 978 1643 γὰρ
1010 1544 1229 1640 πεποιῆσθαι
1261 1540 1342 1625 τοῦς
1355 1531 1501 1630 Supraia(

147 1661 277 1747 αίῶνάς
296 1670 414 1768 φασιν
432 1668 464 1744 οἱ
484 1671 681 1747 λαλοῦντες
699 1665 737 1742 ἕν
753 1663 946 1762 Πνεῦματι·
981 1669 1014 1744 οί
1033 1662 1070 1742 δὲ
1087 1661 1237 1765 γενητόν
1256 1660 1343 1742 εἶναι

90 1833 133 1874 10
148 1785 422 1892 διισχυρίζονται
440 1783 503 1867 τόν
516 1789 674 1867 ἐπέκεινα
692 1789 750 1867 καὶ
767 1795 830 1876 νοῦ
847 1791 904 1868 καὶ
924 1785 1047 1890 λόγου,
1061 1792 1118 1866 καὶ
1136 1787 1213 1867 οὐδ’
1233 1789 1342 1867 ε’κεΐνο

148 1910 311 2015 δέχονται
329 1908 420 1990 κστά
438 1917 533 1990 νοῦν·
574 1911 615 1989 οῦ
634 1908 707 2014 γάρ
724 1912 762 1990 ἐν
778 1907 898 2018 χρόνιρ
916 1909 1042 2012 γε’γονε
1065 1908 1184 2013 πατὴρ
1201 1913 1221 1991 5
1240 1909 1343 2008 Θεὸς,

148 2035 234 2114 ἀλλ’
254 2032 299 2133 ἦν
316 2034 372 2112 ἀεί
387 2067 426 2112 τε
444 2037 503 2112 καὶ
522 2034 560 2111 ἐν
585 2037 692 2139 ἀρχῇ·
725 2032 853 2115 τοῦτον
871 2034 908 2114 δὲ
931 2036 1042 2118 οὕτως
1070 2033 1223 2136 ἔχοντος,
1240 2031 1345 2114 πᾶσά
1355 2048 1413 2103 110
1428 2045 1476 2103 Μ·

34 2168 39 2178 “
146 2190 226 2241 πως
254 2154 392 2258 ἀνάγκη
422 2155 693 2263 σνννφεστάναι
711 2165 802 2238 νοεῖν
819 2155 882 2238 τὸν
901 2155 1000 2254 Υίόν,
1026 2157 1084 2236 ’ίνα
1113 2159 1171 2235 καὶ
1199 2159 1344 2256 ἀληθῶς

149 2277 293 2386 ῦπάρχη
318 2275 439 2377 πατὴρ
466 2280 485 2357 5
508 2276 611 2363 Θεός.
654 2282 728 2361 ε’πεὶ
754 2280 1036 2376 διδασκέτωσαν,
1065 2285 1095 2358 εί
1115 2277 1235 2378 Λόγος
1265 2282 1345 2359 ε’στὶ

88 2440 134 2502 15
147 2411 213 2482 τοῦ
230 2399 376 2504 Πατρός
395 2405 415 2481 ό
433 2401 521 2487 Υἱός
539 2405 597 2482 καὶ
615 2403 732 2509 σοφία
750 2405 807 2482 καὶ
830 2402 975 2499 δόναμις
1001 2404 1059 2481 καὶ
1085 2399 1267 2507 χαρακτὴρ
1287 2405 1346 2481 καὶ

149 2525 376 2627 ἀπαύγασμα
410 2529 473 2624 τῆς
501 2511 737 2608 ὑποστάσεως
769 2526 888 2620 αὐτοῦ,
911 2531 1013 2608 ποῖος
1042 2521 1087 2623 ἦν
1117 2523 1187 2626 ἀρα
1219 2523 1346 2626 χρόνος

149 2647 232 2730 καθ’
257 2647 299 2728 δν
325 2645 371 2747 ἦν
398 2648 531 2750 άλογος
564 2651 584 2728 ό
614 2645 754 2749 Πατὴρ,
783 2649 850 2752 οῦχ
882 2645 1102 2751 ῦπάρχοντος
1135 2653 1200 2726 τοῦ
1227 2651 1343 2744 Υίοῦ;

149 2771 241 2854 πότε
268 2771 306 2851 δὲ
333 2769 376 2871 ἦν
403 2772 487 2875 δίχα
508 2776 572 2871 τῆς
599 2775 724 2852 ἑαυτοῦ
752 2769 886 2873 σοφίας
916 2771 938 2869 ἡ
967 2773 1030 2868 τῆς
1061 2769 1196 2876 σοφίας
1219 2773 1345 2870 πηγῆς

149 2893 239 2976 πότε
257 2892 295 2973 δέ
313 2893 493 2991 δυνάμεως
512 2894 594 2998 δίχα
609 2928 619 2989 ;
649 2893 737 2975 πότε
757 2892 793 2971 δὲ
813 2894 877 2973 οῦκ
894 2891 939 2993 ἦν
957 2895 995 2973 ἐν
1014 2898 1098 3000 Θεῷ
1115 2891 1158 2972 τὸ
1177 2891 1345 2993 ἀπαύγα-

92 3065 137 3109 20
151 3051 233 3116 σμα
250 3021 315 3117 τῆς
332 3017 441 3123 δόξης
459 3019 591 3114 ιιῦτοῦ;
621 3016 740 3117 ἢπῶς
768 3017 832 3096 οῦκ
858 3013 975 3117 ἀνείη
1000 3013 1072 3095 σῦν
1099 3017 1195 3122 αὐτῷ
1223 3049 1262 3096 τε
1289 3018 1348 3095 καὶ

150 3142 190 3220 ε’ν
208 3142 304 3247 αὐτῷ
325 3145 489 3241 διηνεκῶς
516 3142 537 3220 5
567 3139 751 3245 χαρακτὴρ
779 3141 909 3236 αῦτοῦ;
941 3143 970 3217 εί
988 3137 1053 3237 μὲν
1080 3139 1143 3218 οῦν
1167 3141 1205 3217 ἐν
1228 3137 1348 3247 χρόνῳ

150 3271 264 3344 ταῦτα
292 3263 446 3364 γε’γονεν,
465 3263 529 3342 οῦκ
553 3261 598 3363 ἦν
615 3263 686 3366 ἀρα
711 3259 830 3364 πατὴρ
849 3269 935 3365 πρὶν
962 3261 1117 3364 γίνηται,
1137 3261 1273 3363 ἄλογος
1301 3259 1347 3361 ἦν

148 3388 212 3466 ’καὶ
239 3385 390 3492 ἀσοφος,
418 3387 475 3465 καὶ
503 3383 611 3490 ίσχῦν
638 3387 701 3466 οῦκ
730 3386 833 3490 ἔχων,
858 3383 1081 3490 χαρακτῆρός
1110 3418 1148 3464 τε
1177 3385 1261 3489 δίχα
1290 3387 1349 3464 καὶ

153 3507 449 3610 άπανγάσματος.
500 3511 586 3588 ἀλλ’
617 3505 714 3608 οἶμαι
744 3517 852 3589 τοῦτο
886 3505 974 3587 εἶναι
1006 3505 1183 3602 δυσσεβὲς
1208 3511 1349 3604 ἐννοεῖν,

94 3677 112 3716 2
117 3669 137 3731 5
153 3635 213 3711 καὶ
239 3635 302 3732 τῆς
331 3631 501 3712 ἀνωτάτω
531 3633 744 3728 δυσσεβείας
770 3631 952 3739 ἀπόδειξιν
984 3630 1068 3735 ἔχει·
1104 3632 1158 3710 ἀεὶ
1187 3629 1224 3709 δὲ
1256 3629 1300 3731 ἦν
1328 3631 1349 3709 5

192 3900 217 3940 τ.
236 3883 312 3943 Quae
330 3882 509 3955 sequebantur
525 3885 554 3939 in
572 3883 645 3939 Maio
662 3882 907 3952 'Amineum—5
922 3906 940 3954 χ
1026 3882 1033 3902 ’
1054 3923 1062 3948 ,
1077 3892 1171 3954 utpote
1189 3899 1221 3936 ex
1239 3882 1350 3937 homilia

146 3952 297 4024 desumpta
308 3954 555 4010 interhomiliarum
563 3955 712 4024 fragmenta
720 3953 931 4008 collocabuntur.
973 3959 1028 4010 πῶς
1050 3955 1184 4008 τοῦοδτοῦ
1192 3953 1221 4007 in
1229 3953 1350 4021 margine

147 4025 265 4095 -apponit
276 4024 313 4085 b..
325 4025 449 4079 homiliae
462 4025 641 4096 fragmentum
653 4024 723 4078 finiri
740 4023 870 4089 indicans,
882 4023 910 4077 in
928 4024 1048 4094 margine
1066 4040 1100 4088 a„
1113 4023 1204 4077 charta
1221 4023 1350 4077 crassiore

153 4104 255 4164 operto,
267 4095 319 4164 legi
331 4104 418 4164 potent
430 4095 478 4150 nil.
642 4113 669 4160 4.
687 4095 751 4163 ἵστη
764 4093 791 4148 b.
957 4092 984 4148 6.
1001 4094 1079 4148 οάτδν
1090 4089 1166 4164 εἶναι]
1180 4093 1257 4146 οῦτδν
1270 4093 1350 4147 σῦτοῦ

154 4165 166 4234 (
173 4165 280 4219 -οῦεδν
297 4161 376 4234 εἶναι)
389 4165 416 4218 b.
437 4163 528 4236 [αὐτοῦ
547 4181 595 4236 pro
606 4159 671 4218 εἶναι
683 4181 737 4218 non
749 4181 818 4226 raro,
832 4163 966 4232 exemplar
978 4180 1058 4217 suum
1072 4165 1116 4216 vix
1128 4164 1228 4232 legens,
1242 4163 1350 4218 exhibet

153 4233 239 4289 codex
251 4232 294 4288 hie
307 4234 353 4298 b.;
372 4233 405 4289 de
423 4252 478 4307 quo
495 4251 582 4289 errore
599 4233 785 4289 animadvertit
798 4233 896 4300 Maius,
910 4232 956 4288 Cr.
969 4249 1083 4287 errorem
1102 4249 1160 4286 erre
1175 4233 1304 4302 opinanr:
1323 4240 1351 4287 at

153 4305 191 4360 ita
204 4301 346 4376 revenh]
443 4323 469 4377 9.
488 4305 567 4359 αὐτοῦ
579 4322 629 4376 pro
640 4302 703 4360 εἶναι
715 4305 753 4369 b„
765 4303 930 4358 videnotam
961 4301 1151 4358 raeoedentern.
1248 4320 1291 4357 ιο.
1309 4303 1351 4356 καὶ

154 4377 201 4430 τοῦ
219 4375 260 4429 καί
276 4376 359 4446 λόγον
377 4392 402 4431 a.
420 4379 505 4431 καινοῦ
521 4377 604 4446 λόγον
616 4375 643 4430 b.
657 4375 698 4430 καὶ
710 4379 755 4430 νοῦ
765 4376 848 4446 λόγον
859 4374 922 4446 (uic)
979 4412 986 4428 .
1023 4372 1117 4427 Statim
1136 4372 1178 4426 καὶ
1195 4373 1285 4427 omisit
1298 4371 1351 4427 Ed.

149 4443 209 4500 οὐδ’
222 4444 277 4500 ιλ).
289 4444 349 4499 οῦδὲ
362 4443 407 4500 Cr.
421 4445 493 4500 unde
506 4445 606 4500 Maius.
663 4445 750 4502 δκιίνω
762 4445 824 4514 (εἰς)
838 4444 864 4500 b.
1039 4457 1082 4499 τι.
1097 4442 1146 4497 οὐκ
1159 4439 1203 4514 ἦν]
1217 4443 1311 4498 οὐκοῦν
1322 4441 1351 4498 b.

154 4515 289 4586 γσγίνηται
302 4515 409 4586 (ίοηοτ
416 4514 477 4586 πρίν
487 4537 519 4587 γε
530 4515 646 4587 γίνηται)
655 4515 683 4572 b.
