3284 5130
122 341 186 406 xix.
200 362 254 430 30.
403 343 462 408 IN
493 342 527 409 S.
551 342 808 412 JOANNEM.
855 343 950 410 LIB.
974 342 1055 410 XII.
1265 345 1327 410 101

122 506 316 588 διαπῖπτον
344 506 466 612 χρείας
486 541 525 588 τε
543 511 602 590 καὶ
625 507 783 614 χάριτος.
822 507 902 594 ἐθος
925 515 1116 614 τοιγαροῦν
1133 507 1233 611 παρὰ
1255 514 1329 594 τοῖς

121 629 308 711 Ἰουδαίων
330 630 455 733 δήμοις·
481 668 520 714 τε
549 635 607 713 καὶ
635 631 842 734 ἡγουμένοις
868 630 1005 736 ἐκράτει
1032 639 1205 713 τοιοῦτον·
1242 633 1366 713 ἐπα-ἁ

122 759 293 858 θροῦντες
309 755 382 860 γάρ
400 791 435 836 τι
447 755 693 861 τραπόμενον
712 754 733 837 δ
752 763 879 838 λιπεῖν
892 755 947 837 ότι
966 755 1130 857 μάλιστα
1144 755 1208 839 τὸν
1223 791 1329 856 νομο-

122 879 230 979 θέτην
249 878 373 979 ἐδόκει,
391 879 504 984 ἤγουν
521 879 703 966 ἐπαΐοντές
720 907 755 961 τι
774 887 848 961 τῶν
866 879 1141 986 ἀπηχεστάτων,
1160 877 1331 985 ῥημάτων

91 1023 108 1086 5
123 1001 161 1082 δέ
175 1001 349 1102 δηλονότι
365 1007 459 1112 φημὶ
477 1011 551 1087 τῶν
568 1005 768 1086 τελούντων
780 1011 828 1089 εἰς
842 1006 1098 1113 βλασφημίαν,
1111 1002 1178 1107 τὴν
1191 1006 1330 1105 ἐσθῆτα

121 1126 434 1232 περιερῤήγνυντο,
467 1131 527 1211 καὶ
558 1127 600 1210 τὸ
633 1136 707 1214 τοῖς
736 1135 911 1210 πενθοῦσι
937 1129 1076 1234 πρέπον
1107 1128 1330 1211 ἐπλάττοντο

122 1255 267 1356 σχῆμα,
284 1253 570 1355 ἀπολογούμενοι
581 1251 715 1357 τρόπον
726 1252 806 1334 τινὰ
825 1252 884 1333 διὰ
901 1253 1028 1335 τούτου
1041 1256 1135 1361 θεῷ,
1145 1256 1203 1334 καὶ
1218 1257 1266 1334 δι’
1280 1250 1331 1333 ῶν

123 1375 219 1480 ἔχειν
236 1372 382 1456 ἐδόκουν
399 1377 441 1457 οῦ
460 1382 638 1482 φορητῶς,
651 1381 715 1476 τῆς
735 1384 808 1457 τῶν
824 1373 1184 1478 πεπλημμεληκότων
1201 1376 1329 1476 μανίας

122 1496 371 1601 καθορίζοντες
392 1501 503 1600 δίκην,
523 1499 593 1606 ἔξω
611 1535 650 1580 τε
672 1498 797 1600 πάσης
816 1505 879 1601 τῆς
897 1503 955 1580 ἐπὶ
973 1499 1111 1585 τούτοις
1130 1499 1243 1585 αἰτίας
1261 1499 1329 1600 τὴν

78 1662 111 1702 10
123 1623 257 1703 οἰκείαν
274 1621 400 1727 ῶσπερ
417 1621 621 1723 ποιούμενοι
636 1623 812 1731 κεφαλήν.
845 1627 903 1705 καὶ
921 1632 1012 1727 γοῦν
1027 1631 1092 1705 τοῦ
1106 1627 1274 1727 Σωτῆρος
1294 1629 1327 1705 οἱ

122 1749 295 1848 μαθηταὶ,
307 1747 500 1851 Βαρνάβας
519 1745 557 1826 δέ
575 1747 673 1828 οῦτοι
690 1751 749 1827 καὶ
762 1753 922 1846 Παῦλος,
936 1747 995 1828 ότε
1007 1746 1096 1832 τινές
1111 1745 1239 1832 αὐτοῦς
1253 1754 1358 1830 τῶνα

123 1873 227 1952 οὔπω
251 1870 542 1952 πεπιστευκότων
570 1869 743 1970 οἰηθέντες
775 1867 862 1951 εἶναι
890 1870 1000 1954 θεούς·
1034 1880 1057 1918 “
1069 1870 1222 1952 ἐκάλουν
1255 1869 1327 1976 γὰρ
1373 1901 1441 1950 κου
1451 1899 1496 1978 βε.

124 2005 147 2042 “
164 1994 232 2076 τὸν
245 1995 311 2094 μέν
325 1993 520 2099 Βαρνάβαν
534 1995 618 2094 Δία,
632 1993 696 2075 τὸν
709 1992 748 2074 δέ
763 2000 915 2108 Παῦλον
925 1995 1097 2095 Ἑρμῆν·”
1128 2001 1202 2079 τοῖς
1220 1999 1326 2098 ἱερεῦ·
1373 1968 1424 2083 1A2p
1435 1981 1486 2016 xw.

124 2154 190 2199 σιν
217 2120 309 2218 ὁμοῦ
335 2119 465 2204 θυσίας
496 2121 554 2200 καὶ
582 2120 772 2218 πέμματα
801 2118 1093 2222 παρενεγκόντες,
1124 2119 1327 2224 ἐπεχείρουν
1373 2151 1468 2214 lb.13.

79 2272 110 2332 15
124 2243 196 2343 ἤδη
215 2246 274 2323 καὶ
294 2245 435 2329 θυσίαις
447 2249 564 2342 τιμῶν,
578 2251 643 2324 τοῦ
663 2243 841 2342 δωματίου
858 2241 1187 2342 καταπηδήσαντες,
1203 2241 1265 2323 άτε
1283 2241 1327 2344 δὴ

125 2371 269 2467 καὶτῆς
293 2369 389 2453 θείας
410 2367 518 2474 δόξης
540 2365 779 2468 ἀδικουμένης,
801 2371 830 2446 εἰ
854 2372 1129 2471 προκομισθεῖεν
1147 2366 1243 2451 ὅλως
1265 2369 1328 2446 άν-

124 2492 284 2596 θρώποις
302 2493 434 2585 θυσίαι,
449 2490 636 2599 διέρῤηξαν
649 2489 696 2571 τὰ
710 2488 831 2590 ἱμάτια
844 2493 989 2588 ἑαυτῶν,
1003 2488 1096 2570 καθὰ
1114 2489 1326 2593 γέγραπται,
1374 2527 1414 2581 ῃ),
1429 2541 1467 2591 14·

122 2617 184 2696 καὶ
203 2613 247 2696 τῦ
265 2614 400 2716 ἀμαθὲς
426 2622 500 2696 τῶν
523 2615 881 2718 εἰδωλολατρούντων
898 2614 1091 2720 ἐγχείρημα
1116 2618 1190 2697 τοῖς
1212 2612 1324 2714 καθή-

123 2773 255 2820 κουσιν
292 2739 532 2844 ἀπεκρούοντο
568 2738 703 2841 λύγοις.
744 2738 951 2840 κρινομένου
988 2735 1025 2818 δέ
1062 2744 1127 2817 τοῦ
1160 2741 1496 2840 ΣωτῆροςᾶῑθἹθΛ·

74 2865 229 2964 ιοὴμῶν
254 2868 420 2966 Χριστοῦ
442 2861 543 2967 παρὰ
565 2870 639 2948 τοῖς
659 2862 841 2943 Ἰουδαίων
866 2867 1097 2964 καθηγηταῖς,
1124 2865 1183 2942 καὶ
1209 2863 1263 2946 τίς
1288 2895 1328 2941 τε

123 2987 261 3088 εἴηκαὶ
286 2987 398 3068 πόθεν
424 2986 606 3068 διδάσκειν
633 2985 901 3086 ἀπαιτουμένου,
931 2977 1100 3089 λέγοντός
1129 3020 1166 3065 τε
1195 2991 1328 3092 σαφῶς

124 3119 148 3158 ‘⁶
166 3109 288 3210 Ἀμὴν
304 3111 403 3214 λέγω
420 3112 516 3210 ύμῖν,
537 3109 597 3191 ἀπ’
618 3109 699 3213 άρτι
717 3109 857 3214 ὄψεσθε
877 3107 941 3189 τόν
960 3108 1035 3190 υἱὸν
1052 3117 1117 3189 τοῦ
1134 3109 1327 3213 άνθρῶπου
1370 3112 1495 3243 ἓξὲξ

123 3243 148 3281 “
166 3232 368 3334 καθήμενον
384 3235 424 3314 ἐκ
450 3234 576 3342 δεξιῶν
593 3237 656 3332 τῆς
674 3230 857 3332 δυνάμεως
881 3235 940 3312 καὶ
962 3230 1153 3337 ἐρχόμενον
1172 3235 1229 3312 ἐπὶ
1253 3237 1326 3312 τῶν

123 3367 147 3404 “
168 3363 333 3465 νεφελῶν
364 3365 428 3438 τοῦ
465 3358 646 3461 ούρανοῦ,”
678 3362 751 3436 τῶν
784 3361 888 3460 ἱερῶν
919 3355 1156 3456 άναπήδησας
1187 3356 1327 3464 δίφρων

72 3483 145 3579 256
177 3479 349 3587 Καῖάφας
376 3492 399 3530 “
413 3481 572 3588 διέῤῥηξε
600 3478 647 3561 τά
674 3478 796 3579 ἱμάτια
826 3479 953 3560 ἐαυτοῦ
984 3475 1106 3581 λέγων
1129 3477 1323 3585 Ἐδυσφή·
1371 3509 1412 3559 1b.
1423 3510 1465 3572 65.

122 3619 147 3655 “
165 3605 318 3708 μησεν.”
355 3607 424 3688 ἔθει
456 3614 647 3710 τοιγαροῦν
674 3606 726 3712 τῷ
757 3602 842 3708 παρ’
868 3605 988 3688 αὐτοῖς
1017 3601 1239 3706 κρατήσαντι
1268 3606 1327 3684 καὶ

121 3730 233 3816 αὐτὸς
261 3733 281 3811 ὁ
309 3736 401 3816 θεῖος
426 3729 551 3832 ῶσπερ
579 3727 761 3835 ἐχρήσατο
785 3726 880 3825 ναός,
898 3725 1091 3834 διαῤῥήξας
1118 3729 1166 3812 ῶς
1186 3723 1327 3825 ἱμάτιον

120 3855 168 3938 τὸ
195 3853 287 3935 ἴδιον
310 3847 582 3954 καταπέτασμα,
608 3861 672 3933 τοῦ
691 3856 859 3953 Σωτῆρος
886 3853 987 3952 ἡμῶν
1015 3849 1117 3934 εύθῦς
1141 3848 1322 3930 ἀποπνεύ-

119 4013 271 4064 σαντος.
309 3983 373 4079 τῆς
390 3977 463 4081 γάρ
480 3977 661 4058 Ἰουδαίων
680 3974 890 4082 ἀφιλοθείας
913 3973 1176 4082 κατεψηφίζετο
1195 3972 1260 4073 τήν
1278 3979 1327 4057 είς

67 4102 235 4186 3οαύτῦν
262 4103 491 4199 δυσσεβειαν.
539 4103 617 4208 θείηι
644 4098 682 4180 δέ
710 4099 754 4200 δή
781 4096 924 4182 πάντως
951 4098 1107 4204 ἐνεργείᾳ
1134 4100 1192 4176 καὶ
1219 4104 1359 4186 τοῦτοι)

120 4230 337 4330 ἐπληροῦτο,
359 4225 418 4306 ἵνα
443 4230 644 4308 πενθοῦντα
670 4222 734 4304 τὸν
751 4219 907 4326 Ἰσραὴλ
934 4221 993 4302 καὶ
1023 4217 1132 4300 αὑτὸν
1160 4219 1243 4320 ἡμῖν
1261 4219 1326 4301 τὸν

121 4349 229 4454 ι’ίγων
247 4347 405 4458 ἐπιδείξῃ
423 4348 521 4431 ναόν.

161 4541 186 4581 2.
200 4527 498 4597 τοωῦτοναιιαιαριυω
511 4521 590 4578 οκΕ.
736 4538 762 4593 3.
780 4542 806 4576 n
819 4519 851 4576 E.
865 4517 968 4591 Migne.
978 4538 1019 4573 τοι
1032 4515 1085 4572 Ed.
1241 4533 1284 4572 το.
1297 4537 1326 4570 τι

123 4605 298 4668 asumptum
311 4613 343 4651 ex
358 4595 391 4651 E.
