3294 5130
309 327 376 390 454
473 327 511 392 B.
533 326 719 393 OYRILLI
744 326 1004 394 ALEXANDR.
1029 325 1200 392 FRAGM.
1225 323 1342 391 HOM.

311 490 370 566 καὶ
395 489 610 639 προσῄεσαν
631 495 665 570 οἱ
693 497 840 592 θρασεῖς
864 491 1182 594 διαμαρτυρόμενοί
1199 524 1238 571 τε
1261 491 1321 569 καὶ
1341 485 1509 588 λε’γοντες

141 604 276 723 ξχιΜζὲθδ·
310 617 333 655 “
352 611 484 690 Οῦκ’
462 610 599 696 ακούεις
625 613 665 692 τί
687 613 784 693 οὗτοι
816 613 989 716 λεγουσιν
1001 612 1035 710 ;”
1071 614 1262 717 μονονουχὶ
1291 609 1365 714 γάρ
1390 615 1510 716 φασιν

303 729 556 835 Ἄνθρωπος
528 769 579 812 ων
597 733 705 840 αἰνίχη
719 734 1025 842 δοξολογούμενας
1043 738 1101 815 καὶ
1120 739 1168 820 ὡς
1180 732 1274 818 θεὸς
1289 731 1509 830 ὑμνούμενος

309 857 368 934 καὶ
396 853 460 940 τὰς
478 862 562 965 θεῷ
588 857 797 960 πρεπούσας
820 859 993 974 εὐφημίας
1017 857 1103 962 δέχη
1126 856 1227 961 παρὰ
1248 863 1322 937 τῶν
1339 857 1504 950 παίδωνὲ

309 980 369 1057 καὶ
395 979 435 1058 τί
457 977 549 1082 πρὸς
576 989 688 1061 ταῦτα
712 981 900 1083 Χριστόςς
940 980 1191 1083 ἡγανάιαηαεν
1218 977 1288 1083 θρα
1316 977 1407 1058 κατὰ
1433 984 1543 1064 τῶν5

309 1101 469 1200 παίδων;
501 1104 721 1183 ἀπεσείσατο
739 1103 804 1204 τὴν
822 1103 1062 1211 δοξολογίιν;
1096 1105 1288 1203 ἐπετίμησε
1305 1109 1378 1185 τοῖς
1395 1103 1506 1206 εύφη-

309 1233 442 1323 μοῦσιν
455 1223 563 1306 αύτῦν
576 1229 625 1309 ὡς
643 1223 739 1305 θεόν
751 1257 762 1320 ;
791 1229 964 1324 οῦδαμιῦς·
993 1226 1063 1377 ἔφη
1077 1225 1149 1329 γὰρ
1162 1231 1307 1322 μᾶλλον
1319 1221 1410 1324 πρὸς
1422 1221 1508 1306 τοὺς

142 1367 182 1416 Ib·
310 1347 612 1455 φιλεγκλήμονας
632 1358 654 1397 “
668 1350 792 1428 Οῦκ’
770 1348 945 1450 ανέγνωτε
963 1347 1018 1428 ὅτι
1035 1351 1074 1428 ἐκ
1092 1346 1275 1446 στόματος
1293 1345 1429 1445 νηπίων
1447 1349 1508 1424 καὶ

141 1484 270 1602 Βοῖος·
232 1501 297 1537 ··¹¹¹
310 1481 332 1520 “
351 1469 578 1573 θηλαζόντων
602 1472 807 1574 κατηρτίσω
825 1467 948 1550 αἶνον·
937 1532 949 1568 ,
980 1469 1075 1571 ἀμὴν
1098 1470 1239 1573 λε’γω
1219 1476 1302 1568 υμῖν
1327 1467 1388 1548 ἐὰν
1406 1467 1506 1546 οὗτοι

141 1564 158 1613 ⁴
309 1603 332 1640 “
350 1593 602 1691 σιωπήσωσιν,
628 1627 661 1672 οι
650 1595 780 1674 ’λίθοι
810 1591 1127 1700 xexpa'fovratf
1107 1626 1192 1695 αρας
1214 1590 1313 1675 ὅπως
1335 1623 1501 1692 προσμε·
1525 1631 1566 1672 10

307 1714 531 1818 μαρτύρηκεν
558 1715 672 1822 ἑαυτῷ
699 1714 765 1814 τὴν
792 1718 857 1814 τῆς
886 1715 1052 1816 θεότητος
1079 1715 1191 1820 δόξαν
1218 1716 1239 1793 ὁ
1266 1711 1509 1816 ἐποχούμενος

307 1841 359 1943 τῷ
382 1837 497 1945 πώλῳ
521 1838 577 1917 καὶ
598 1837 690 1916 κατὰ
711 1838 832 1941 σάρκα
855 1835 929 1923 υἱὸς
947 1840 1108 1935 Δαυείδ;
1140 1838 1226 1916 ἀλλ’
1245 1837 1310 1915 ούκ
1334 1834 1379 1935 ἦν
1396 1833 1509 1941 δόξης

307 1960 502 2060 ἀλλοτρίας
515 1957 680 2044 κοινωνὸς
694 1963 743 2044 ὡς
753 1961 856 2040 αύτοί
867 1966 984 2068 φασιν
998 1960 1083 2040 ἀλλ’
1101 1958 1181 2040 οὐδὲ
1198 1959 1316 2060 ἕτερος
1328 1955 1427 2058 παρὰ
1440 1954 1509 2037 τὸν

307 2082 347 2160 ἐκ
367 2086 462 2160 θεοῦ
481 2079 627 2183 Πατρὸς
645 2081 768 2183 Λόγον
787 2086 835 2167 ὡς
853 2081 940 2167 Υἱὸς
967 2082 1059 2163 κατὰ
1082 2082 1204 2180 μόνας.
1238 2079 1297 2160 διὰ
1314 2087 1421 2162 τοῦτο
1445 2086 1508 2161 καὶ

307 2201 401 2287 θεὸς
429 2208 486 2284 καὶ
506 2204 637 2306 Κύριος
660 2207 719 2284 καὶ
731 2200 918 2311 Ὕψιστος
940 2202 1148 2306 ὀνομάζεται
1175 2207 1234 2285 καὶ
1262 2201 1321 2283 διδ
1347 2207 1416 2314 τῆς
1430 2209 1508 2282 τῶν
1528 2239 1567 2300 ¹5

306 2326 473 2428 ἀγγέλων
491 2331 625 2432 φωνῆς.
659 2331 717 2407 καὶ
736 2333 824 2428 γοῦν
842 2327 863 2405 ὁ
882 2327 1054 2430 μακάριος
1074 2326 1242 2430 Γαβριὴλ
1256 2323 1322 2425 τὴν
1334 2325 1507 2406 Ἰωοίννου

306 2447 476 2548 γέννησιν
499 2447 811 2552 εῦαγγελιζύμενος
836 2452 894 2528 καὶ
913 2449 978 2550 τὴν
995 2449 1170 2550 ἐσομένην
1194 2450 1303 2528 αι’ποῦ
1325 2449 1506 2528 διακονίαν

140 2592 208 2642 Πιὶ.
222 2605 260 2658 14
305 2571 438 2673 ἐναργῆ
469 2572 642 2657 καθιστὰς
672 2577 724 2679 τῷ
756 2571 921 2677 Ζαχαρία
952 2576 1069 2678 φησὶν
1096 2571 1152 2653 ὅτι
1178 2570 1350 2652 “πολλοὶ
1374 2572 1431 2649 ἐπὶ
1458 2575 1508 2676 τῇ

140 2711 181 2762 ιι).
193 2714 231 2764 ιο.
306 2703 328 2740 “
339 2693 507 2795 γεννήσει
529 2695 636 2774 αῦταῦ
658 2693 879 2798 χαρήσονται
903 2698 961 2774 καὶ
978 2692 1142 2779 πολλοῦς
1160 2701 1232 2774 τῶν
1250 2698 1334 2773 νίεῦν
1350 2691 1506 2795 Ἰσραὴλ

306 2826 328 2864 “
346 2816 557 2971 ἐπιστρεηιει
584 2819 642 2897 ἐπὶ
666 2815 801 2920 Κύριον
828 2815 892 2896 τὸν
923 2815 1019 2897 Θεὸν
1045 2817 1198 2898 αῦτιῦν.”
1224 2822 1302 2900 πῶς
1329 2816 1391 2895 οῦν
1418 2815 1502 2894 ἔπε’-
1523 2845 1566 2886 20

306 2941 510 3046 στρεφεν’
491 2944 550 3021 επὶ
582 2936 779 3043 Κύριον
743 2973 807 3020 τον
835 2937 997 3020 Θεῦν’
955 2947 1073 3020 αντεῦν
1093 2938 1176 3024 τοῦς
1205 2936 1299 3023 νίούς
1323 2937 1505 3041 Ἰσραήλ;

140 3072 267 3202 {on
241 3089 276 3123 ·¹·
307 3059 617 3229 εὐηγγελίζετο
571 3096 642 3165 γαρ
662 3064 781 3148 αὐτοῖς
802 3063 921 3166 λεγων
949 3072 971 3110 “
987 3063 1137 3144 Ὀπίσω
1165 3097 1234 3162 μον
1251 3061 1389 3165 ἔρχεται
1400 3058 1507 3210 ύνηρ

140 3203 178 3253 lb
190 3214 230 3267 ³3
242 3216 282 3266 οι
308 3181 387 3267 “ῦς
413 3183 616 3288 ἔμπροσθέν
638 3219 709 3283 μον
733 3185 888 3288 γε’γονεν,
914 3185 969 3266 ὅτι
989 3185 1131 3290 πρῶτός
1158 3218 1228 3285 μον
1246 3182 1364 3284 ἦν,’
1321 3217 1421 3285 καγω
1440 3183 1507 3264 ούκ

306 3302 506 3410 “ᾕδειν
465 3305 573 3387 αυτὸν
589 3309 710 3388 ιίλλΗ
694 3342 713 3387 ο
736 3309 888 3415 πέμψας
910 3343 955 3408 με
979 3308 1202 3411 βαπτίζειν’
1183 3343 1222 3387 εν
1248 3309 1395 3403 ῦδατι,’
1377 3307 1508 3392 εκεῖνύς

305 3435 329 3473 “
346 3460 407 3525 μοι
434 3423 530 3508 εἶπεν
546 3430 631 3535 Ἐφ’
655 3428 697 3509 δν
725 3429 769 3510 ἂν
793 3430 871 3536 ’ίδης
893 3429 936 3512 τὸ
972 3437 1120 3530 Πνεῦμα
1142 3436 1360 3524 καταβαῖνον
1377 3428 1422 3535 ἐξ
1438 3429 1501 3507 ού·
1523 3447 1566 3506 ²5

305 3558 327 3596 “
344 3559 455 3652 ρανοῦ
484 3555 542 3632 καὶ
572 3552 680 3652 με’νον
712 3554 767 3633 ἐπ’
798 3553 917 3652 αὐτὸν,
951 3553 1053 3638 οὗτός
1084 3555 1185 3634 ἐστιν
1212 3555 1233 3632 ὁ
1257 3551 1440 3655 βαπτίζων
1466 3554 1506 3631 ἐν

305 3682 328 3720 “
348 3673 530 3773 Πνεύματι
547 3675 673 3782 Ἀγίερ,
692 3672 793 3776 κάγὼ
814 3674 953 3779 ἑώρακα
972 3677 1030 3755 καὶ
1049 3673 1302 3778 μεμαρτύρηκα
1323 3673 1377 3754 ὅτι
1400 3675 1506 3758 οὗτός

306 3806 329 3843 “
346 3797 447 3876 ἐστιν
465 3799 486 3875 ῦ
509 3794 582 3880 υίὸς
597 3805 661 3877 τοῦ
679 3798 810 3878 θεοῦ.”
844 3801 902 3878 καὶ
921 3800 985 3879 ούκ
1003 3795 1078 3879 είπε
1103 3797 1192 3898 μετὰ
1215 3797 1344 3877 τούτου
1361 3799 1502 3877 ἔστὶνῦ

306 3916 378 4003 υίὸς
397 3926 460 3998 τοῦ
474 3923 570 3999 θεοῦ
587 3920 672 3999 ἀλλ’
692 3920 764 4000 οὐδ’
780 3923 818 4001 ἐν
836 3920 950 4028 τούτῳ
969 3923 1081 4017 ε’στὶν,
1099 3919 1254 4001 ἀλλ’ὅτι
1273 3917 1376 4003 οὗτός
1390 3922 1502 4000 ε’στιν.

339 4089 367 4130 2.
385 4074 523 4146 μονονονχὶ
540 4083 602 4130 ante
622 4075 664 4130 δια
639 4096 740 4200 ιηηιαρτ.
758 4076 910 4146 transponit
927 4075 994 4131 Νἰλ.
1014 4075 1084 4132 Sem
1137 4077 1197 4159 γάρ.
1209 4073 1307 4148 φασιν]
1326 4075 1383 4130 αντὶ
1400 4097 1446 4130 τον
1433 4075 1505 4132 ld.

304 4144 428 4215 φη.ααδ
464 4145 585 4200 Statim
572 4145 651 4203 ωςαδ
673 4145 721 4200 διι
733 4144 887 4200 ὒλοαιαιεε
969 4161 1048 4217 ωε
1059 4147 1125 4204 θεὸς
1136 4145 1197 4200 καὶ
1189 4163 1296 4202 ιιιτειιο
1307 4145 1400 4200 οιδιιιο
1412 4145 1503 4203 chon

305 4233 332 4280 4.
304 4145 392 4268 καὶ
403 4215 582 4270 τας-παίδων
594 4214 837 4286 αιειιιιιριιιοΝιλ
851 4215 922 4271 Serr.
1117 4217 1134 4270 8
1135 4233 1180 4286 9
1197 4215 1399 4410 οδκῖἒάιέἷπα
1362 4237 1421 4284 αμα
1376 4215 1504 4338 μαὲἰπι-

1436 4285 1503 4340 hon.

304 4420 414 4508 ὕστερος
455 4422 493 4478 ik.
504 4423 575 4480 Serr.
681 4439 722 4493 ι5.
715 4426 821 4516 ὄνομά
822 4425 1015 4493 ζεταιδοιὼ
1063 4431 1179 4482 rivom.
1193 4425 1276 4481 Ruth.
1304 4354 1347 4408 Μ
1386 4354 1503 4495 yffi

476 4580 494 4633 p
635 4583 694 4620 u.
722 4587 738 4620 α
760 4582 815 4621 om.
840 4583 888 4622 ,ιο
901 4567 1024 4623 nuic.
1091 4567 1181 4638 29.'
1205 4565 1308 4622 u

305 4283 589 4370 σταμίζωναύταῦςὸτι
602 4285 644 4340 lb.
797 4302 838 4341 10.
856 4286 1021 4358 κικρύξονται
1033 4285 1098 4341 Νἱλ.
1113 4255 1183 4340 Βίιιτ.
1196 4285 1211 4340 5
1228 4306 1273 4340 κεκ

303 4373 419 4440 μιμαρτν
453 4355 534 4410 κενλ.
644 4371 686 4428 13.
703 4353 975 4427 αὖτοί]αίχριστύμει
994 4356 1098 4412 οιΝἰλ.
1112 4355 1183 4411 Serr.
