3278 5130
166 428 179 494 [
205 429 237 478 ⁰⁸
250 427 280 478 M
300 333 385 494 ρτι
494 333 535 399 Β.
556 331 744 398 onum
769 329 1034 396 ALEXANDR.
1059 281 1342 396 ςαιοιιαπύι
1456 325 1528 404 i·4

192 443 203 480 l
282 467 288 480 .

322 527 450 574 σοντωι
468 494 506 576 δὲ
525 495 631 596 ὅμως,
648 495 710 577 ε’ἀν
727 495 798 600 ἀρα
815 493 992 595 μάθωσιν,
1008 497 1057 579 ὡς
1074 496 1112 574 ἐν
1129 490 1196 593 μὲν
1213 499 1288 576 τοῖς
1306 489 1526 592 ὁμογενέσιν

322 618 616 720 ὁμολογούμενος
644 625 747 726 φιλεῖ
769 615 812 700 τό
833 621 896 718 τῆς
916 618 1148 720 Ισυγιιρίσεως
1171 616 1351 718 γίνεσθαι,
1374 615 1434 694 καὶ
1457 612 1528 692 ούι

322 743 361 819 ἐν
379 747 451 823 τοῖς
470 739 720 844 ἑτερογενείτιν.

379 864 508 947 Οὐδεὶς
534 872 623 965 γοῦν
641 863 737 945 Θεὸν
758 864 946 968 συγκρίνει
971 863 1063 967 πρὸς
1086 863 1286 967 ἄνθρωπον,
1304 856 1384 940 ούδέ
1407 855 1531 938 πόλιν

324 985 513 1088 ἄνθρωπον
537 984 628 1090 πρός
651 986 698 1066 τὰ
725 987 855 1090 ἀλογα,
884 986 963 1067 οὐδὲ
991 985 1088 1093 ξύλα
1114 984 1204 1090 πρὸς
1235 986 1358 1067 λίθους
1385 980 1447 1062 διὰ
1482 980 1564 1072 τὸς

206 1101 210 1110 ’
325 1107 490 1208 ἀνόμοιον
526 1113 589 1208 τῆς
625 1109 783 1216 φύσεως·
827 1108 928 1190 ἀλλά
966 1109 1060 1194 θεός
1091 1109 1158 1210 μὲν
1189 1106 1410 1211 ἀσύγκριτον
1442 1107 1531 1184 ἐστὶ

324 1238 484 1334 πρᾶγμα,
521 1232 709 1335 ἅνθρωπος
746 1231 785 1314 δὲ
825 1230 916 1336 πρὸς
952 1231 1143 1336 ἄνθρωπον
1186 1231 1426 1334 συγκρίνεται,
1463 1230 1532 1307 καὶ

325 1356 439 1462 ξύλον
460 1354 552 1458 πρὸς
579 1355 704 1463 ξύλον,
730 1358 788 1436 καὶ
816 1356 917 1440 λίθος
944 1353 1035 1459 πρὸς
1062 1356 1178 1436 λίθον·
1216 1357 1275 1434 καί
1302 1353 1368 1432 οὐκ
1394 1351 1442 1430 ἅν
1470 1385 1531 1435 τις

325 1479 416 1560 ε’ίποι
434 1481 491 1560 ἐπὶ
514 1477 709 1561 τούτωντί
729 1481 895 1587 Κρείττων,
915 1477 1016 1559 ἀλλά
1033 1477 1076 1558 τό
1092 1485 1237 1577 μᾶλλον
1255 1479 1313 1557 καὶ
1331 1475 1374 1557 τό
1391 1474 1527 1556 πλέον.

326 1605 439 1686 οὕτως
470 1599 613 1708 Ἰωσὴφ
650 1603 778 1705 ὡραῖος
820 1607 966 1700 μᾶλλον
1003 1598 1050 1702 ἦν
1087 1599 1189 1705 παρὰ
1223 1598 1307 1684 τούς
1341 1595 1530 1706 ἀδελφοὺς
1546 1633 1580 1676 ιο

326 1726 445 1821 αὑτοῦ,
463 1728 522 1805 καὶ
539 1722 682 1830 Ῥαχὴλ
708 1728 772 1824 τῆς
790 1724 911 1810 Λείας·
950 1726 1008 1805 καὶ
1031 1722 1151 1828 ἀστὴρ
1169 1721 1321 1828 ἀστέρος
1338 1721 1381 1802 ού
1400 1721 1527 1824 κρείτ·

326 1882 409 1944 των,
427 1846 528 1927 ἀλλά
545 1831 691 1946 μᾶλλον
706 1858 732 1900 “
746 1847 904 1952 διαφέρει
917 1849 961 1928 ιἐν
979 1846 1103 1955 δόξη·”
1138 1849 1195 1928 ἐπὶ
1213 1845 1251 1927 δέ
1267 1851 1341 1925 τῶν
1358 1845 1526 1948 ἑτερογε-

328 1977 410 2066 νῶν,
422 1968 509 2048 ὅταν
526 2004 580 2054 τις
597 1978 711 2052 ταῦτα
728 1969 927 2076 παραβάλῃ
936 1969 1028 2075 πρὸς
1043 1971 1206 2072 ἀλληλο,
1218 1967 1297 2049 τότε
1313 1966 1356 2048 τό
1376 1967 1529 2072 κρείττων

326 2089 420 2195 πρὸς
445 2091 488 2171 τὸ
512 2093 735 2174 διαλλάττον
762 2095 917 2196 λέγεται,
939 2091 1100 2196 καθάπερ
1127 2094 1185 2174 ἐπὶ
1212 2096 1275 2191 τῆς
1302 2089 1438 2198 σοφίας
1465 2091 1528 2168 καὶ

328 2222 401 2294 τῶν
434 2215 547 2296 λίθων
578 2215 722 2320 εἴρηται.
765 2223 796 2296 εί
828 2216 893 2314 μὲν
924 2217 986 2296 οὖν
1016 2213 1162 2318 εἰρηκὼς
1190 2213 1236 2316 ἦν
1264 2217 1285 2294 5
1315 2212 1527 2298 ἀπόστολος
1543 2244 1580 2306 ¹5

329 2337 505 2447 Τοσούτῳ
531 2345 676 2438 μᾶλλον
693 2340 714 2418 5
731 2337 818 2423 Υἱός
837 2345 909 2420 τῶν
933 2337 1104 2441 ἀγγέλων
1130 2336 1293 2442 προάγει,
1313 2333 1335 2438 ἢ
1357 2335 1526 2444 τοσούτῳ

328 2460 455 2564 μείζων
476 2464 587 2559 ἐστὶν,
612 2459 657 2561 ἦν
684 2460 730 2542 ἀν
757 2463 840 2560 ύμῖν
866 2459 1051 2568 πρόφασις
1076 2464 1127 2546 ὡς
1154 2459 1435 2564 συγκρινόμενον
1460 2469 1527 2540 τοῦ

329 2589 419 2665 Υίοῦ
446 2582 536 2688 πρὸς
563 2581 645 2668 τοὺς
673 2583 864 2687 ἀγγέλους·
904 2592 968 2664 νῦν
995 2581 1034 2664 δὲ
1060 2585 1179 2686 λέγων
1206 2584 1389 2685 κρείττονα
1415 2582 1528 2662 αὐτὸν

327 2704 417 2788 εἶναι
447 2710 507 2788 καὶ
543 2705 685 2816 τισιύτιρ
715 2707 903 2815 διαφέρειν,
931 2707 1010 2815 όστρ
1042 2707 1226 2808 διέστηκεν
1252 2707 1341 2792 Υἱός
1373 2704 1526 2802 δούλων,

328 2831 508 2911 δείκνυσιν
544 2830 652 2911 αὐτόν
689 2831 807 2912 ἀλλον
843 2829 931 2912 εἶναι
967 2835 1031 2930 τῆς
1062 2836 1135 2910 τῶν
1164 2827 1332 2932 ἀγγᾶων
1364 2828 1523 2932 φύσεως·
1540 2874 1577 2916 ιο

329 2953 451 3054 λε’γων
470 2952 514 3034 δὲ
536 2953 653 3034 πόλιν
680 2953 790 3035 αὐτὸν
812 2952 900 3035 εἶναι
927 2952 991 3035 τόν
1018 2953 1290 3054 θεμελιῶσιιντσ
1315 2950 1363 3031 τά
1389 2949 1524 3049 πάντα,

330 3077 510 3156 δείκνυσιν
537 3075 645 3156 αὑτὸν
669 3080 788 3158 ἄλλον
815 3075 902 3158 εἶναι
929 3076 1075 3158 πάντων
1101 3083 1175 3157 τῶν
1200 3081 1370 3178 γενητῶν·
1407 3075 1527 3156 ἀλλον

329 3197 443 3276 δὲκαὶ
462 3199 686 3303 ἕτεροουσίου
705 3202 813 3281 αὐτοῦ
832 3199 935 3285 ὄντος
951 3200 1051 3303 παρά
1064 3199 1216 3302 τὴντῶν
1229 3203 1388 3302 γενητῶν
1401 3197 1526 3305 φύσιν,

334 3323 420 3403 ποία
437 3329 500 3423 τῆς
518 3326 643 3409 οὐσίας
661 3329 768 3407 αὐτοῦ
787 3327 979 3432 σύγκρισις
991 3325 1015 3427 ἢ
1027 3324 1191 3427 ὁμοιότης
1208 3325 1299 3430 πρός
1312 3323 1359 3406 τά
1372 3322 1524 3428 γενητά;

335 3443 394 3524 διδ
421 3453 526 3527 τοῦτο
552 3446 625 3550 γὰρ
652 3452 710 3528 καὶ
734 3448 839 3534 αὐτὸς
859 3453 879 3532 5
899 3448 986 3534 Υἱὸς
1005 3451 1068 3530 ούκ
1085 3449 1224 3553 εἴρηκεν
1240 3450 1289 3528 Ὀ
1310 3445 1441 3551 Πατήρ
1457 3480 1526 3547 μου
1538 3479 1575 3540 ¹5

330 3567 501 3671 κρείττων
527 3603 598 3667 μου
624 3573 733 3668 ἐστὶν,
761 3572 819 3652 ἵνα
845 3570 896 3672 μὴ
921 3573 1024 3681 ξείναν
1053 3606 1106 3656 τις
1134 3576 1199 3671 τῆς
1225 3569 1356 3652 ἐκείνου
1382 3568 1526 3679 φύσεως

331 3691 444 3771 ,αὑτὸν
472 3691 654 3797 ὑπολάβῃ·
694 3693 794 3773 ἀλλὰ
820 3695 946 3798 μείζων
973 3692 1079 3792 εἶπεν,
1108 3695 1150 3774 ού
1176 3694 1317 3796 μεγέθει
1343 3695 1423 3792 τινὶ,
1448 3691 1526 3773 οὐδὲ

336 3811 464 3922 χρόνῳ,
483 3814 582 3894 ἀλλὰ
607 3814 668 3894 διά
689 3815 755 3916 τὴν
773 3817 818 3923 ἐξ
838 3818 946 3898 αὐτοῦ
965 3825 1029 3898 τοῦ
1048 3815 1193 3920 Πατρός
1211 3816 1391 3919 γέννησιν·
1427 3812 1526 3914 πλὴν

333 3935 391 4016 ὅτι
419 3938 476 4016 καὶ
498 3940 536 4016 ἐν
558 3943 609 4045 τῷ
633 3943 740 4018 εἰπεῖν
760 3939 902 4044 Μοίζων
927 3944 1028 4020 ἐστὶν
1048 3939 1157 4047 ἔδειξε
1183 3937 1297 4020 πόλιν
1314 3942 1379 4038 τῆς
1402 3937 1527 4023 οὐσίας

336 4055 403 4158 τὴν
421 4057 590 4160 ἰδιότητα.
622 4065 680 4140 καὶ
696 4062 719 4141 5
738 4061 945 4147 ἀπόστολος
964 4061 1013 4163 δὲ,
1032 4065 1073 4143 οὐ
1093 4063 1160 4164 τὴν
1177 4071 1242 4143 τοῦ
1261 4061 1384 4164 Λόγου
1402 4059 1525 4142 αύσίαν
1537 4098 1575 4157 30

336 4182 610 4286 προηγουμένως
657 4188 829 4288 διακρῖναι
875 4180 993 4265 θέλων
1036 4185 1127 4291 πρὸς
1169 4182 1215 4264 τά
1260 4183 1394 4288 γενητά
1430 4179 1527 4288 ἔλεγε

269 4429 271 4434 ·
377 4420 401 4457 ι.
418 4405 464 4472 μὲν
476 4423 529 4459 om.
542 4423 566 4459 a.
580 4404 717 4462 habenti).
730 4404 776 4460 Cr.
789 4404 899 4460 undeet
911 4405 1011 4461 Maius.
1106 4424 1134 4476 4.
1150 4405 1287 4478 συγκρίνας
1298 4422 1322 4458 ι.
1335 4404 1467 4476 συγκρίνει
1478 4403 1527 4462 Ed.

340 4477 555 4611 :raa-ngeffiogn.
722 4493 763 4544 14.
781 4475 987 4533 διολλίτοναῑ).
1151 4493 1197 4548 30.
1211 4477 1526 4549 rofiMyovpontnpm.
