3294 5150
306 349 370 412 246
503 347 543 410 B.
563 345 757 412 CYRILLI
783 345 1052 411 ALEXANDR.
1080 345 1210 410 FRAG.
1255 345 1319 410 xiv.
1335 347 1384 424 16,
1401 364 1442 413 ιο
1453 367 1501 429 sq.

148 443 276 514 [Μ’]
304 510 470 617 ἐξουσίας
498 517 570 591 τοι
597 511 778 610 ἐδωδίμων
805 513 827 611 ἡ
855 516 999 618 νῆσιν·
1043 518 1117 595 τοῖς
1144 510 1257 613 γεμί
1284 510 1383 590 οὔπω
1410 507 1504 611 πρὸς

304 641 410 713 τοῦτο
441 633 585 735 γνώμης
614 635 777 735 ίγμένοις,
806 637 906 716 οὔπω
930 635 997 732 μὲν
1023 632 1164 737 καθαρὰ
1193 631 1286 713 κατὰ
1312 632 1354 712 τὸ
1382 633 1504 714 αὐτοῖς

304 759 432 835 δοκοῦν
459 756 551 862 ἔχειν
576 758 703 860 ὀρθῶς,
725 755 827 838 κοινά
852 756 900 856 δὲ,
926 758 981 838 ὅτι
1011 757 1134 860 σκώζει
1159 791 1237 840 πως
1261 756 1381 839 αὐτοῖς
1410 752 1504 858 πρὸς

305 877 475 979 ἀλήθειαν
492 882 513 959 ὁ
531 888 625 964 νοῦς.

254 1128 290 1185 16
433 1121 489 1188 Μιί
519 1122 774 1212 βλασφημείσθω
800 1121 858 1190 οὖν
885 1123 977 1202 ὑμῶν
1003 1123 1042 1193 τὸ
1069 1123 1200 1198 ἅταθόν·
1237 1123 1275 1188 οὐ
1304 1123 1364 1211 [ἀρ
1519 1143 1542 1202 5

361 1283 428 1386 Μὴ
458 1287 728 1388 κατεπαιρείτθω
760 1293 833 1366 τῶν
865 1289 1029 1366 ἀσθενῶν
1066 1287 1087 1386 ἡ
1119 1291 1192 1364 τῶν
1224 1261 1502 1382 εόδοκιμοόντων

304 1408 527 1511 λαμπρότης,
553 1409 644 1509 μήτε
671 1407 709 1491 τί
736 1407 863 1512 ιἰγιιθίι
891 1407 989 1516 ὑμῶν,
1018 1410 1183 1488 τουτείντι
1206 1406 1249 1487 τό
1274 1407 1502 1514 ἀξιάγαστον

303 1534 350 1613 είς
368 1532 503 1629 πίστιν,
521 1531 801 1639 βλασφημείσθω
819 1530 910 1636 πρός
929 1558 1034 1614 τινος·
1069 1532 1111 1611 οὐ
1132 1529 1206 1633 γὰρ
1224 1534 1287 1629 τῆς
1305 1529 1502 1632 θεαρέστου

302 1655 484 1738 πολιτείας
511 1653 558 1734 τά
588 1655 849 1756 κατορθώματα
878 1653 937 1734 διὰ
966 1655 1140 1756 βρώσεως
1167 1652 1313 1755 γε’νοιτο,
1342 1655 1422 1732 οὔτε
1451 1656 1501 1735 ῶς

303 1775 478 1877 θεοσεβὴς
506 1778 526 1856 ὁ
553 1785 710 1860 τοιοῦτος
737 1781 802 1876 τῆς
830 1784 903 1858 τῶν
932 1779 1092 1880 οὐρανῶν
1116 1776 1307 1872 βασιλείας
1335 1775 1444 1882 ἄξιος,
1470 1781 1501 1854 εί
1522 1811 1566 1850 ιο

303 1898 511 2001 ἀδιακρίτως
535 1901 646 1979 ἐσθίει
674 1896 720 1979 τά
748 1899 1020 2002 παρατιθέμενα,
1040 1901 1124 1980 ἀλλ’
1152 1900 1172 1978 ό
1196 1899 1502 2001 συγκαταβαίνων

303 2024 348 2125 τῇ
378 2029 451 2100 τῶν
483 2024 648 2102 ἀσθενῶν
675 2025 846 2127 ἀδελφῶν
874 2024 1044 2130 ἀσθενείᾳ
1072 2024 1131 2103 καὶ
1160 2019 1390 2126 ἀπεχόμενος.
1439 2024 1501 2100 καὶ

301 2142 374 2246 γάρ
402 2151 432 2224 εἰ
460 2149 518 2226 καὶ
541 2145 729 2252 ἐμεμψοιτο
754 2151 806 2252 τῷ
829 2146 957 2253 Πέτριρ
982 2149 1030 2229 ῶς
1059 2150 1240 2228 ίουδαικῶς
1267 2140 1416 2248 ζησόντι
1440 2144 1501 2224 διὰ

303 2266 385 2351 τοὺς
413 2266 585 2353 ἐλθόντος
612 2274 660 2352 είς
683 2264 908 2372 Ἀντιόχειαν
929 2267 1002 2349 ἀπὸ
1024 2268 1211 2364 Ἰακώβου,
1240 2268 1282 2347 οὐ
1311 2265 1370 2347 διὰ
1394 2275 1501 2348 τοῦτο

303 2389 490 2498 ἐμέμψατο
512 2390 566 2472 ὅτι
586 2390 794 2494 σνγκατέβη
817 2398 862 2495 τῇ
887 2392 1054 2498 ἀσθενείᾳ
1071 2397 1144 2471 τῶν
1166 2392 1205 2469 ἐκ
1228 2394 1421 2493 περιτομῆς
1440 2393 1500 2470 καί
1520 2429 1563 2488 15

304 2515 468 2620 ἀπείχετο
490 2513 703 2618 βρωμάτων,
722 2516 806 2596 ἀλλ’
827 2513 883 2594 ὅτι
901 2514 1065 2598 πολλοὺς
1090 2512 1196 2598 ὄντας
1221 2512 1304 2598 τοὺς
1322 2513 1366 2620 ἐξ
1388 2517 1501 2594 ἐθνῶν

302 2638 483 2742 παρέσυρε
510 2645 562 2746 τῷ
584 2638 787 2745 ἀξιοπίστῳ
810 2645 875 2718 τοῦ
897 2639 1099 2742 προσώπου
1116 2637 1243 2717 ἑαυτοῦ
1261 2642 1309 2721 είς
1333 2637 1375 2716 τὸ
1394 2635 1498 2734 νομί·

304 2794 368 2839 σοι
387 2761 442 2840 ὅτι
464 2761 535 2866 χρὴ
553 2761 645 2841 κατὰ
669 2759 779 2860 νόμον
796 2761 871 2864 fin,
890 2764 949 2840 καὶ
973 2766 1021 2844 είς
1040 2758 1140 2840 οὐδὲν
1158 2760 1255 2868 αι’πῷ
1273 2757 1315 2840 τὸ
1335 2759 1500 2861 κήρυγμα

304 2890 432 2987 χωρεῖν
449 2885 671 2965 ἐκινδύνευεν·
709 2883 753 2984 ἦν
773 2882 845 2986 γὰρ
863 2885 976 2963 ἐθνῶν
994 2880 1224 2968 διδάσκαλος.

196 3161 290 3221 202q-
354 3147 464 3213 Πάντα
494 3146 553 3224 μὲν
589 3147 649 3236 τάρ
686 3149 824 3238 καθαρὰ,
852 3149 938 3214 ἀλλὰ
971 3150 1070 3216 κακὸν
1099 3151 1147 3234 τῷ
1176 3145 1343 3238 ἀνθρώπῳ
1368 3150 1416 3234 τῷ
1445 3147 1566 3216 διὰτο

687 3289 939 3375 προσκόμματος
966 3287 1115 3355 ἐσθίοντι.

353 3449 510 3560 Ἔξεστι
540 3455 604 3554 μὲν
634 3456 706 3560 γάρ
737 3461 795 3538 καὶ
829 3459 909 3566 κρέιι
940 3463 1065 3565 φυγεῖν
1094 3460 1154 3537 καὶ
1185 3454 1258 3537 τίνοι
1287 3461 1383 3553 πιεῖν,
1413 3457 1497 3534 ἀλλ’

304 3576 369 3655 οὐκ
396 3577 550 3659 είσοὶπαυ
578 3578 725 3683 ἀζήμιον
754 3581 776 3679 ἡ
804 3583 841 3660 ἐν
870 3581 1008 3666 τούτοις
1034 3579 1193 3687 ἐξουσία.
1241 3578 1343 3659 ἀλλὰ
1370 3585 1429 3659 καὶ
1456 3577 1499 3659 τὸ

193 3757 199 3770 .
305 3700 503 3804 ἀπέχεσθαι
535 3703 726 3808 χρήσιμον,
758 3702 817 3783 ἵνα
847 3703 898 3803 μὴ
929 3702 996 3802 τὴν
1023 3701 1144 3806 σάρκα
1174 3702 1393 3806 παχόνοντες
1421 3709 1500 3786 ταῖς

304 3829 467 3928 τρυφαῖς,
497 3824 544 3906 τὰ
570 3829 608 3906 ἐν
638 3827 729 3931 αὐτῇ
754 3824 837 3906 καθ’
863 3829 998 3907 ἑαυτῶν
1023 3825 1301 3934 ἐξαγριαίνωμεν
1324 3823 1434 3924 πάθη.
1469 3830 1499 3905 εί
1516 3857 1561 3916 25

305 3946 367 4025 οὖν
389 3947 531 4028 ἐκείνων
555 3950 597 4028 δι’
617 3947 761 4033 ἑαυτοὺς
785 3947 1002 4055 ἀπεχώμεθα,
1026 3953 1159 4058 πολλῶ
1182 3955 1329 4048 μᾶλλον
1354 3948 1412 4029 διὰ
1436 3945 1502 4028 τόν

135 4074 286 4206 gfpmffi·
304 4069 477 4178 ἀδελφόν·
506 4071 564 4152 ίνα
587 4071 638 4172 μὴ
662 4071 877 4178 προσκόπτῃ
905 4071 964 4152 διὰ
990 4071 1032 4152 τὸ
1051 4071 1234 4175 είρημένον
1251 4081 1274 4119 “
1287 4070 1502 4174 Ἀγαπήσεις

306 4202 328 4240 “
345 4194 409 4274 τὸν
426 4194 588 4295 πλήσιον
605 4228 676 4274 σου
698 4197 747 4280 ὡς
764 4193 952 4275 σεαυτόν.”

342 4445 366 4482 1.
385 4427 452 4482 οὕτω
465 4427 527 4496 (nic)
540 4429 575 4482 Α.
734 4444 758 4485 2.
777 4428 888 4499 ίγμένοις
900 4429 934 4483 Α.
947 4427 1066 4499 ἦγμίνοις
1078 4427 1129 4483 Ed.
1286 4445 1313 4498 3.
1331 4449 1386 4486 πως
1398 4447 1451 4484 om.
1465 4428 1501 4486 A.

305 4511 331 4568 5.
352 4497 427 4552 Haec
440 4497 494 4552 duo
506 4515 574 4569 quae
586 4505 736 4569 sequuntur
749 4497 849 4554 scholia
861 4499 940 4554 nobis
952 4497 1104 4570 suppeditat
1116 4500 1141 4553 A
1153 4517 1180 4570 p.
1193 4497 1244 4570 627
1258 4507 1284 4554 et
1296 4499 1358 4570 632.
