3278 5130
128 361 165 426 ιι
183 379 219 444 17
233 383 301 446 sqq.
382 359 435 426 ιιι
461 357 720 426 ονιοτοιιιι
745 359 809 425 ιο
835 359 1087 426 nmmos.
1265 363 1330 426 ουν

1382 481 1407 518 ιι
1436 467 1474 518 Μ.

128 527 272 612 πάντας
296 526 388 626 ἡμᾶς
413 524 605 627 ἠλευθέρου
622 527 682 605 καὶ
700 523 855 606 θανοϊτου
879 529 937 606 καὶ
962 527 1137 630 ἁμαρτίας
1164 527 1223 607 καί
1249 561 1327 606 πει·
1355 465 1367 531 [
1410 485 1426 532 4
1484 467 1497 532 1

129 657 298 753 ρασμιῦν.
334 650 461 730 οῦκοῦν
478 646 675 750 βεβοήθηκε
697 654 767 736 τοῖς
784 649 1030 760 πειραζομένοις
1055 648 1103 734 εϊς
1127 648 1214 751 ὑπὲρ
1231 650 1327 731 ποίν·

130 808 207 854 των
239 771 440 870 ἀποθανὼν,
471 773 493 851 6
524 768 648 872 πόσης
678 774 742 871 τῆς
777 773 927 857 κτίσεως
959 773 1158 881 ἀξιώτερος,
1187 785 1209 820 “
1222 774 1264 854 ἵν’
1296 779 1329 854 οῖ
1346 803 1422 852 νοω.
1435 817 1458 852 ι.

132 908 157 945 “
175 897 302 1000 ζῶντες
331 894 455 997 μηκέτι
484 899 619 980 ἑαυτοῖς
647 894 757 998 ζῶσιν
781 894 882 976 ἀλλά
911 899 962 1004 τῷ
991 896 1079 999 ὑπὲρ
1103 898 1221 976 αὐτῶν
1237 899 1327 978 ἀπο·
1345 879 1383 932 ¹⁵'

94 1031 157 1098 5“
175 1018 319 1102 θανόντι
346 1022 404 1100 καὶ
432 1019 643 1121 ἐγερθέντι.”

185 1142 274 1223 ’Ότι
316 1140 389 1246 γὰρ
425 1143 547 1245 ἁγίους
588 1143 682 1242 ἡμᾶς
722 1145 909 1222 ἀποτελῶν
946 1145 1055 1246 σαρκὶ
1096 1143 1272 1225 πέπονθεν
1309 1147 1330 1225 6

133 1264 309 1368 Χριστὸς,
337 1264 615 1371 πληροφορήσει
647 1265 766 1367 λέγων
793 1266 813 1344 6
846 1264 1040 1349 θεσπέσιος
1070 1271 1219 1352 Παῦλος
1255 1275 1330 1352 τοῖς

133 1392 180 1497 ἐξ
195 1393 307 1470 ε’θυῶν
325 1424 363 1470 τε
386 1393 445 1470 καὶ
463 1389 646 1469 Ἰουδαίων
664 1400 686 1437 “
701 1391 774 1468 Καὶ
800 1391 890 1486 ὑμᾶς
913 1423 1002 1470 ποτε
1026 1388 1131 1474 ὄντας
1157 1392 1327 1490 ἀπηλλο·
1343 1421 1395 1472 001.
1407 1423 1423 1472 ι
1436 1436 1484 1471 ιι.

134 1525 158 1562 “
175 1511 387 1617 τριωμένους
423 1516 482 1594 καῖ
519 1512 666 1618 ε’χθροῦς
694 1516 740 1618 τῇ
773 1513 908 1619 διανοίᾳ
938 1515 976 1592 ἐν
1005 1520 1079 1597 τοῖς
1110 1513 1228 1617 ἔργοις
1257 1521 1331 1600 τοῖς
1345 1500 1384 1550 '³'

76 1679 120 1718 10
135 1647 158 1684 ‘¹
176 1644 358 1739 πονηροῖς,
380 1639 455 1715 νυνὶ
480 1634 518 1714 δέ
542 1634 843 1742 ἀποκατήλλαξεν
861 1639 899 1716 έν
917 1639 968 1744 τῷ
992 1637 1135 1735 σώματι
1157 1641 1220 1736 τῆς
1238 1671 1332 1740 σαρ-

135 1771 159 1808 “
178 1759 240 1845 κὸς
257 1761 366 1840 αὑτοῦ
389 1758 448 1838 διὰ
472 1769 536 1840 τοῦ
554 1756 722 1854 θανάτου,
741 1763 978 1861 παραστῆσαι
1006 1763 1096 1856 ῦμάς
1123 1762 1246 1862 ἁγίους
1273 1765 1331 1846 καὶ

135 1896 159 1931 “
180 1882 348 1984 ἀμοίρους
375 1886 433 1964 καὶ
461 1881 701 1984 ἀνεγκλήτους
725 1883 943 1963 κατενώπιον
965 1887 1087 1981 αὐτοῦ,
1106 1885 1139 1964 εί
1153 1919 1194 1986 γε
1214 1883 1333 1983 ἐπιμέ-

136 2017 159 2054 “
179 2041 253 2086 νετε
278 2009 323 2111 τῇ
347 2007 468 2088 πίστει
494 2005 786 2105 τεθεμελιωμένοι
813 2009 872 2087 καὶ
896 2007 1027 2109 ἑδραῖοι
1056 2010 1115 2087 καῖ
1142 2008 1193 2108 μὴ
1220 2043 1328 2108 μετα-

135 2142 160 2179 “
178 2130 374 2229 κινούμενοι
392 2128 464 2209 ἀπὸ
482 2133 546 2229 τῆς
563 2130 708 2212 ἐλπίδος
732 2138 796 2210 τοῦ
821 2130 1032 2230 εὐαγγελίου
1058 2131 1099 2210 οῦ
1124 2131 1331 2230 ἠκούσατε.”

76 2295 121 2354 ¹5
135 2254 260 2358 σοφὸν
297 2255 360 2334 οῦν
391 2253 461 2356 ἀρα
497 2259 571 2336 τοῖς
607 2251 834 2352 κεκλημένοις
869 2259 918 2336 είς
953 2255 1083 2335 ἐλπίδα
1117 2259 1238 2356 ζῶσαν
1274 2259 1332 2335 καὶ

134 2379 317 2479 μένουσαν
348 2381 455 2458 εἰπεῖν
479 2374 578 2458 ’Ὀθεν
612 2371 759 2482 ἀδελφοὶ
795 2378 947 2470 κλίσεως
976 2377 1160 2484 ἐπουρανίου
1195 2375 1330 2484 μέτοχοι
1344 2415 1481 2482 οιρςιι,

138 2505 371 2597 κατανοήσατε
394 2500 446 2581 τϊν
468 2501 657 2581 ἀπόστολον
683 2505 742 2580 καί
767 2495 924 2605 ἀρχιερέα
945 2498 1003 2593 ris
1029 2503 1217 2606 ὁμολογίας
1243 2499 1331 2609 ιμνϊν

135 2629 257 2720 Ἰησοῦν
280 2623 399 2706 πιστϊν
423 2626 500 2706 ϊντα
527 2622 574 2730 τῷ
602 2625 778 2718 ποιῆσαντι
806 2623 903 2704 αύτϊν
926 2621 1018 2704 naha
1047 2628 1106 2704 καῖ
1132 2623 1279 2718 Μωυσῆς
1303 2625 1433 2705 ἔνιαι.

136 2758 184 2856 τῷ
199 2750 277 2858 οϊιιιρ
290 2751 399 2828 αὐτοῦ.
429 2745 620 2854 ἐπουράνιον
633 2743 672 2826 δέ
685 2749 744 2826 καῖ
761 2744 863 2845 μάλα
876 2743 1019 2830 εϊκότως
1032 2747 1193 2850 ὀνομάζει
1210 2747 1334 2842 ιολῆσιν

76 2911 123 2953 αο
136 2869 205 2970 τὴν
229 2869 288 2952 διά
304 2876 481 2971 Χριστοῦ·
511 2876 683 2973 χαριεῖται
710 2867 782 2971 γὰρ
809 2869 830 2947 6
855 2873 927 2948 τῶν
952 2867 1049 2950 ὅλων
1067 2869 1161 2955 Θεὸς
1187 2877 1262 2956 τοῖς
1289 2873 1332 2952 δι’

137 2996 248 3074 αὐτοῦ
279 2992 515 3094 κεκλημένοις,
543 2994 586 3071 οῦ
612 2989 818 3095 πρόσκαιρα
848 2995 907 3072 καῖ
937 2991 1140 3096 εύμοίραντα
1171 2997 1230 3072 καὶ
1261 2992 1335 3072 ὅσα

137 3124 213 3202 τοῖς
231 3118 503 3222 ἀρχαιοτεροιςὸ
522 3113 580 3195 διά
596 3115 784 3200 Μωυσέως
802 3117 917 3196 ε’δίδου
933 3112 1051 3215 νόμος,
1062 3117 1147 3196 ἀλλ’
1168 3117 1241 3196 όσα
1259 3125 1334 3202 τοῖς

137 3239 243 3348 ἅπαξ
255 3241 462 3348 ἠξιωμένοις
485 3242 578 3320 ἑλεῖν
595 3243 645 3324 είς
668 3239 876 3342 μακραίωνα
900 3239 982 3334 βίον
1000 3242 1257 3321 συνεκτείνεται
1275 3245 1334 3321 καὶ

138 3361 396 3464 ἀναπόβλητον
414 3364 484 3468 ἔχει
508 3358 575 3462 τὴν
596 3365 736 3462 κτῆσιν.
774 3363 1081 3466 κεχρηματίκαμεν
1107 3361 1230 3445 δὲκαὶ
1254 3365 1329 3445 έπέ-

80 3515 123 3578 α5
137 3520 211 3590 ρως
238 3484 452 3589 ε’πουράνιοι,
479 3491 645 3590 Χριστοῦ
671 3486 914 3589 πρωτεύοντος
940 3490 998 3567 καῖ
1024 3489 1109 3568 ὁδοῦ
1137 3490 1196 3567 καῖ
1223 3487 1333 3592 θύρας

139 3611 223 3710 ἡμῖν
250 3610 450 3713 γεγονότος.
502 3611 561 3689 καὶ
593 3618 682 3712 γοῦν
713 3611 734 3688 6
766 3607 915 3694 Παῦλός
948 3615 1043 3716 φησι
1073 3621 1095 3659 “
1110 3615 1183 3692 Καὶ
1215 3609 1332 3696 καθὼς
1349 3641 1478 3692 zoom.

139 3744 161 3782 “
180 3734 405 3838 ε’φορέσαμεν
436 3731 502 3833 τὴν
533 3731 650 3814 εῖκόνα
683 3740 746 3813 τοῦ
778 3740 902 3836 χοϊκοῦ
933 3734 1146 3838 φορέσωμεν
1177 3736 1236 3815 καὶ
1265 3734 1332 3835 τὴν
1344 3723 1385 3772 ⁴⁹'

140 3867 162 3905 “
179 3855 297 3937 εἰκόνα
315 3866 379 3938 τοῦ
400 3858 641 3960 ἐπουρανίου,”
662 3859 720 3936 καὶ
743 3855 856 3936 ποίλιν
873 3865 896 3902 “
913 3856 962 3934 'O
981 3863 1122 3959 πρῶτος
1145 3858 1332 3961 ἅνθρωπος
1345 3893 1384 3944 ιιι.
1396 3900 1437 3958 47·
1448 3892 1490 3953 ,α

140 3991 161 4030 “
179 3983 217 4062 ἐκ
235 3984 302 4084 γῆς
318 3979 451 4086 χοϊκός,
474 3982 494 4060 6
512 3980 672 4084 δεύτερος
692 3979 736 4086 ἐξ
758 3979 918 4080 ούρανοῦ.
957 3977 1029 4065 οἷος
1057 3981 1077 4059 6
1104 3978 1234 4084 χοϊκός,
1254 4013 1330 4061 τοι·

80 4135 124 4194 30
139 4116 161 4154 “
180 4111 279 4185 οῦτοι
297 4107 355 4184 καὶ
380 4109 412 4183 οϊ
436 4107 559 4209 χοϊκοί,
578 4108 636 4184 καὶ
664 4102 736 4187 οἷος
759 4103 780 4182 6
807 4100 1023 4204 ἐπουράνιος,
1041 4113 1193 4184 τοιοῦτοι
1221 4106 1278 4184 καῖ
1300 4109 1334 4186 οῖ

138 4240 162 4278 “
179 4226 410 4331 ε’πουράνιοι.”
462 4228 659 4330 γεγόναμεν
694 4227 813 4307 τοίνυν
851 4226 1061 4330 ἐπουράνιοι,
1097 4229 1334 4335 μορφούμεθα

137 4350 211 4456 γὰρ
239 4358 287 4437 εῖς
313 4349 477 4456 Χριστὸν
499 4349 559 4431 διὰ
584 4351 802 4452 Πνεύμοιτος,
823 4348 862 4435 ὅς
889 4353 989 4430 ἐστιν
1013 4350 1058 4457 ἐξ
1081 4351 1244 4454 ούρανοῦ·
1275 4351 1334 4433 διά

547 4587 590 4644 27.
608 4575 765 4644 φορίσονμεν
776 4571 883 4628 exhibet
895 4590 919 4628 c.
