3280 5142
130 367 289 434 xviii.11.
332 370 391 434 IN
423 372 456 436 S.
480 369 737 438 JOANNEM.
781 371 877 436 LIB.
901 369 962 436 XI.
1007 365 1208 434 CARXII.
1289 365 1331 432 25

131 539 303 636 μαθηταί·
344 537 369 640 ἢ
396 535 468 642 γάρ
496 540 576 644 οὐχὶ
603 539 769 638 δαίσομεν
796 542 855 621 καὶ
882 537 1012 642 άρτους
1037 540 1075 618 ἐκ
1102 535 1216 617 λίθων
1242 536 1333 614 ἀπο-

132 668 250 741 τελεῖν
277 655 461 744 δύνασθαιΙ
479 659 542 743 τόν
567 663 744 765 Χριστὸν,
772 669 830 742 καὶ
856 666 894 742 ἐκ
922 671 987 742 τοῦ
1012 661 1161 762 μηδενὸς
1188 662 1328 739 ἀναδει·
1402 733 1406 738 .

131 783 251 864 κνάειν
265 785 445 890 ἀργύριον,
459 784 501 868 τό
519 783 610 890 πρὸς
629 786 791 887 δαπάνην
810 788 929 872 αὐτοῖς
947 783 1096 890 ἀρκέσαι
1114 784 1331 882 δυνάμενον;

131 907 236 988 ἀλλά
266 913 323 989 καὶ
356 911 485 1014 ἄρτους
521 911 777 1014 ἐπεκομίζοντο,
809 913 868 991 καὶ
900 907 1170 1013 γλωσσόκομον
1200 908 1328 1013 ἐπεφέ·

101 1061 119 1122 5
131 1067 251 1133 ροντο,
271 1033 317 1114 τά
344 1035 444 1137 παρά
471 1041 543 1116 τῶν
565 1033 850 1142 προσφερόντων
872 1035 1126 1135 συλλέγοντες.
1164 1038 1333 1114 διαπλεῦ-

131 1190 199 1236 σαι
228 1159 275 1239 δέ
293 1193 381 1240 ποτε
404 1161 475 1241 σῦν
493 1163 612 1244 αὐτοῖς
634 1158 875 1259 ἐθελήσαντος
895 1166 959 1239 τοῦ
976 1163 1152 1262 Χριστοῦ,
1170 1157 1334 1238 συνεισέ-

131 1289 260 1380 βησαν
278 1290 326 1366 είς
344 1291 483 1382 πλοῖον,
502 1286 614 1364 καίτοι
636 1288 694 1363 καὶ
711 1285 862 1378 βαδίσαι
881 1283 922 1362 δι’
945 1284 1062 1362 αῦτιῦν
1082 1281 1220 1362 ὑδάτων
1239 1280 1330 1388 ἐξὸν,

132 1405 230 1510 εἴπερ
248 1408 356 1507 ἤθελε
377 1412 435 1488 καὶ
453 1418 559 1488 τοῦτο
572 1405 745 1512 Χριστός.
781 1413 909 1488 είκαῖυν
927 1407 989 1486 οῦν
1007 1407 1077 1510 ἀρα
1096 1406 1137 1486 τό
1155 1405 1360 1504 ἐπισκήπ-ο

132 1564 207 1609 τειν
233 1539 312 1617 ταῖς
339 1531 430 1613 κατὰ
456 1532 646 1634 ἄνθρωπον
675 1533 911 1628 ἀκολουθίαις,
948 1529 981 1609 εἴ
1009 1564 1080 1612 που
1114 1565 1167 1616 τις
1199 1530 1331 1626 βλέποι

84 1695 121 1738 ιο
133 1657 372 1760 κεχρημένους
388 1655 470 1741 τοὺς
487 1657 660 1756 μαθητάς.

190 1781 405 1861 Ἀπικίπτει
422 1779 460 1860 δέ
479 1782 498 1860 ὃ
520 1781 639 1886 Πέτρος
657 1781 693 1860 τῦ
714 1774 815 1887 δεξιῖι
833 1788 897 1860 τοῦ
915 1779 1040 1865 παιδός
1060 1778 1203 1884 ἀπόρων,
1223 1781 1331 1876 ἀκοῆς

132 1901 260 2008 ὥσπερ
283 1903 434 2008 ἐρήμους
457 1908 522 2003 τῆς
546 1904 664 2011 δεξιᾶς
692 1902 775 1989 τοῦς
798 1911 872 1984 τῦν
888 1904 1069 1985 Ἰουδαίαν
1087 1900 1208 1999 λαοῦς,
1227 1904 1277 1985 ὡς
1294 1903 1332 1980 ἐν

132 2025 235 2135 πίπῳ
255 2029 504 2128 συμβεβηκότι
522 2028 719 2115 δεικνύντος
744 2035 808 2109 τοῦ
831 2027 1056 2132 πράγματος.
1097 2028 1139 2105 οῦ
1156 2024 1227 2128 γάρ
1244 2025 1327 2123 ἠθέ-

133 2165 257 2250 λησαν
289 2152 446 2232 συνιέναι
476 2153 524 2232 τδι
556 2152 615 2232 διὰ
645 2159 823 2257 Χριστοῦ.
865 2149 1023 2252 ὑπακοὴν
1053 2149 1091 2232 δέ
1121 2147 1331 2250 τετιμήκασι

85 2313 119 2374 ¹5
132 2273 199 2374 τήν
217 2275 408 2374 εὐώνυμον,
425 2274 550 2375 μόναις
577 2283 655 2362 τοῖς
682 2283 791 2384 σφῶν
813 2277 995 2359 ἀπονοίαις
1022 2271 1328 2372 καταπειθόμενοι,

133 2407 155 2443 “
173 2397 383 2484 πλανῶντές
418 2435 456 2480 τε
492 2404 552 2480 καὶ
587 2399 841 2501 πλανεόμενοι”
873 2398 963 2480 κατὰ
1001 2398 1042 2479 τὸ
1073 2395 1468 2501 γεγραμμένονμίξ,Ἢνυ

130 2521 210 2601 ἐπεί
233 2555 289 2603 τοι
317 2526 376 2604 καὶ
403 2522 467 2604 τόν
488 2524 605 2605 πάλαι
629 2524 853 2628 διορισθέντα
874 2531 1069 2607 πατοῦντες
1097 2520 1206 2620 νόμον
1223 2518 1325 2626 ἐτρά·
1374 2485 1409 2536 ¹¹⁵¹
1422 2497 1460 2550 η’

129 2679 244 2725 ποντο
261 2644 352 2752 πρὸς
371 2657 392 2696 “
406 2649 640 2733 διδασκαλίας
660 2645 865 2748 ἐντάλματα
881 2647 1111 2750 ἀνθρώπων.”

1375 2645 1499 2700 matth.

1375 2729 1419 2766 xv.
1427 2728 1454 2782 9.

133 2899 233 2974 Εἶπεν
255 2903 312 2972 οὖν
335 2907 500 2975 ὁἸεισοῦι
518 2911 568 2992 τῷ
590 2910 707 2998 Πέτρῳ
731 2908 817 2974 Βάλε
844 2908 904 2975 τήν
930 2905 1093 2996 μάχαιράν
1112 2927 1170 2971 σου
1198 2900 1245 2970 εἷο
1270 2903 1330 2970 τὴν
1347 2936 1381 2977 11

82 3071 118 3114 ,ο
182 3035 287 3100 <manv
319 3033 430 3101 αὐτοῖς·
475 3034 513 3103 τδ
545 3037 705 3124 ποτήριον
736 3036 754 3102 ὀ
786 3033 912 3100 δέδωκέ
945 3057 999 3111 μοι
1027 3033 1045 3101 ὁ
1074 3031 1187 3121 Πατέιρ
1217 3031 1254 3097 οὐ
1286 3030 1329 3107 μέι

180 3157 248 3224 πίω
274 3159 354 3227 αὐτό
368 3192 377 3242 3

189 3335 382 3417 Πολιτείας
405 3333 470 3432 μέν
487 3335 718 3436 εῦαγγελικῆς
736 3331 851 3411 ὠδίνει
870 3327 1014 3440 θεσμόν
1028 3328 1070 3410 τό
1088 3327 1332 3432 παράγγελμα

131 3458 190 3537 καὶ
220 3457 370 3556 δύναμιν
387 3460 545 3557 ἐντολῆς,
564 3459 605 3537 οῦ
633 3461 696 3556 τῆς
724 3455 816 3536 κατὰ
844 3454 953 3553 νόμον
978 3453 1041 3534 τὸν
1065 3452 1124 3533 διδ
1143 3451 1361 3535 Μωυσέωςο

130 3587 206 3664 τοῖς
224 3583 465 3685 ἀρχαιοτέροις
484 3582 742 3682 λελαλημένης,
761 3579 861 3660 ἀλλά
879 3583 941 3678 τῆς
961 3576 1018 3659 διά
1036 3582 1201 3679 Χριστοῦ
1218 3582 1329 3656 τεθει-

84 3702 250 3806 ιημὲνης,
283 3701 306 3802 ἦ
338 3709 397 3786 καὶ
426 3715 601 3786 τοσοῦτον
633 3705 792 3808 ἀπείργει
828 3711 893 3784 τοῦ
929 3707 1088 3808 χρήσθω
1124 3700 1328 3804 μαχαίραις,

131 3827 336 3926 μᾶλλονδὲ
361 3827 479 3909 καὶτὸ
498 3829 763 3925 ἀνταμῦνεσθαι
782 3831 865 3924 δεῖν,
885 3829 933 3911 ὡς
958 3833 986 3905 εἰ
1006 3825 1069 3904 καί
1083 3857 1137 3909 τις
1160 3823 1332 3918 βούλοιτο

130 3951 290 4057 ῥαπίζειν
313 3953 406 4052 ἡμᾶς
433 3959 482 4037 εὶς
508 3950 574 4051 τὴν
599 3959 671 4032 τῶν
693 3950 874 4055 σιαγόνων
901 3951 997 4049 μίαν,
1026 3953 1084 4030 καὶ
1112 3947 1277 4049 δευτέραν
1303 3951 1332 4024 εἰ
1376 3969 1454 4020 ωε.

131 4075 234 4182 τύχοι
261 4084 522 4180 προσαπαιτεῖν
550 4077 775 4183 στρέφοντας
803 4079 861 4155 καὶ
887 4073 954 4173 τήν
981 4073 1114 4172 ἀλλην,
1143 4067 1333 4173 πρόρῤιζον
1376 4049 1418 4101 ³⁹⁸

132 4197 260 4305 ὥσπερ
284 4205 348 4302 τῆς
370 4202 504 4282 ἐαυτιῦν
522 4205 645 4308 ψυχῆς
665 4199 732 4300 τὴν
751 4200 977 4301 ἀνθρωπίνην
1002 4197 1234 4294 ἐκτέμνοντας
1256 4194 1334 4272 όλι-

85 4327 332 4432 3ογοψυχίαν.
380 4323 479 4426 πλὴν
507 4327 620 4404 εἶκαὶ
647 4323 756 4425 μήπω
780 4359 834 4408 τις
864 4324 945 4424 περὶ
973 4327 1037 4400 τοῦ
1065 4319 1196 4424 χρῆναί
1218 4331 1334 4426 φησιν

167 4544 194 4598 3.
212 4527 323 4598 ἀρκέσαι
334 4527 421 4584 αὐτοῖς
432 4527 539 4582 invene
552 4524 646 4583 ordine
659 4525 691 4582 Ε.
792 4542 818 4596 9.
838 4523 901 4577 κατὰ
914 4521 947 4578 Ε.
961 4520 1014 4578 κατ’
1029 4521 1081 4579 Ed.
1193 4539 1236 4589 24.
1255 4523 1334 4577 λελο-

133 4597 253 4668 λημίιοιι
266 4599 328 4668 (pro
340 4603 425 4667 ιποτι)
439 4599 471 4654 E.
579 4611 623 4669 25.
640 4597 765 4668 μιχαίρες
778 4595 820 4666 (ut
833 4596 925 4666 supra)
940 4593 971 4649 E.

178 4700 250 4746 vol..
267 4699 320 4744 ΠΙ.
748 4697 768 4742 E
