3294 5130
307 341 371 405 482
540 341 578 404 B.
603 340 789 405 CYRILLI
821 339 1082 404 ALEXANDR.
1108 337 1278 404 FRAGM.

307 501 422 609 φάσιν
441 505 532 584 ἰδίαν
550 504 809 606 ἐπιπηδήσασα
832 507 944 606 ἤγουν
963 507 1246 602 ἀνακομισθεῖσα
1271 508 1317 608 τῇ
1342 510 1409 584 τοῦ
1429 503 1508 582 Λό-

306 661 374 728 γον
393 625 552 727 θελήσει,
570 628 689 731 καιρὸς
707 631 756 712 ὡς
774 628 862 706 ἔοικε
887 628 946 708 καί
971 627 1062 726 ἡμᾶς
1088 625 1214 710 αὐτοὺς
1232 626 1352 730 ἕτερον
1370 623 1510 728 τρόπον

305 755 486 852 ποιεῖσθαι
511 759 575 830 τοῦ
598 751 798 853 μυστηρίου
816 750 881 850 τὴν
901 750 1059 848 δύναμιν,
1078 753 1136 829 καὶ
1161 756 1234 834 τοῖς
1252 751 1362 830 αἰτοῦ
1381 753 1510 830 δοκοῦ-

307 906 369 951 σιν
387 875 604 954 ἀκολουθεῖν.

881 1053 923 1134 δ.
1524 1079 1545 1139 5

364 1217 507 1296 Οὐκοῦν
535 1220 598 1316 τῆς
624 1214 927 1319 ε’νανθρωπήσεως
955 1221 1018 1293 τοῦ
1048 1219 1279 1314 Μονογενοῦς
1309 1208 1509 1312 ὁμολογίαν

307 1336 406 1443 ἔχεις,
425 1340 488 1446 ἀφ’
509 1339 551 1440 ἧς
575 1343 633 1420 καί
660 1337 812 1440 ἀληθινὴ
836 1339 858 1437 ἡ
883 1338 1018 1420 πίστις.
1057 1343 1086 1414 εἰ
1105 1335 1142 1415 δὲ
1161 1335 1258 1416 καθά
1274 1341 1390 1439 φησιν
1409 1338 1442 1412 οἰ
1462 1336 1507 1412 δι’

306 1463 476 1560 ἐναντίας,
496 1463 702 1545 ἀπεδύσατο
725 1462 791 1562 τὴν
808 1461 941 1564 σάρκα,
958 1458 1177 1562 μεταβαλὼν
1202 1458 1312 1560 αὐτὴν
1338 1464 1387 1542 εἰς
1415 1457 1510 1536 ἰδίαν
1633 1501 1634 1544 ι

306 1585 430 1692 φύσιν,
449 1588 468 1666 5
487 1588 627 1669 ἑνωθείς
650 1589 740 1692 αὐτῇ
759 1585 890 1686 Λόγος,
907 1583 1206 1684 συμπεπαάσεται
1231 1581 1321 1663 κατὰ
1347 1580 1390 1662 τὸ
1417 1581 1510 1666 εἰκὸς
1633 1589 1634 1598 ’

305 1710 328 1807 ἡ
345 1713 532 1808 μεταβολὴ
551 1714 615 1810 τῆς
633 1708 768 1812 σαρκὸς
793 1712 851 1788 καί
875 1713 939 1809 τῆς
963 1706 1213 1812 σωτηριιόδονς
1230 1708 1387 1791 πίστεως
1405 1707 1511 1806 ἡμῶν
1528 1743 1570 1782 10

305 1832 328 1930 ἡ
357 1833 544 1934 ὁμολογία,
563 1829 813 1939 συγκατέληξε
842 1831 879 1911 δὲ
905 1831 1048 1915 πάντως
1076 1832 1166 1935 αὐτῇ
1194 1833 1253 1910 καί
1280 1830 1371 1928 ἡδί
1398 1831 1511 1928 αὐτῆς

306 1953 497 2052 δικαίωσις,
516 1956 566 2036 ε”τι
592 1953 702 2055 ε’σμίν
725 1966 746 2004 “
761 1958 798 2035 ἐν
823 1963 901 2038 ταῖς
928 1955 1139 2057 ἁμαρτίαις”
1160 1954 1261 2051 ἡμῶν
1285 1955 1343 2033 καί
1371 1951 1511 2034 ἀναπά-

305 2082 443 2177 βλητος
461 2078 544 2176 ἡμῖν
562 2080 662 2158 ἐστιν
678 2086 750 2158 τῶν
768 2080 926 2184 ἀρχαίων
944 2076 1161 2178 αἰτιαμάτων
1180 2079 1199 2156 5
1217 2078 1341 2179 ῥύπος.

882 2313 922 2396 ε’.

361 2480 406 2556 Εἰ
436 2475 613 2556 πέπαυται
645 2485 708 2572 τοῦ
740 2477 822 2558 καθ’
853 2477 944 2576 ἡμᾶς
974 2472 1062 2557 εἰναι
1091 2477 1277 2558 τουτέστιν
1305 2478 1507 2581 ἅνθρωπος,
1526 2503 1563 2562 15

303 2598 394 2700 μετοί
422 2608 485 2680 τοῦ
513 2604 571 2679 καὶ
600 2601 687 2704 ὑπὲρ
711 2599 804 2699 ἡμᾶς
833 2605 968 2698 θεῖκῶς,
989 2599 1209 2681 σεσάλευται
1236 2605 1301 2700 τῆς
1324 2599 1509 2704 σωτηρίας

304 2725 405 2822 ἡμῶν
429 2725 449 2802 5
473 2722 647 2822 θεμέλιος,
677 2723 977 2822 ὑπενοστήσαμεν
1005 2723 1096 2804 κατά
1124 2723 1166 2804 τὸ
1194 2723 1286 2809 εἰκὸς
1312 2724 1361 2808 είς
1389 2757 1433 2827 γε
1464 2722 1508 2804 τὸ

305 2851 376 2927 δεῖν
394 2852 643 2949 τυραννεῖσθαι
662 2845 775 2928 πάλιν
793 2846 936 2953 θανάτιρ
955 2851 1014 2927 καὶ
1040 2847 1237 2950 ἁμαρτίαις.
1279 2845 1405 2951 ὥσπερ
1431 2845 1508 2950 γάρ

305 2970 416 3054 οἰκίας
444 2967 553 3074 τυχὸν
580 2968 602 3070 ἢ
630 2971 769 3074 τείχους
798 2976 872 3068 τῷν
899 2969 1114 3050 κατωτάτων
1141 2969 1290 3073 βάθρων
1317 2980 1503 3050 σεσαλευ-

303 3093 429 3190 μίνιον,
448 3092 632 3195 συνιζήσει
648 3091 792 3178 πάντως
811 3095 931 3176 αὐτοῖς
949 3097 1008 3174 καὶ
1026 3091 1072 3172 τά
1090 3091 1380 3197 ἐπερηρεισμένα·
1410 3094 1507 3172 οὕτω
1524 3133 1564 3174 zo

304 3221 368 3316 τῆς
394 3213 485 3313 μετὰ
512 3215 648 3319 σαρκός
675 3218 874 3312 οἰκονομίας
898 3225 961 3296 τοῦ
982 3222 1212 3319 Μονογενοῦς
1235 3218 1299 3296 οὑκ
1321 3215 1507 3321 ἀραρότως

305 3338 469 3442 ἐχούσης,
497 3339 788 3441 συγκατεδονήθη
815 3339 959 3423 πάντας
986 3339 1032 3419 τὰ
1060 3343 1142 3421 καθ’
1167 3341 1260 3440 ἡμᾶς
1284 3345 1342 3422 καί
1366 3344 1501 3445 κατηρ-

304 3460 475 3564 ῥοίστησε
502 3459 544 3541 τὸ
571 3461 711 3542 λοιπόν·
751 3466 809 3542 καὶ
838 3463 918 3542 τίνα
945 3461 1079 3566 τρόπον
1104 3465 1263 3566 ἐροῦμεν·
1303 3470 1333 3543 εἰ
1360 3462 1432 3567 γὰρ
1455 3471 1506 3549 εἰς

306 3582 420 3689 φύσιν
439 3581 603 3681 θεότητος
624 3586 909 3691 μετατετράφθαι
929 3589 1045 3693 φασὶν
1062 3586 1128 3686 τὴν
1146 3597 1210 3667 τοῦ
1229 3585 1353 3690 Λόγον
1371 3587 1505 3690 σάρκα,

305 3705 411 3789 πᾶσά
434 3742 511 3793 πως
535 3705 672 3811 ἀνάγκη
698 3715 788 3789 νοεῖν
806 3713 853 3794 ὡς
877 3710 1163 3817 ἀποπεφοίτηκεν
1180 3709 1420 3814 ἀλλοτράπως
1437 3720 1504 3793 τοῦ
1520 3741 1559 3800 25

306 3828 393 3911 εἶναι
412 3827 530 3911 θέλειν
557 3830 629 3916 υίὸς
651 3830 855 3936 ἀνθρώπου·
894 3830 969 3913 εἶτα
995 3841 1072 3918 πῶς
1096 3836 1116 3913 5
1141 3832 1334 3942 πάνσοφος
1353 3841 1505 3920 Παῦλος

345 4081 368 4120 1.
387 4065 570 4135 ε’πιδημίησασα
582 4084 605 4121 c.
749 4066 774 4121 6.
793 4067 821 4121 ἐκ
833 4071 879 4122 τοῦ
890 4069 968 4123 αὐτοῦ
979 4071 997 4122 λ
1072 4068 1124 4124 b.c.
1269 4086 1311 4140 13.
1330 4070 1345 4139 ἦ
1357 4069 1440 4140 ρίιπος
1452 4077 1505 4126 τῶν

305 4136 419 4207 ἀρχαίων
430 4137 585 4206 αἰτιαμάτων
597 4155 619 4191 c.
743 4151 783 4209 15.
803 4139 830 4192 εἰι
843 4141 889 4192 τοῦ
901 4140 978 4193 αὐτοῦ
990 4141 1007 4192 λ
1084 4140 1137 4194 b.c.
1254 4157 1295 4211 19.
1314 4141 1395 4197 οἰκίας
1407 4159 1462 4195 om.
1475 4141 1504 4197 b.

307 4223 350 4260 20.
369 4209 410 4261 ιιιιί
422 4209 454 4261 τὰ
466 4206 680 4279 ε’περηρεισμίνα]
694 4209 757 4261 κατὰ
769 4210 981 4279 περιερηρισμένα
994 4227 1018 4264 e.
1188 4227 1231 4281 23.
1249 4213 1342 4265 λοιπόν
1354 4212 1505 4268 emendavi.

305 4279 405 4331 λυποῦν
416 4277 468 4332 b.c.
621 4295 700 4348 23-p.
715 4279 775 4348 483,
789 4291 815 4349 5.
833 4279 857 4332 εἰ
867 4281 982 4350 γὰρ-ἐν
993 4280 1061 4351 αὐτῷ
1075 4279 1140 4335 citat
1153 4279 1266 4336 Severus
1279 4281 1307 4335 in
1320 4281 1370 4352 Ep.
1384 4282 1506 4336 secunda

306 4362 339 4417 ad
362 4361 487 4434 Serqum
507 4363 567 4419 cod.
590 4364 664 4419 Mus.
688 4363 754 4420 Brit.
777 4363 840 4420 add.
861 4379 954 4436 17154,
975 4367 1021 4422 fol.
1040 4383 1075 4438 23
1091 4386 1110 4422 v
1131 4367 1183 4422 sub
1204 4369 1283 4424 titulo
1304 4341 1503 4432 ωοδιῆω

307 4437 559 4549 Qum&
574 4435 738 4526 &mh
752 4452 972 4530 Κῆῧιίπι
989 4466 1504 4539 Ογτίίἰνςοίἰίιτοοοιιίταδγιιοιιςίοςςατ.

309 4544 351 4598 26.
371 4545 547 4618 ὀπάνσοφος]
560 4545 708 4603 ἀπόστολος
720 4548 762 4616 (ut
775 4547 868 4620 supra)
880 4566 905 4606 c.
