3294 5130
316 324 381 388 462
645 320 684 386 Β.
708 319 896 387 CYRILLI
923 321 1188 388 ALEXANDR.

173 433 183 470 ι
228 419 267 472 Μ.

150 419 219 488 [0⁹
281 421 489 565 1θείαυκαὶ
513 483 683 566 ἀνωτάτω
709 484 833 592 φύσιν,
852 483 941 585 μηδὲ
967 487 1006 566 ἐν
1023 484 1160 570 τούτοις
1187 481 1275 566 εἶναι
1303 479 1452 585 νομίζειν
1476 482 1515 560 ἐν

314 605 368 691 οἶς
394 610 494 688 ε’στιν
518 607 541 706 ἡ
566 610 706 703 κτίσις,
735 609 862 690 ούκοῦν
887 613 917 688 εὶ
942 610 1078 707 κτίσμα
1104 609 1147 689 τὸ
1170 605 1350 711 γεννηθέν,
1368 605 1515 688 κτιστὸς

313 731 384 833 ἄρα
412 734 471 810 καὶ
501 732 521 810 ὁ
551 731 675 811 τεκιύν·
705 734 790 812 ἀλλ’
819 731 920 812 ἔστιν
949 733 1120 834 ἀγένητος
1152 733 1173 812 ὸ
1199 730 1340 834 Πατὴρ,
1367 731 1410 810 ού
1441 727 1516 832 γὰρ

312 852 436 957 γέγονε
454 852 554 958 παρά
581 888 685 953 τινος,
705 856 875 958 ἀγένητος
893 855 964 957 ἄρα
988 859 1046 936 καὶ
1064 857 1084 935 ὁ
1102 852 1202 940 Υίύς·
1233 858 1292 936 καὶ
1317 858 1346 934 εὶ
1372 886 1511 958 χαρακ-

312 974 380 1078 τήρ
402 979 481 1056 ἐστι
510 981 574 1076 τῆς
599 977 836 1062 ὑποστάσεως
865 987 929 1057 τοῦ
958 977 1220 1080 γεγεννηκότος,
1241 976 1333 1062 Θεὸς
1358 975 1395 1058 δέ
1420 973 1550 1058 naras

312 1096 482 1200 ἀλήθειάν
509 1101 609 1180 ἐστιν
637 1103 657 1180 ὀ
684 1100 806 1198 τεκὼν,
826 1099 920 1186 Θεὸς
947 1101 1027 1205 ἄρα
1044 1105 1102 1182 καὶ
1130 1103 1150 1182 ὁ
1178 1099 1362 1207 χαρακτὴρ
1389 1101 1512 1179 αὐτοῦ·

312 1222 556 1330 χαρακτηρίζει
577 1222 659 1328 γὰρ,
678 1221 775 1305 Θεὸν
798 1223 864 1324 μέν
882 1222 987 1321 Θεὸς,
1006 1228 1124 1306 κτίσιν
1153 1225 1190 1306 δὲ
1218 1225 1346 1310 κτίσις.
1385 1221 1514 1326 ὥσπερ

312 1345 384 1452 γὰρ
413 1346 447 1427 εί
473 1381 528 1432 τις
555 1347 727 1443 βούλοιτο
758 1346 824 1446 τὴν
852 1347 1004 1450 γενητὴν
1035 1351 1093 1428 καὶ
1126 1345 1365 1450 πεποιημένην
1392 1347 1514 1426 κτίσιν

311 1471 518 1578 καταδεῖξαί
539 1505 645 1565 τισιν,
663 1472 705 1551 ού
723 1470 869 1551 δύναται
897 1471 1016 1573 λέγειν
1034 1469 1135 1574 Ὅρα
1162 1506 1223 1572 μοι
1250 1470 1316 1572 τὴν
1337 1474 1400 1570 τῆς
1425 1472 1507 1550 θεό-

311 1629 417 1692 τητος
436 1593 560 1699 φύσιν,
578 1598 638 1674 καὶ
662 1597 700 1674 ἐκ
726 1593 856 1696 ταύτης
881 1593 1022 1694 νοήσεις
1040 1596 1185 1696 ε’κείνην·
1217 1595 1417 1702 ὀφθήσεται
1436 1593 1511 1698 γὰρ
1529 1626 1568 1688 ιο

311 1717 451 1817 ἀμαθὴς
478 1718 498 1796 ὁ
525 1726 632 1796 τοῦτο
659 1717 788 1820 λέγων·
818 1719 861 1797 ού
887 1717 959 1823 γὰρ
985 1719 1007 1817 ἡ
1035 1723 1098 1818 τῆς
1125 1716 1290 1818 θεότητος
1314 1718 1426 1824 φύσις
1450 1718 1509 1823 ἐφ’

310 1841 418 1945 ἑαυτῇ
437 1840 632 1947 καταδείξει
649 1840 716 1940 τὴν
732 1840 883 1942 γενητὴν
901 1843 1040 1921 οὐσίαν·
1071 1844 1183 1926 οὕτως
1210 1840 1243 1921 εί
1262 1876 1316 1926 τις
1336 1840 1511 1937 βούλοιτο

310 1959 377 2063 τὸν
394 1963 566 2044 ἅκτιστον
584 1962 698 2069 φύσιν
717 1970 810 2061 ἰδεῖν,
830 1967 895 2045 ούκ
913 1961 958 2044 ἂν
976 1965 1043 2044 ’ίδοι
1064 1964 1198 2064 ταύτην
1216 1967 1264 2049 ὡς
1281 1966 1319 2044 έν
1337 1965 1442 2044 εἰκόνι
1461 1969 1509 2070 τῇ

142 2116 254 2196 ειτοιιι.
310 2087 436 2166 κτίσει·
468 2085 522 2166 διὸ
551 2084 654 2188 ’ἔλεγε
679 2093 730 2194 τῷ
749 2089 922 2195 Φιλίππῳ
948 2089 968 2167 ὁ
995 2088 1126 2190 Κύριος
1147 2100 1169 2135 “
1187 2089 1236 2168 ‘O
1255 2086 1417 2191 ἑωρακὼς
1445 2087 1508 2187 ἐμὲ

143 2197 228 2256 .¹¹'·⁹·
311 2220 333 2258 “
351 2209 481 2312 ἑώρακε
502 2209 565 2290 τὸν
586 2210 761 2315 Πατέρα·”
791 2211 928 2318 φυσικὴ
956 2210 993 2292 δέ
1020 2210 1163 2296 πάντως
1190 2211 1213 2312 ἡ
1241 2208 1406 2312 ὁμοιότης
1426 2216 1508 2317 Υἱῷ
1525 2233 1564 2294 ¹5

309 2330 399 2437 πρὸς
417 2333 481 2414 τὸν
502 2335 645 2438 Πατέρα
664 2338 722 2415 καὶ
740 2335 916 2438 ούσιεύδης
933 2336 953 2414 ὁ
972 2332 1167 2440 χαρακτήρ.
1394 2361 1402 2374 ·

142 2603 262 2662 nom„
870 2585 942 2663 VI.

143 2773 296 2827 θΜ-ίοῐῑα
363 2763 478 2869 Ὁρᾷς
510 2761 564 2842 ὅτι
597 2759 691 2845 Θεὸς
717 2761 852 2866 χρίεται
879 2759 979 2863 παρὰ
1008 2766 1129 2859 Θεοῦ;
1170 2760 1228 2842 ίντε
1256 2758 1328 2863 γὰρ
1355 2758 1507 2862 γέγονεν

308 2885 494 2988 ἅνθρωπος
520 2882 722 2986 μεμενηκὼς
750 2884 837 2986 ὅπερ
864 2881 918 2982 ἦν,
946 2883 1026 2965 τότε
1054 2887 1112 2965 καὶ
1140 2885 1222 2964 καθ’
1245 2886 1337 2984 ἡμᾶς
1365 2885 1506 2985 ἀνθρω-

307 3010 417 3092 πίνως
441 3009 575 3112 χρίεται
597 3005 689 3111 πρὸς
711 3005 935 3108 ἀποστολήν·
975 3008 1108 3114 χρίεται
1133 3007 1246 3114 γὰρὴ
1270 3007 1505 3112 ἆνθρωπότης
1520 3064 1563 3105 20

308 3133 360 3237 τῷ
388 3132 470 3238 θείιρ
491 3129 683 3229 Πυεύματι,
709 3135 772 3212 οὐκ
796 3135 985 3236 ἐνεργεῖται
1013 3125 1172 3235 καθάπερ
1199 3135 1257 3214 ε’πὶ
1283 3139 1357 3212 τῶν
1377 3136 1505 3238 ψιλῶν

308 3253 517 3355 ἀνθρώπων,
550 3252 624 3334 οἷον
653 3263 850 3360 προφητῶν
883 3263 1126 3361 πατριαρχῶν·
1178 3256 1298 3360 χρίσις
1330 3255 1374 3335 δέ
1401 3257 1505 3333 ε’στιν

308 3374 383 3456 οἷον
411 3376 480 3476 ὅλη
508 3386 571 3457 τοῦ
597 3377 759 3481 χρίοντος
781 3379 803 3477 ἡ
827 3379 1019 3482 παρουσία·
1059 3379 1196 3483 χρίεται
1224 3378 1267 3458 δὲ
1290 3374 1416 3460 ὁΥἱὸς
1442 3377 1504 3456 ὅτε

306 3504 355 3585 εἷς
382 3497 447 3598 τὴν
473 3502 677 3600 οἰκουμένην
699 3498 860 3605 εἰσήχθη,
883 3501 1068 3581 τουτέστιν
1090 3499 1148 3582 ὅτε
1175 3500 1377 3604 ἐσαρκιύθη·
1418 3497 1503 3578 τότε

306 3621 378 3725 γὰρ
406 3621 615 3722 ε’κοινιύνησε
642 3628 687 3729 τῇ
711 3622 834 3721 κτίσει,
864 3623 1002 3709 ἑνιύσας
1029 3624 1143 3731 ἑαυτῷ
1173 3623 1216 3702 τὸ
1248 3621 1406 3718 κτισπὸν,
1440 3624 1500 3700 καὶ
1517 3667 1559 3724 ²5

307 3747 437 3850 χρίσας
473 3744 539 3846 τὴν
576 3743 833 3849 ἅνθρωπύτητα
868 3751 914 3853 τῇ
951 3745 1100 3848 θειίτητι,
1136 3745 1230 3827 ὥστε
1265 3751 1416 3846 ποιῆσαι
1453 3746 1501 3828 τὰ

306 3869 493 3975 ἀμφότερα
519 3869 566 3952 έν.

343 4104 385 4159 18.
403 4121 436 4158 ex
448 4121 473 4159 a.
485 4111 512 4158 et
523 4103 542 4159 b
554 4103 601 4160 fol.
616 4121 665 4172 ιιι
677 4123 704 4160 v.
735 4105 835 4160 Partim
853 4103 959 4160 ethbet
973 4111 1000 4158 et
1013 4103 1194 4160 oecumenius
1206 4101 1271 4170 (Ed.
1283 4111 1309 4158 et
1321 4101 1437 4172 codices)
1449 4102 1501 4158 ho·

305 4174 404 4229 milium
416 4185 505 4229 tamen
522 4191 578 4229 non
594 4193 754 4240 memorans,
766 4178 797 4230 τό
810 4179 860 4229 Σοῦ
878 4176 920 4230 διὰ
936 4176 982 4244 τὴν
996 4176 1089 4242 σάρκα
1114 4177 1214 4246 χρίεται
1231 4177 1283 4246 γὰρ
1301 4173 1316 4243 ἡ
1334 4173 1502 4244 ἆνθραπότης

304 4245 341 4316 τῷ
352 4243 417 4320 ἆγίφ
428 4243 562 4316 πνεύματι,
573 4246 619 4300 οὐκ
631 4246 771 4318 ἐνεργεῖται
783 4246 812 4300 δέ
824 4246 938 4316 καθάπερ
950 4245 993 4301 ἐπὶ
1006 4247 1232 4314 τῶν-παρουσία.
1258 4244 1338 4301 οὕτως
1349 4247 1364 4298 ό
1377 4245 1404 4300 έν
1415 4243 1501 4316 ἁγίοις

305 4313 443 4382 Κύριλλος.
573 4333 615 4370 ιι.
634 4317 773 4387 ἐνεργεῖται
806 4325 830 4378 ÷
850 4317 878 4370 δι’
893 4315 957 4370 Mai.
970 4333 1001 4369 οι
1017 4315 1174 4370 Οοουιιιςιιὶἰ
1186 4313 1238 4370 Ed.
1249 4315 1339 4368 invitia
1351 4315 1403 4369 ab.
1416 4316 1499 4372 codd.

305 4383 461 4440 oecumenii
470 4385 564 4452 tribus,
577 4404 673 4459 nempe
683 4386 771 4442 Med„
814 4403 854 4440 ur.
861 4385 932 4441 Plut.
941 4405 968 4440 x.
978 4387 1003 4440 6.
1018 4403 1070 4441 sec.
1079 4403 1116 4448 x„
1130 4384 1200 4439 Plut.
1213 4383 1408 4450 ix.10.nec.xi.,
1421 4403 1499 4455 pne-

303 4461 398 4524 terque
409 4473 473 4510 uno.
684 4474 726 4514 ια.
744 4457 833 4530 χρίσις
845 4457 875 4511 δι’
886 4457 959 4511 ι’στιν
971 4456 1037 4510 Mai.
1048 4473 1081 4510 ex
1095 4453 1209 4510 Oecum.
1221 4455 1263 4509 καὶ
1275 4455 1332 4510 ἔστι
1342 4455 1432 4525 χρίσις
1443 4456 1500 4512 αἱ).

303 4539 346 4594 2³·
365 4523 380 4593 ἦ
392 4535 562 4596 assumptum
574 4544 606 4581 ex
618 4527 670 4582 αἱ).
779 4541 820 4595 25.
840 4528 923 4582 κτίσει
935 4527 980 4582 eb
993 4525 1059 4582 Mai.
1071 4525 1153 4598 φύσει
1165 4543 1190 4579 a.
