3294 5150
172 437 183 500 [
239 435 300 501 M]
326 339 390 400 256
497 338 537 400 Β.
561 337 749 403 CYRILLI
775 337 1039 403 ALEXANDR.
1067 339 1350 405 FRAGMENTA
1403 339 1436 402 ii.
1449 337 1479 414 6,
1494 337 1522 398 8.

196 449 226 498 ⁵3
271 473 276 485 ·

387 496 397 524 Ι

325 504 467 583 είκοτως
492 508 555 581 τοῦ
580 501 865 603 συνασπίζοντος
890 501 1014 604 λόγου,
1033 508 1091 584 καὶ
1109 503 1151 584 τὸ
1169 507 1207 584 ἐν
1225 506 1343 587 αὐτοῖς
1366 497 1524 581 ἀκαλλὲς

326 627 431 704 οἱονεὶ
459 625 775 726 περιστέλλοντας·
816 625 957 731 ἀποχρὴ
987 627 1102 728 γεμὴν
1131 633 1182 735 τῷ
1210 628 1293 735 θείῳ
1323 624 1522 728 κηρύγματι

326 745 439 852 ψιλός
466 780 504 825 τε
532 750 590 827 καὶ
618 747 752 854 εὐαφὴς
777 755 834 828 καὶ
854 752 901 833 ὡς
921 752 950 830 ἑν
970 746 1105 856 δυνάμει
1125 755 1210 832 Θεῶ
1238 748 1524 853 μαρτυρούμενος

326 871 449 972 λόγος.
814 858 819 869 ⁸

297 1109 455 1198 6Σοφίαν
474 1109 510 1177 δὲ
533 1113 570 1176 οὐ
589 1117 645 1177 τοῦ
665 1110 786 1178 αἰῶνος
808 1114 924 1179 τούτου
948 1113 1024 1180 οὐδὲ
1047 1115 1114 1181 τῶν
1137 1116 1305 1204 ἀρχόντων
1324 1119 1380 1180 τοῦ
1400 1109 1552 1188 οἰῶνοο5

669 1241 784 1304 τούτου
807 1239 874 1305 τῶν
898 1241 1180 1328 καταργουμένων.

383 1406 535 1510 Πρόεισι
560 1407 625 1508 μὲν
644 1410 664 1486 ό
687 1407 797 1510 λόγος
815 1413 888 1487 τῶν
906 1409 1018 1509 ἁγίων
1035 1413 1288 1510 μυσταγωγῶν
1307 1405 1365 1486 διὰ
1389 1406 1522 1512 λέξεως

325 1539 576 1635 χαμαιπετοῦς,
595 1532 708 1631 ἐνίησι
733 1529 770 1610 δέ
794 1537 866 1612 τῶν
888 1531 990 1611 θείων
1009 1533 1092 1631 ἡμῖν
1110 1533 1317 1634 μυστηρίων
1332 1526 1398 1629 τὴν
1414 1531 1519 1624 ἀκιβ·

326 1651 498 1752 δήλευτον
522 1661 671 1756 γνῶσιν,
695 1657 753 1734 καὶ
782 1655 920 1761 σοφίαν
948 1654 1034 1734 ὄντα
1063 1652 1228 1758 Χριστόν
1255 1653 1454 1758 ἀποφαίνει,
1478 1653 1521 1731 ού

326 1773 385 1854 διά
412 1781 476 1875 τῆς
502 1784 575 1857 τῶν
603 1780 641 1857 ἐν
668 1776 794 1886 κόσμῳ
822 1785 952 1884 σοφῶν
980 1780 1218 1877 καλλιεπείας,
1247 1779 1331 1856 ἀλλ’
1363 1775 1407 1882 ἐξ
1432 1776 1520 1858 ἰδίας
1536 1801 1575 1841 10

327 1899 474 2004 φύσεως
504 1900 802 2004 μαρτυρούμενον,
837 1899 877 1981 όν
911 1895 1012 1988 οὐδεὶς
1045 1902 1138 2003 ἔγνω
1174 1899 1237 1981 τῶν
1270 1901 1431 2006 ἀρχόντων
1467 1901 1522 1978 τοῦ

329 2023 441 2108 αἰῶνας
460 2024 580 2121 τούτου,
599 2025 635 2104 οἵ
650 2025 739 2108 τινές
757 2031 848 2104 εἰσιν
867 2029 903 2104 αἱ
921 2029 1074 2127 πονηραὶ
1098 2025 1260 2120 δυνάμεις
1286 2026 1343 2102 καὶ
1368 2022 1517 2101 ἀντικεί-

327 2181 438 2245 μενοι,
458 2147 584 2232 οἵτινες
601 2146 850 2248 λελαλήκασιν
869 2151 905 2228 ἐν
923 2155 997 2232 τοῖς
1015 2155 1079 2227 τοῦ
1096 2147 1237 2246 κόσμου
1255 2153 1398 2252 σοφοῖς·

293 2415 311 2472 8
353 2395 389 2465 Εἰ
417 2397 476 2489 τὰρ
504 2399 660 2480 ἔγνωσαν,
687 2401 745 2468 οὐκ
772 2401 811 2468 ἂν
838 2402 896 2468 τόν
925 2401 1037 2491 Κύριον
1065 2405 1123 2468 τιῖι
1150 2401 1250 2470 δόξειε
1273 2399 1496 2489 ἐσταύρωσαν.

375 2571 482 2676 Ἔχει
509 2571 670 2654 πολύτὸ
695 2572 786 2658 είκάς
811 2577 830 2654 ό
855 2563 977 2677 λόγος·
1016 2573 1269 2676 τεθριάμβευκε
1294 2570 1366 2675 γὰρ
1385 2571 1405 2648 ό
1423 2574 1517 2669 Χρι·
1538 2607 1575 2668 15

325 2693 413 2779 στδς
436 2694 494 2775 διδι
519 2706 583 2776 τοῦ
611 2699 699 2778 ἰδίου
727 2706 887 2800 σταυροῦ
915 2696 980 2781 τὰς
1007 2696 1165 2798 πονηρὰς
1197 2699 1255 2775 καὶ
1283 2693 1522 2790 ἀντικειμένας

157 2856 211 2906 σοι,
219 2857 245 2906 ii.
258 2870 294 2922 ¹4·
326 2818 499 2918 δυνάμεις,
519 2822 769 2923 προσηλώσας
798 2827 849 2929 τῷ
877 2821 979 2930 ξύλῳ
1008 2831 1029 2868 “
1043 2819 1084 2901 τὸ
1108 2823 1188 2900 καθ’
1205 2820 1305 2919 ἡμῶν
1328 2815 1517 2923 χειρόγρα·

325 2953 347 2990 “
367 2945 468 3051 φον,”
490 2944 723 3044 ἀπεσόβησεν
740 2950 804 3044 τῆς
823 2946 904 3024 καθ’
925 2945 1024 3044 ἡμῶν
1043 2945 1248 3045 τυραννίδος
1264 2942 1327 3024 τὸν
1346 2947 1519 3036 σατανάν,

325 3067 525 3169 κατήργηκε
561 3077 625 3148 τοῦ
662 3069 802 3167 κόσμου
838 3067 904 3167 τὴν
937 3069 1123 3170 ἁμαρτίαν,
1155 3066 1288 3168 ἀνήκας
1319 3073 1392 3150 τοῖς
1424 3063 1521 3145 κάτω

323 3191 504 3287 πνεύμασι
531 3191 595 3275 τὰς
619 3188 707 3299 ᾅδου
731 3190 862 3288 πύλας,
882 3197 1023 3270 καθεῖλε
1040 3199 1105 3271 τοῦ
1124 3189 1279 3270 θανάτου
1305 3189 1348 3270 τὸ
1377 3188 1519 3293 κράτος·
1538 3225 1581 3266 20

325 3310 400 3392 εἶτα
418 3321 494 3397 πῶς
514 3316 577 3394 ούκ
595 3316 848 3420 ἀπηχθημένον
866 3322 940 3398 τοῖς
958 3313 1171 3417 ἀκαθάρτοις
1189 3312 1356 3414 δοίμόσίν
1374 3315 1454 3393 ἐστι
1478 3310 1521 3392 τό

324 3438 382 3516 ἐπὶ
400 3439 451 3544 τῷ
476 3443 622 3545 σταυρῷ
640 3439 777 3531 πάθος;
809 3444 866 3518 οὐκ
885 3436 925 3518 διν
945 3439 1007 3517 οὖν
1026 3435 1250 3544 ἐσταύρωσαν,
1270 3437 1367 3539 ε’ίπερ
1385 3433 1521 3542 ᾔδεσαν

322 3563 478 3662 ἀκριβῶς
499 3559 607 3641 αὐτὸν
626 3561 713 3641 ὄντα
734 3561 798 3640 τὸν
816 3559 1002 3664 λυτρωτὴν
1026 3567 1083 3640 καὶ
1109 3560 1166 3656 τ’ἧς
1194 3555 1289 3668 δόξης
1310 3559 1430 3664 Κύριον.
1465 3559 1521 3639 ότι

322 3683 393 3787 γὰρ
421 3689 628 3784 διαβολικῆς
663 3683 872 3787 ἀγριότητας
906 3685 1011 3788 ἔργον
1038 3683 1083 3785 ἦν
1110 3682 1152 3765 τὸ
1180 3682 1239 3764 διά
1266 3687 1330 3783 τῆς
1359 3682 1522 3763 ἰουδοίων

324 3811 492 3892 ἀπονοίας
519 3815 767 3911 σταυροῦσθαι
786 3807 966 3913 Χριστὸν,
996 3808 1201 3914 παρέδειξεν
1226 3811 1384 3910 ἐναργῶς
1411 3809 1431 3887 ὁ
1456 3812 1520 3887 θε-
1541 3838 1582 3896 ²5

157 3941 266 4071 {uffi-
322 3934 476 4017 σπέσιος
503 3932 671 4034 Ἰωάννης
704 3931 813 4014 εἰπὼν
843 3936 923 4036 περὶ
955 3941 1019 4012 τοῦ
1050 3929 1169 4012 Ἰούδα
1198 3942 1219 3978 “
1235 3929 1341 4010 Μετὰ
1374 3929 1446 4034 γὰρ
1478 3932 1524 4011 τὸ

202 4046 208 4056 ’
251 4044 258 4056 ’
323 4069 345 4107 “
363 4059 520 4163 ψωμίον,
546 4061 675 4163 φησὶν,
705 4063 873 4156 εἰσῆλθεν
900 4063 949 4141 είς
980 4056 1088 4135 αι’πὸν
1116 4057 1136 4134 ὃ
1165 4055 1354 4152 σατανάς,”
1386 4053 1425 4138 ὃς
1457 4057 1525 4135 οὐκ

324 4178 398 4286 ᾔδει
418 4181 513 4262 Θεὸν
532 4181 618 4261 ὄντα
635 4180 699 4261 τὸν
716 4183 873 4280 Ἰησοῦν·
908 4185 937 4261 εί
965 4179 1113 4284 γὰρκαὶ
1132 4181 1223 4280 ε”γνω
1241 4182 1297 4260 καὶ
1316 4178 1523 4276 ἐπέπειστο,

156 4324 286 4450 Qum·
325 4311 401 4387 πῶς
429 4304 604 4407 ἐπείραζεν
630 4302 740 4384 αὑτὸν
763 4308 800 4383 ἐν
828 4308 872 4408 τῇ
901 4303 1019 4412 ἐρήμῳ
1048 4305 1165 4406 λε’γων
1194 4309 1273 4384 “Εἱ
1302 4303 1373 4387 υίὸς
1401 4299 1434 4382 εἷ
1458 4313 1526 4382 τοῦ

362 4518 440 4570 5-13·
461 4501 534 4556 Haec
547 4504 624 4558 nobis
638 4502 790 4572 suppeditat
805 4503 841 4557 H.
1047 4505 1073 4558 8.
1095 4503 1177 4573 ἐνίησι
1189 4502 1336 4558 emendavi.
1350 4500 1439 4556 ε’νίειοι
1452 4499 1526 4558 cod.

328 4587 370 4624 αι.
389 4571 433 4625 οὖν
445 4585 614 4642 assumptum
627 4593 659 4628 αιι
671 4577 705 4627 Α.
