3280 5142
121 360 300 445 xviii.4-6.
343 361 401 427 IN
427 362 461 429 S.
484 361 738 428 JOANNEM.
785 362 882 428 LIB.
905 362 966 428 XI.
1011 361 1114 429 cAP.
1137 359 1218 425 XII.
1287 355 1327 427 17

122 527 290 614 δοθέντος
315 531 413 638 αὐτῷ
430 531 629 637 φροντίσας
647 529 860 638 ἀξιώματος,
879 535 936 612 καὶ
954 531 1181 638 ἁπαξαπλῶς
1200 534 1323 624 εἰπεῖν,

123 651 298 734 ἀπάντων
329 656 420 755 ὁμοῦ
449 661 522 735 τῶν
555 656 706 736 αἰωνίων
737 657 887 758 ἀγαθῶν
914 654 956 737 τὸ
986 653 1113 758 μικρὸν
1145 655 1236 734 οὕτω
1268 654 1357 733 mio

122 776 264 862 εὐτελὲς
292 781 437 882 προθεὶς
467 777 647 883 ἀργύριον,
677 780 737 859 καὶ
766 777 867 881 ποίγη
898 782 957 860 καὶ
986 781 1089 861 λίνον
1120 773 1327 873 διαβολικόν

123 902 324 1006 εὑρίσκεται
352 910 404 1012 τῷ
429 909 591 1012 Χριστῷ,
619 906 678 984 καὶ
706 907 769 1004 τῆς
796 902 978 985 Ἰουδαίων
1006 900 1196 1004 ἀθεότητος
1222 934 1322 1003 πρω-

89 1057 109 1119 5
124 1024 306 1126 τοστάτης
325 1062 364 1107 τε
382 1024 457 1125 ἅμα
473 1031 532 1108 καὶ
550 1023 733 1131 συνεργός.

174 1145 327 1231 Ἔπεισι
346 1152 390 1232 δέ
408 1186 469 1250 μοι
487 1154 626 1232 κάκεῖνο
644 1150 735 1254 πρὸς
752 1151 891 1237 τούτοις
910 1153 953 1233 οὐ
970 1151 1122 1254 μετρίως
1140 1155 1324 1252 διαγελᾶν.

124 1271 231 1378 ὄχλοι
256 1272 412 1378 μὲνγὰρ
431 1281 464 1355 οἱ
488 1281 541 1384 τῷ
564 1274 723 1382 προδότῃ
739 1275 950 1361 συνθέοντες
967 1274 1034 1374 τὴν
1052 1273 1144 1356 κατὰ
1162 1280 1327 1377 Χριστοῦ

123 1404 329 1493 μελετῶσιν
356 1398 497 1505 ἔφοδον,
526 1398 658 1507 φανοὺς
686 1399 724 1480 δὲ
751 1404 809 1480 καὶ
838 1403 950 1507 δᾷδας
977 1396 1170 1508 ἁψάμενοι.
1206 1431 1324 1502 παρη·

124 1530 254 1602 τοῦντο
270 1521 342 1626 γὰρ
360 1519 468 1623 οἶμαι,
487 1522 579 1603 κατά
596 1558 638 1627 γε
655 1522 697 1604 τὸ
715 1522 816 1622 εἰκὸς,
833 1523 879 1603 τά
898 1527 946 1609 ὡς
964 1527 1003 1604 ἐν
1020 1521 1142 1632 σκότῳ
1161 1520 1324 1602 διαπταί-

72 1680 252 1746 ιοσμοτα
280 1651 338 1727 καὶ
366 1648 408 1728 τὸ
434 1645 581 1750 βόθροις
609 1647 786 1731 ἀκουσίως
813 1650 1079 1751 ε’γκαταπηδᾶν·
1130 1652 1233 1752 φιλεῖ
1257 1642 1328 1747 γάρ

125 1805 205 1855 πως
223 1773 261 1850 έν
281 1769 403 1880 σκότῳ
425 1769 472 1851 τά
498 1779 644 1851 τοιαῦτα
672 1773 896 1870 συμβαίνειν.
938 1771 1074 1852 ἀλλ’ῶ
1101 1775 1164 1869 τῆς
1191 1770 1362 1852 ἀνοίας·ι1

124 1896 193 2000 οὐχ
222 1897 356 1998 ὁρῶσιν
383 1901 417 1974 οἱ
441 1895 594 1979 τάλανες
609 1896 647 1975 ἐκ
665 1899 810 1994 πολλῆς
834 1897 990 1995 ἀμαθίας
1014 1902 1065 2005 τῷ
1092 1896 1184 2002 λίθῳ
1209 1927 1327 1996 προσ-

123 2018 321 2116 πταίοντες,
338 2024 420 2122 περὶ
448 2019 489 2100 οὗ
512 2026 628 2128 φησιν
646 2020 666 2098 ὁ
685 2018 779 2103 θεὸς
804 2023 863 2099 καὶ
889 2018 1019 2122 Πατήρ
1046 2030 1068 2068 “
1085 2019 1180 2100 Ἰδοά
1204 2019 1325 2117 τίθημι
1369 2033 1443 2086 Rom.
1457 2033 1494 2085 i¹·

125 2153 148 2190 “
167 2143 206 2221 έν
226 2141 323 2224 Σιῶν
339 2143 445 2223 λίθον
461 2142 744 2247 προσκόμματος
762 2145 820 2223 καὶ
838 2143 973 2247 πέτραν
991 2143 1232 2224 σκανδάλου.”
1267 2144 1325 2222 καὶ
1370 2114 1411 2164 ³³⁹

75 2268 160 2356 1502
182 2265 311 2370 μικρὸν
329 2266 412 2346 ἔσθ’
432 2266 490 2348 ὅτε
516 2269 816 2373 καταφρίττοντες
840 2267 987 2372 βόθρον,
1006 2273 1054 2352 εἷς
1070 2265 1190 2368 πηγὰς
1209 2265 1327 2360 ἀβύσ-

126 2424 198 2471 σου
216 2392 275 2470 καὶ
293 2397 342 2476 είς
359 2390 407 2471 τά
424 2391 611 2472 κατώτατα
630 2395 693 2490 τῆς
714 2395 782 2494 γῆς
807 2397 1078 2493 καταπηδῶντες
1105 2393 1168 2473 οὐκ
1195 2390 1325 2472 αἰσθοί-

127 2547 260 2613 νονται,
285 2517 343 2594 καὶ
373 2520 407 2594 οἱ
435 2514 501 2614 τὴν
530 2519 593 2615 τῆς
621 2513 776 2619 ἑσπέρας
804 2515 921 2621 ἀχλὺν
947 2516 1233 2618 παραιτούμενοι,
1263 2519 1327 2614 τῆς

127 2639 308 2738 διηνεκοῦς
333 2642 392 2719 καὶ
411 2637 661 2739 ἀκαταλήκτου
690 2636 815 2723 νυκτὸς
843 2639 969 2720 οὐδένα
995 2648 1177 2721 ποιοῦνται
1201 2638 1324 2739 λόγον.

127 2766 285 2858 ἔμελλον
302 2764 374 2868 γὰρ
392 2773 443 2874 τῷ
460 2767 542 2875 θείῳ
558 2769 651 2874 φωτὶ
670 2769 861 2862 δυσσεβῶς
881 2764 1212 2862 ἐπιβουλεύσαντες,
1225 2797 1328 2843 τουτ-

76 2925 113 2966 ιο
128 2890 209 2970 ε’στι
226 2894 391 2999 Χριστῷ,
413 2898 619 2993 περιπατεῖν
644 2891 681 2970 ἐν
699 2890 821 2998 σκότῳ
840 2893 898 2970 καὶ
924 2891 1046 2997 ἀωρίηι,
1066 2887 1158 2969 κατὰ
1181 2887 1247 2988 τὴν
1264 2894 1357 2966 τοῦς
1371 2899 1493 2972 hum.

127 3013 319 3119 προφήτου
344 3012 481 3120 φωνήν·
518 3016 577 3096 καὶ
603 3015 683 3119 οὐχὶ
708 3023 814 3095 τοῦτο
837 3013 957 3113 μόνον,
977 3014 1078 3094 ἀλλὰ
1098 3017 1157 3093 καὶ
1175 3018 1223 3096 είς
1241 3009 1328 3091 αὐτὸ

128 3136 171 3215 τὸ
201 3137 374 3245 ἐξώτερον
402 3137 686 3243 κατοιχησεσθαι
715 3138 857 3237 σκότος,
888 3141 962 3218 ἐκεῖ
990 3141 1054 3238 τῆς
1086 3141 1135 3222 είς
1163 3133 1328 3239 Χριστὸν

128 3261 298 3356 ἀσεβείας
316 3261 547 3346 ἀποτίσοντες
566 3259 648 3346 τοὺς
666 3261 808 3365 λόγους,
827 3266 885 3343 καὶ
903 3267 1014 3370 πικρᾷ
1031 3264 1088 3342 καὶ
1106 3257 1327 3367 ἀτελευτήτῳ

127 3383 463 3488 παροδοθησόμενοι
481 3385 606 3488 κρίσει.
1167 3407 1170 3416 “

77 3649 250 3720 25Ἰτισοῦε
286 3645 342 3714 οὖν
374 3646 472 3714 εἰδὼς
507 3651 613 3716 πάντα
645 3649 684 3716 τὰ
715 3650 874 3741 ἐρχόμενα
910 3651 956 3717 ἐπ’
990 3650 1099 3731 αὐτὸν,
1126 3649 1243 3717 ἐξῆλθε
1271 3645 1356 3714 καί4

178 3775 267 3850 λὲτει
298 3769 408 3840 αὐτοῖς
442 3773 523 3841 Τίνα
559 3771 700 3866 ςκτεῖτες
739 3776 961 3867 ἀπεκρίθησαν
993 3776 1083 3862 αὐτῷ
1106 3776 1234 3842 Ἰιισοῦυ
1267 3774 1356 3846 τὸν5

178 3895 377 3990 Ναζωραῖον.
410 3901 496 3976 λέτει
521 3897 631 3967 αὐτοῖς
652 3903 670 3969 ὁ
688 3902 812 3969 Ἰασοῦς
832 3902 922 3978 Ἐτώ
946 3899 1021 3979 εἰμι.
1054 3899 1196 3968 εἷστιίκει
1215 3899 1251 3965 δὲ
1265 3875 1494 3963 ’καίνΙθΙθὰ

171 4027 301 4094 Ἰούδαο
321 4027 339 4094 ὁ
362 4025 563 4117 παραδιδοὺς
586 4027 685 4094 αὐτὸν
708 4031 771 4106 μετ’
797 4029 916 4098 αὐτῶν.
949 4029 996 4094 ὡς
1020 4025 1077 4094 οὗν
1099 4021 1189 4092 εἶπεν
1214 4020 1357 4091 αὐτοῖςό

168 4151 247 4218 Ὀτι
274 4150 340 4228 ὲτώ
366 4150 440 4234 εἶμι,
468 4153 615 4219 ἀπῆλθον
642 4150 689 4219 εἰσ
715 4154 755 4220 τὰ
783 4153 893 4222 ὀπίσω
920 4153 973 4219 καὶ
999 4153 1118 4218 ἔπεσον
1145 4150 1254 4238 χαμαί.

76 4358 112 4415 30
181 4326 258 4408 Διά
275 4325 399 4412 νυκτός
418 4327 438 4407 ὁ
455 4329 633 4430 προδότης
650 4325 734 4413 τοὺς
753 4335 825 4409 τῶν
842 4326 1026 4408 Ἰουδαίων
1045 4327 1220 4429 ὑπηρέτας
1237 4327 1327 4425 ὁμοῦ

161 4549 187 4590 2.
205 4533 308 4588 πάντας
320 4531 424 4604 Migne.
520 4533 547 4588 8.
564 4532 594 4587 δὲ
605 4551 659 4588 om.
673 4533 706 4589 Ε.
817 4532 858 4588 16.
877 4531 1030 4588 ε’σθθνοιπαι
1044 4531 1077 4587 Ε.
1169 4548 1211 4602 23.
1230 4529 1325 4588 ἀποτά·

127 4625 217 4662 σοντες
230 4603 293 4674 (εἰς)
308 4603 340 4658 E.

168 4705 240 4751 vob.
257 4704 309 4750 111.
723 4705 744 4750 D
