3268 5130
141 331 209 398 viii.
224 334 254 413 6,
268 349 296 416 7.
395 335 449 399 IN
474 324 733 400 EPISTOLAM
758 333 821 400 AD
848 333 1081 402 ROMANOS.
1271 337 1335 402 218

1389 451 1399 485 ι
1429 433 1467 485 Μ.

138 495 352 600 προσεοικὸς
389 495 454 596 μέν
482 505 556 582 τοῖς
590 497 769 600 ἡμετέροις
802 497 983 599 σώμασιν,
1017 498 1059 579 οὐ
1090 496 1163 598 μὴν
1194 498 1245 578 ἔτι
1277 499 1336 578 καὶ
1363 437 1375 502 [
1404 443 1417 499 ⁷
1480 433 1493 499 ]

139 626 262 699 νοσεῖν
289 621 379 705 εῖδὸς
406 619 582 722 σαρκικὴν
609 621 844 723 ἀκαθαρσίαν·
878 618 980 723 ἅγιος
1006 621 1078 723 γὰρ
1095 623 1133 700 ἐκ
1153 619 1292 723 μήτρας
1310 623 1337 699 ό

140 747 234 824 θεῖος
261 745 388 827 ἐκεῖνος
417 742 514 829 νειός.
557 746 614 823 καὶ
646 743 736 824 ὅσον
763 741 829 843 μὲν
857 743 940 844 ἧκεν
969 748 1017 827 είς
1047 745 1180 828 ἐννοίας
1210 777 1249 824 τε
1279 745 1338 823 καὶ

139 863 275 966 λόγους
307 863 388 950 τοὺς
417 869 455 946 έν
486 870 532 972 τῇ
565 864 687 972 φύσει,
719 865 969 965 κατοκνήσειεν
1003 864 1048 945 διν
1080 866 1192 952 οὐδεὶς
1228 869 1337 946 ἐκεῖνο

107 988 261 1084 5εῖπεῖν,
290 990 337 1072 ὡς
364 985 572 1098 ἐπείπερῆν
595 988 705 1096 σὰρξ,
731 988 839 1094 ἴσχεν
856 986 901 1068 ἂν
923 991 961 1068 ἐν
979 990 1086 1095 ἑαυτῇ
1113 987 1156 1068 τὸ
1183 987 1271 1068 ἰ’διόν
1298 1023 1338 1068 τε

140 1112 201 1188 καὶ
225 1109 385 1216 ἔμφυτον
402 1114 541 1212 κίνημα·
570 1113 688 1212 ἐπειδὴ
714 1111 751 1193 δὲ
777 1115 797 1192 ό
820 1118 946 1192 πᾶσαν
963 1109 1029 1212 τὴν
1046 1112 1165 1192 κτίσιν
1184 1110 1338 1214 ἁγιάζων

141 1231 264 1334 Λόγος
296 1229 499 1340 κατῴκηκεν
531 1237 568 1314 ἐν
600 1236 700 1340 αὐτῇ,
730 1235 976 1337 κατακέκριται
1011 1238 1075 1332 τῆς
1105 1235 1280 1337 ἁμαρτίας
1315 1233 1338 1332 ἡ

141 1353 298 1455 δύναμις,
316 1357 375 1437 ἵνα
393 1361 452 1438 καὶ
476 1363 524 1442 εῖς
543 1359 635 1458 ἡμᾶς
658 1360 823 1463 διαβαίνῃ
845 1356 887 1437 τὸ
912 1357 1201 1460 κατωρθωμένον·
1231 1390 1335 1456 μετε-

141 1479 330 1582 σχήκαμεν
356 1480 429 1585 γὰρ
452 1482 562 1561 αότοῖι
582 1488 826 1579 πνευματικῶς
848 1515 887 1560 τε
914 1484 973 1562 καὶ
999 1486 1222 1580 σωματικῶς·
1252 1479 1339 1559 όταν

89 1637 129 1677 ro
142 1600 214 1705 γὰρ
232 1605 291 1682 καὶ
308 1603 393 1702 ἡμῖν
411 1604 632 1708 ε’ναυλίζηται
645 1603 809 1706 Χριστός
827 1601 886 1682 διὰ
904 1612 968 1684 τοῦ
984 1605 1113 1705 Ἀγίου
1130 1603 1339 1703 Πνεόματος

142 1728 201 1804 καὶ
225 1724 284 1804 διὰ
309 1730 373 1825 τῆς
397 1731 573 1826 μυστικῆς
597 1727 774 1828 εὐλογίας,
793 1728 873 1806 τότε
898 1726 942 1827 δὴ
960 1724 1103 1809 πάντως
1122 1729 1179 1806 καὶ
1199 1728 1236 1806 έν
1254 1727 1339 1827 ἡμῖν

142 1850 245 1945 ὁτῆς
262 1849 435 1952 ἁμαρτιας
455 1851 700 1952 κατακρίνεται
719 1847 837 1948 νόμος.

197 1967 343 2070 Ἀληθές
370 1971 432 2051 οὖν
451 1971 507 2051 ότι
536 1973 572 2052 τό
591 1967 749 2052 ιἰθόνατοι
772 1974 827 2052 τοῦ
853 1973 948 2078 νόμον
967 1972 996 2052 ἐν
1015 1969 1042 2079 ᾧ
1060 1969 1177 2065 ἦοθέιει
1197 1967 1256 2052 διῖι
1281 1970 1339 2066 τῆς

142 2091 271 2199 σιιριιῖις
297 2093 474 2174 πέπαυται
501 2091 559 2174 διὰ
577 2100 741 2197 Χριστοῦ
766 2093 1039 2198 κατακρίναντός
1057 2127 1096 2174 τε
1119 2098 1178 2174 καὶ
1203 2129 1337 2198 κατηρ-

91 2246 128 2303 ¹5
142 2215 296 2317 γιγκότος
318 2214 373 2310 τῖιν
389 2219 558 2323 ιὶμαρτίιιν
577 2218 607 2297 ἒν
633 2226 672 2333 τῇ
696 2227 798 2324 σαρκὶ
818 2216 875 2298 ’ίιιι
901 2215 937 2298 τό
964 2213 1141 2324 δικαίωμα
1167 2219 1223 2297 τιό
1245 2219 1340 2324 νόμον

142 2336 295 2450 πληρωθρ
317 2338 349 2419 ἐν
375 2343 461 2446 ἡμῖν·
489 2339 721 2442 πεπλήρωται
750 2339 822 2444 γὰρ
849 2337 892 2419 τὸ
922 2341 1095 2437 δικαίωμα
1127 2348 1190 2420 τοῦ
1218 2337 1339 2440 νόμον,

142 2458 329 2541 τουτέστιν
361 2462 384 2562 ἦ
417 2461 564 2562 δόναμις
601 2469 673 2541 τῶν
709 2460 1001 2562 τεθεσπισμένων
1032 2461 1091 2542 διὰ
1121 2471 1185 2542 τοῦ
1217 2459 1346 2561 νόμου,Ι

142 2584 257 2684 ἤγουν
276 2583 319 2664 τό
343 2592 484 2685 θέλημα
508 2587 550 2665 τὸ
576 2585 716 2681 βλέπον
735 2592 783 2668 εῖς
811 2582 950 2688 ἀρετὴν,
968 2592 1032 2664 τοῦ
1060 2588 1097 2664 έν
1125 2585 1210 2685 ἡμῖν
1237 2585 1340 2669 ὄντος

143 2707 255 2804 νόμου
272 2709 347 2787 κατ’
368 2707 491 2788 οὐδένα
514 2707 647 2811 τρόπον
671 2711 719 2792 ὡς
743 2707 835 2815 ἔφην
853 2711 1091 2792 ἀσθενοῦντος
1115 2707 1165 2788 ἔτι
1190 2707 1250 2788 διὰ
1275 2717 1340 2789 τοῦ

88 2862 129 2903 20
143 2835 392 2932 τυραννεῖσθαι
414 2838 491 2916 ταῖς
518 2831 687 2936 ε’μφότοις
715 2830 868 2930 ἡδοναῖς.
907 2829 1142 2934 πεπλήρωται
1166 2831 1285 2912 τοίνυν
1302 2833 1340 2910 ἐν

143 2953 229 3052 ἡμῖν
245 2952 282 3034 τό
307 2949 485 3061 δικαίωμα
508 2957 564 3035 τοῧ
587 2955 683 3060 νόμον
705 2958 774 3039 τοῖς
791 2951 838 3060 μῖι
860 2951 957 3035 κατῖι
971 2953 1088 3063 σιίριια
1106 2957 1339 3064 περιπατοῦσι,

144 3077 213 3181 ζῆν
231 3075 269 3157 δῖ
286 3083 432 3176 μᾶλλον
450 3077 617 3158 έθέλουσι
635 3083 892 3178 πνενματικῶς.

183 3273 231 3340 Τὸ
259 3274 318 3364 Γὰρ
346 3276 497 3365 φρόνημα
524 3283 582 3342 rAc
610 3276 729 3364 οαρκὸα
757 3275 907 3354 θάνατος,
934 3276 972 3343 τό
1001 3274 1037 3340 δὲ
1064 3275 1217 3363 φρόνημα
1244 3279 1301 3341 τοῦ
1354 3285 1411 3359 6,7

483 3401 670 3478 Πνεύματοα
697 3401 761 3490 ζωοὶ
791 3399 843 3465 καί
870 3397 995 3489 εἰριίνιι.

87 3573 128 3635 25
202 3544 369 3627 θάνατον
386 3542 452 3645 μὲν
470 3541 561 3624 είναί
584 3553 678 3650 φησι
696 3545 733 3624 τό
753 3542 811 3638 τῆς
830 3542 956 3652 σαρκός
972 3543 1137 3649 φρόνημα,
1157 3543 1215 3620 καὶ
1240 3539 1342 3640 μάλα

144 3670 272 3772 ὀρθῶς·
307 3668 349 3749 τὸ
377 3668 420 3747 δέ
443 3702 484 3770 γε
512 3670 568 3749 τιό
593 3665 796 3773 πνεόματις,
824 3664 909 3776 ζωῖιν
941 3673 1000 3746 καὶ
1031 3666 1156 3773 εῖρῆνην·
1186 3664 1342 3743 θανάτου

143 3790 308 3896 μὲνγὰρ
336 3794 480 3891 ἀληθῶς
503 3791 525 3890 ἡ
549 3792 772 3895 φιλοσαρκία
798 3788 984 3895 πρόξενος·
1021 3787 1112 3891 ζωῆς
1140 3784 1177 3865 δῖ
1206 3791 1270 3885 τῆς
1295 3789 1344 3868 εἰς
1428 3793 1433 3803 ’

144 3920 257 3994 αῖῶνα
284 3915 342 3994 καὶ
369 3919 442 3992 τῶν
466 3911 602 3992 ἄνωθεν
624 3915 781 4014 ἀγαθῶν,
800 3910 841 3990 τὸ
870 3915 1031 4004 διαβιοῦν
1059 3907 1207 3988 ἑλέσθαι
1233 3941 1341 3987 πνευ-

143 4043 313 4138 ματικῶς·
349 4041 378 4117 εῖ
406 4035 478 4138 γὰρ
502 4036 538 4116 τό
568 4035 719 4143 φρόνημα
745 4032 804 4127 τῆς
831 4030 958 4141 σαρκός
986 4029 1088 4139 έχθριι
1117 4037 1162 4116 εἰς
1182 4030 1275 4119 Θῖοι,
1296 4030 1344 4111 ὡς

182 4217 208 4278 7.
226 4226 374 4274 κατοικησςν
387 4204 419 4258 Β.
555 4204 582 4259 8.
600 4200 802 4271 κατορθούμενον
814 4201 848 4256 A.
993 4214 1035 4254 ιο.
1053 4197 1080 4252 έν
1092 4197 1152 4267 ἡμῖν
1162 4196 1295 4264 οόλίζηται
1308 4194 1344 4252 A.

148 4293 192 4348 ¹9·
210 4278 290 4345 νόμον
302 4283 363 4346 pout
374 4274 545 4330 ἀσθενοῦντος
556 4273 708 4344 transponit
719 4272 754 4327 A.
806 4267 911 4396 ruopro
923 4269 958 4325 A.
1126 4336 1132 4348 ·
1216 4281 1258 4321 το.
1278 4265 1344 4319 Ροςι

144 4346 212 4400 λκιο
231 4345 254 4399 d
274 4345 303 4400 δι’
318 4342 640 4414 ἠσθένησεν-λελάλητο
661 4359 675 4396 e
694 4342 775 4396 Thon.
798 4341 850 4396 ποθ
900 4339 1057 4409 depromptu
1074 4335 1180 4391 oxhrbet
1197 4337 1223 4390 A
1240 4353 1268 4405 p.
1283 4335 1344 4399 108,

145 4415 267 4471 acholion
290 4413 370 4478 uliud,
393 4414 418 4468 A
439 4431 467 4484 p.
482 4427 532 4484 113
555 4413 583 4468 S.
597 4412 698 4486 Cyrillo
721 4411 862 4474 tributum,
882 4420 923 4464 ort
949 4424 1040 4463 revera
1059 4405 1212 4461 'l'hoodoriti
1237 4403 1271 4459 od
1293 4407 1345 4462 loc.

146 4501 192 4552 25.
209 4483 271 4555 μὲν]
288 4489 316 4548 ÷
331 4483 377 4539 οὕν
389 4484 423 4538 A.
673 4497 717 4553 29.
733 4477 919 4551 πνευματικῶς]
935 4477 1035 4534 Soholii
1048 4477 1128 4550 huius
1140 4493 1202 4550 poro
1214 4476 1345 4548 posterior

146 4554 301 4626 roholirquo
313 4553 369 4610 duo
381 4553 519 4626 sequentia
531 4559 670 4624 assumpta
681 4569 714 4608 rx
726 4552 751 4606 A
764 4569 809 4623 pp.
823 4567 882 4618 114,
895 4566 952 4622 ιτα,
969 4564 1028 4616 ¹²4·
