3280 5142
313 327 356 389 ιο
610 297 1205 409 B.cYR1LL1AEEXANDR.
1294 341 1513 419 xviima.

312 521 352 567 τε
377 495 440 588 τῆς
467 493 592 577 ἑαυτοῦ
620 499 738 605 χειρός
761 511 825 583 τοῦ
846 505 985 609 Πέτρου
1012 506 1078 605 τὴν
1106 506 1296 614 μάχαιραν,
1320 504 1515 586 ῦποθέυτος

312 645 349 691 τε
378 613 503 719 ὥσπερ
527 630 604 706 ταῖς
632 630 704 704 τῶν
729 624 911 709 Ἰουδαίων
938 634 1063 734 χερσὶν
1085 631 1215 711 Ιἑαυτὸν
1243 637 1306 711 τοῦ
1334 634 1513 731 Χριστοῦ,

313 737 424 818 καίτοι
452 742 502 841 μὴ
531 750 658 826 παθεῖν
686 747 769 854 ἐξὸν
796 755 855 830 καὶ
887 755 1071 855 διαδρᾶναι
1099 757 1199 862 ῥᾷον,
1229 752 1413 854 ἀνημέρως
1443 750 1514 850 ἤδη

279 862 481 965 δφέρονται
513 876 587 952 τοῖς
618 877 753 971 θυμοῖς,
786 878 844 954 καὶ
876 882 925 960 εἰς
956 878 1098 983 ἄμαχον
1130 877 1255 981 ὥσπερ
1284 873 1514 956 ἀνακαίονται

311 984 458 1085 θράσος,
478 989 516 1068 οἵ
534 1025 572 1070 τε
594 1003 812 1096 στρατιῶται
839 997 911 1079 σῖιυ
939 1007 990 1110 τῷ
1018 1009 1254 1104 καθηγεῖσθαι
1281 997 1432 1105 λαχόντι
1451 998 1545 1086 καί5

311 1116 340 1186 οἱ
369 1107 441 1189 σῦν
472 1113 590 1200 αὐτοῖς
619 1118 787 1228 ὑπηρέται.
830 1123 969 1204 εἴκοντα
1005 1124 1043 1206 δέ
1076 1126 1144 1227 ἤδη
1175 1125 1267 1230 πρὸς
1290 1131 1364 1206 πᾶν
1391 1124 1512 1202 ὁτιοῦν

310 1232 429 1317 αὐτοῖς
455 1235 595 1324 ἑλόντες
627 1241 691 1322 τὸν
717 1245 862 1346 Κύριον,
892 1253 1038 1347 δεσμοῖς
1066 1248 1132 1347 μὲν
1161 1251 1366 1346 ἐντείνουσι,
1394 1247 1511 1326 καίτοι

310 1353 368 1434 διά
392 1367 498 1439 τοῦτο
521 1359 612 1462 πρὸς
635 1365 728 1465 ἡμᾶς
753 1371 965 1476 ἀφιγμένον,
983 1373 1040 1454 ἵνα
1064 1379 1208 1473 δεσμῶν
1230 1375 1322 1474 ἡμᾶς
1340 1366 1510 1478 ἕξέληῗω

310 1481 537 1581 διαβολικῦν,
565 1492 623 1568 καί
655 1491 695 1569 ἐκ
727 1499 800 1572 τῶν
836 1499 900 1595 τῆς
935 1497 1109 1600 ἁμαρτίας
1141 1497 1314 1602 ἀπολύσῃ
1346 1494 1506 1599 βρόχων.

310 1604 568 1709 ἀποκομίζουσι
590 1611 628 1693 δὲ
653 1615 734 1718 πρὶς
749 1617 882 1709 γΑιιιιι,
903 1618 1045 1727 πενθερόν
1060 1620 1147 1701 ὄντα
1168 1625 1223 1703 τοῦ
1244 1619 1408 1727 Καϊάφα,
1426 1617 1511 1698 ὅθεν
1528 1648 1569 1689 10

308 1762 386 1812 πως
404 1728 488 1827 ἡμῖν
507 1731 643 1814 ἔπεισιν
660 1737 729 1838 ἤδη
748 1748 851 1840 νοεῖν,
869 1741 924 1823 ότι
941 1751 1005 1824 τοῦ
1024 1744 1116 1824 κατὰ
1133 1741 1298 1846 Χριστόν
1315 1747 1509 1845 ἀνοσιουρ-

280 1849 470 1953 ογήμντος
506 1856 613 1944 αὐτὸς
644 1858 689 1960 ἦν
718 1863 790 1968 ἀρα
825 1871 986 1973 τεχνίτης
1022 1874 1080 1952 καὶ
1113 1867 1386 1968 διασκευαστὴς,
1422 1867 1511 1968 παρ’

309 1976 418 2056 αὑτοῦ
445 2013 483 2059 τε
506 1980 662 2065 κατὰτὸ
685 1986 776 2072 εἰκός
802 1993 1116 2096 μεμισθαρνηκότα
1143 1992 1208 2075 τὸν
1234 1992 1415 2098 προδότην
1441 1987 1512 2089 Τῆν

308 2105 599 2208 συλληψομένην
620 2109 684 2189 τὸν
706 2113 871 2215 Χριστόν
896 2116 1083 2223 ἐξαιτῆσαι
1107 2118 1264 2218 πληθύν.
1309 2117 1406 2223 αύτῷ
1427 2150 1507 2194 τοι·

308 2233 443 2328 γαροῦν
471 2229 720 2334 ἀποκομίζεται
747 2238 892 2347 πρώτῳ.
928 2239 1038 2320 ε’δόκει
1056 2240 1129 2345 γάρ
1146 2250 1219 2326 τοῖς
1237 2241 1432 2332 Ἰουδαίοις,
1450 2241 1509 2319 καὶ
1525 2269 1563 2330 ¹5

307 2348 425 2431 αὐτοῖς
454 2349 537 2448 ἡμῖν
555 2355 740 2464 ἀποδεῖξαι
767 2360 981 2464 πράγμασιν
1001 2365 1132 2464 ἀληθές
1161 2367 1324 2471 ὑπάρχον
1350 2362 1420 2464 ἤδη
1448 2368 1510 2443 καὶ

306 2470 423 2575 παρὸν
466 2473 554 2579 ὅπερ
590 2480 779 2584 ἐφαίνοντο
816 2486 983 2587 λε’γοντες
1019 2487 1078 2568 διά
1112 2494 1176 2590 τῆς
1213 2498 1278 2569 τοῦ
1316 2487 1509 2595 προφήτου

308 2600 431 2697 φωνῆς
452 2607 474 2646 “
488 2599 672 2700 Δήσωμεν
692 2607 756 2686 τὸν
779 2609 924 2709 δίκαιον,
944 2610 999 2690 ότι
1028 2613 1259 2718 δύσχρηστος
1286 2614 1371 2712 ἡμῖν
1388 2613 1506 2692 ἐστι.”

308 2717 540 2824 δύσχρηστος
564 2724 636 2828 γάρ
659 2728 770 2814 ὄντως
789 2731 972 2819 Ἰουδαίοις
989 2734 1034 2836 ἦν
1053 2737 1073 2816 ό
1093 2737 1266 2839 Χριστὸς,
1285 2740 1364 2842 οῦχί
1382 2745 1504 2816 τοιοῦ-

306 2876 369 2926 τος
401 2843 572 2950 ὑπάρχων
603 2850 718 2949 αύτῖις,
751 2858 836 2935 ἀλλ’
866 2859 1007 2962 ἐπείπερ
1036 2862 1154 2946 αὐτοῖς
1181 2860 1256 2969 ἕξιν
1285 2862 1410 2967 ἔχουσι
1439 2860 1507 2960 τὴν
1523 2899 1565 2941 ιο

138 2968 611 3073 1021Δινφιλαμορτήμονα
642 2978 700 3054 καὶ
730 2979 935 3084 φιλήδονον,
966 2982 1066 3064 ούδέν
1096 2984 1205 3066 ἐδόκει
1237 2993 1310 3066 τῶν
1345 2986 1508 3088 ἀρίστων

307 3090 494 3196 εἰσφέρειν,
512 3092 579 3196 τὴν
607 3096 695 3201 ύπέρ
716 3101 826 3201 νόμον
852 3106 1081 3209 δικαιοσύνην
1097 3110 1358 3213 εἰσηγούμενος,
1378 3113 1436 3190 καί
1462 3109 1507 3191 τό

305 3215 433 3295 δοκοῦν
467 3217 578 3304 ὅντως
612 3229 663 3330 τῷ
702 3227 884 3338 φιλαρέτερ
917 3235 1001 3337 Θεῷ
1036 3239 1255 3334 περιστολῆς
1290 3269 1384 3319 τινος
1421 3237 1508 3340 δίχα

303 3345 509 3440 παρατιθεὶς
527 3347 576 3428 εἰς
593 3347 800 3448 ἐπίγνωσιν,
820 3355 862 3432 οῦ
879 3354 1046 3454 τοιαύτην
1065 3357 1208 3461 ἔχοντος
1227 3367 1291 3439 τοῦ
1311 3358 1421 3456 νόμου
1438 3359 1508 3460 τὴν

303 3463 397 3560 ὁδὸν,
430 3464 489 3543 διὰ
520 3474 625 3551 σκιῖις
655 3471 692 3550 δέ
727 3481 874 3572 μάλλον
906 3481 964 3557 καὶ
996 3481 1216 3580 αἰνιγμάτων
1246 3482 1412 3584 πλαγίως
1444 3489 1506 3564 καὶ
1523 3513 1564 3574 ²5

304 3585 410 3684 μόλις
435 3587 477 3668 τὸ
498 3591 657 3696 πεφυκός
676 3599 830 3703 ὠφελεῖν
848 3607 920 3686 τοῖς
945 3604 1180 3704 ἀκροωμένοις
1203 3607 1502 3710 παρασημαίνον-

305 3747 378 3797 τος.
420 3712 528 3816 όνπερ
552 3716 616 3796 οὖν
637 3719 772 3819 τρόπον
789 3731 863 3809 τοῖς
886 3724 951 3824 μέν
969 3727 1032 3806 οῦν
1049 3726 1115 3826 τὴν
1132 3728 1221 3835 ὅφιν
1239 3732 1506 3832 λελωβημένοις

304 3836 538 3943 δύσχρηστόν
564 3873 642 3925 πως
669 3843 748 3923 ἐστὶ
776 3855 839 3927 τοῦ
867 3849 972 3948 ἡλίου
996 3849 1038 3930 τό
1068 3858 1156 3956 φιῦς,
1189 3855 1355 3953 ούδεμίαν
1384 3856 1505 3941 αὐτοῖς

302 3964 471 4060 ἐμποιοῦν
496 3961 562 4061 τὴν
588 3961 726 4065 ὄνησιν,
750 3971 1062 4077 παραποδιζούσης
1086 3979 1134 4060 εῖς
1159 3985 1266 4058 τοῦτο
1291 3983 1353 4076 τῆς
1380 3978 1505 4079 νόσου,

302 4093 376 4169 τοῖς
405 4083 536 4185 δὲτὴν
565 4087 641 4195 ἕξιν
668 4094 922 4193 κεκακωμένοις
959 4096 1005 4177 τὰ
1035 4105 1108 4179 τῶν
1131 4101 1340 4200 ἐδεσμάτων
1369 4103 1506 4204 ῦγιεινά
1520 4137 1564 4194 30

304 4210 602 4316 δυσχρηστότερά
620 4249 698 4300 πως
716 4223 789 4298 τῶν
809 4219 939 4323 ἕπε’ρων
958 4218 1045 4301 εἰναι
1062 4227 1166 4323 δοκεῖ,
1185 4227 1298 4306 καίτοι
1316 4228 1506 4335 προξενεῖν

340 4506 367 4563 7.
384 4493 524 4552 ε’ντείνουσι
537 4499 570 4554 Ε.
582 4499 724 4560 ε’κτείνονσι
737 4504 789 4561 Ed.
905 4523 948 4577 24.
967 4513 1072 4566 τοιαῦτα
1084 4511 1117 4567 Ε.
1236 4529 1281 4584 3ο.
1300 4513 1329 4569 δι’
1340 4517 1387 4585 τὴν
1398 4535 1454 4573 om.
1468 4519 1505 4576 E.

303 4565 497 4638 κεκακωμένοις]
508 4569 550 4623 καὶ
562 4571 716 4642 κακωμίνοις
726 4574 758 4632 Ε.
