3284 5130
310 271 372 336 146
612 271 650 338 Β.
673 269 879 336 CYRILLI
914 269 1203 336 ALEXANDR.
1319 291 1372 336 xx.
1386 270 1499 351 26,27.

308 440 401 517 ίδεῖν·
430 439 482 543 τῷ
499 435 537 516 δὲ
555 433 600 535 ἦν
617 436 684 537 ἤδη
704 441 761 518 καὶ
783 445 888 517 τοῦτο
913 437 1062 540 πρέπον,
1079 442 1127 523 ὡς
1153 439 1244 536 όμοῦ
1270 444 1344 521 τοῖς
1372 435 1498 519 ἀλλοις

306 558 349 639 τὸ
370 564 517 660 Πνεῦμα
542 560 799 660 πλουτήσαντι.
842 565 889 644 ὡς
916 561 988 665 γὰρ
1016 561 1084 662 ἤδη
1112 563 1322 666 φθάσαντες
1347 560 1496 658 εἴπομεν,

306 685 371 764 οὐκ
395 685 537 786 ἐπείπερ
559 686 770 790 ἀπελείφθη,
791 683 848 765 διά
875 693 981 764 τοῦτο
1006 693 1071 766 ’τοῦ
1091 685 1299 784 Πνειίματος
1327 682 1497 786 ἀμέτοχος

223 839 229 850 “
271 805 360 906 δῆν.
392 807 581 914 ἐξετείνετο
607 807 680 910 γὰρ
699 811 756 888 καὶ
781 791 833 891 ἐἷς
857 809 966 888 αὐτὸν
983 809 1006 908 ἡ
1024 817 1089 890 τοῦ
1117 807 1274 892 διδόντος
1302 807 1497 912 φιλοτιμία,
1609 911 1610 914 ¹

305 929 381 1038 ὅλῳ
406 935 458 1038 τῷ
480 930 696 1034 πληρώματι
719 937 793 1011 τῶν
810 931 923 1034 ἁγίων
943 936 1114 1033 μαθητῶν
1132 931 1414 1030 ἀπονεμηθείσης
1436 933 1529 1029 τῆςὸ

304 1059 450 1157 δωρεᾶς.
1612 1066 1613 1112 ¹

360 1175 474 1278 Οἶμαι
493 1177 530 1258 δέ
550 1183 621 1258 δεῖν
639 1180 696 1260 ε’πὶ
714 1177 851 1266 τούτοις
868 1181 1055 1283 ἐρευνῆσαι
1074 1181 1221 1260 κάκεῖνο.
1256 1173 1499 1282 έφηλάφησεν

303 1301 324 1380 ὁ
343 1306 478 1399 Θωμᾶς
499 1300 566 1402 τῆν
583 1311 647 1382 τοῦ
666 1307 833 1404 Σωτῆρος
861 1302 1033 1406 πλευρὰν,
1053 1304 1111 1382 καὶ
1137 1303 1187 1400 τάί
1205 1305 1243 1381 ἐκ
1269 1305 1333 1401 τῆς
1362 1298 1499 1404 λόγχης

301 1429 366 1524 τῆς
384 1429 642 1530 στρατιωτικῆς
660 1425 807 1529 ἐζήτησε
825 1426 1024 1529 τραύματα·
1065 1424 1133 1506 εἶδε
1156 1425 1240 1510 τοὺς
1266 1423 1399 1508 τόπους
1427 1428 1499 1502 τῶν

302 1547 413 1648 ἥλων.
453 1545 530 1629 εἶτα
546 1556 634 1646 πῶς,
651 1550 725 1652 ε’ρεῑ
736 1584 790 1633 τις
808 1550 930 1656 τυχὸν,
948 1552 986 1631 έν
1004 1556 1055 1658 τῷ
1082 1548 1258 1658 ἀφθάρτῳ
1286 1548 1428 1647 σάματι
1453 1547 1498 1627 τά
1511 1579 1554 1621 ιο
1619 1550 1621 1622 s

301 1675 365 1771 τῆς
400 1679 540 1777 φθορᾶς
573 1672 771 1778 διεφαίνετο
808 1682 966 1775 σημεΐα;
1008 1679 1147 1779 φθορᾶς
1188 1672 1260 1778 γὰρ
1293 1675 1500 1772 σωματικῆς

301 1793 484 1904 ἀπόδειξιν
501 1796 583 1900 ἕχει,
605 1800 663 1877 καὶ
685 1803 815 1902 χειρῶν
839 1802 897 1878 καὶ
925 1805 1083 1902 πλευράς
1111 1799 1161 1878 ἔτι
1188 1794 1348 1893 μένουσά
1375 1831 1413 1876 τε
1441 1800 1500 1875 καὶ

301 1919 486 2022 σωζομένη
505 1919 699 2024 διάτρησις,
718 1924 777 2001 καὶ
795 1921 1008 2024 τραυμάτων
1027 1921 1116 2000 ἰδέαι
1144 1924 1202 2002 καὶ
1227 1919 1499 2019 ἀποκεντήσεων

258 2043 373 2122 Ιιιτάιν
401 2041 459 2123 διά
484 2042 635 2146 σιδῆρου
659 2047 914 2148 γεγενημένων,
937 2049 1050 2126 καίτοι
1079 2053 1143 2125 τοῦ
1170 2040 1261 2146 πρδς
1289 2043 1499 2150 ἀφθαρσίαν

300 2167 596 2252 ἀναπλασθείιτος
623 2167 792 2268 σώματος
811 2171 832 2249 ό
851 2167 990 2270 ἀληθής
1008 2203 1047 2248 τε
1073 2173 1131 2248 καὶ
1156 2169 1360 2251 ἀνυπαίτιος
1387 2164 1498 2267 λόγος
1512 2199 1553 2260 ¹5

300 2295 348 2374 είς
367 2289 410 2370 τὸ
432 2295 560 2396 χρῆναι
580 2290 710 2390 βλέπει
732 2292 1061 2374 συναποδάσασθαι
1085 2299 1130 2398 τῇ
1154 2297 1277 2398 φθορᾷ
1297 2295 1356 2371 καὶ
1380 2288 1500 2371 πάντα

298 2413 344 2493 τά
370 2415 416 2522 ἐξ
439 2418 557 2516 αὐτῆς.
597 2412 666 2520 ἀρα
691 2416 762 2521 γάρ
792 2418 825 2499 εἴ
850 2452 903 2501 τις
934 2416 1087 2522 χωλεόοι
1117 2416 1228 2521 τυχὸν
1257 2417 1499 2508 ἀναβιώσεται

296 2538 410 2620 πάλιν
427 2539 494 2641 τῆν
510 2549 575 2620 τοῦ
602 2540 712 2625 ποδὸς
739 2542 820 2642 ἤτοι
846 2550 913 2622 τοῦ
940 2539 1098 2623 σκέλους
1126 2539 1292 2641 πήρωσιν
1319 2535 1436 2642 έχων;
1468 2541 1499 2616 εί

298 2661 411 2742 δὲκαὶ
429 2662 642 2768 ὀφθαλμοὺς
667 2665 912 2748 ἀπολωλεκώς
939 2699 992 2748 τις
1011 2663 1063 2764 είη
1083 2662 1175 2743 κατὰ
1199 2659 1300 2742 τόνδε
1324 2660 1388 2740 τὸν
1407 2661 1497 2758 βίον,

298 2780 369 2888 ἀρα
394 2794 458 2866 τοῦ
487 2787 636 2882 βλέπειν
665 2787 793 2890 ἕρημος
824 2788 1079 2891 ε’γερθῆσεταις
1117 2793 1196 2871 πῶς
1224 2787 1287 2866 οὖν
1315 2786 1380 2875 έτι,
1410 2785 1498 2890 φαίη
1513 2819 1556 2861 20

297 2941 350 2991 τις
370 2906 424 3005 ἀν,
439 2910 709 3008 άπεσεισάμεθα
727 2910 793 3010 τῆν
811 2913 964 3017 φθορὰν,
979 2918 1008 2992 εί
1027 2911 1072 2992 τά
1090 2911 1135 3018 ἐξ
1150 2912 1257 3008 αὐτῆς
1276 2907 1326 2988 έτι
1346 2908 1500 3011 σώζεται

296 3031 408 3130 πάθη,
441 3036 498 3111 καὶ
531 3039 603 3114 τῶν
634 3034 812 3136 ῆμετέρων
850 3043 1065 3138 κατακρατεῖ
1098 3030 1302 3132 σωμάτων;
1342 3035 1400 3112 καὶ
1433 3031 1497 3134 ζη-

129 3167 210 3226 1100
220 3166 285 3223 Μ
298 3153 434 3253 τήσεως
447 3153 512 3252 μὲν
525 3158 721 3259 ἀναγκαίας
734 3159 891 3260 ἀμοιρεῖν
905 3161 968 3238 οὐκ
980 3155 1074 3256 οἶμαι
1089 3155 1152 3239 τόν
1166 3161 1224 3238 ἐπὶ
1237 3156 1352 3263 τούτῳ
1369 3154 1496 3257 λόγον,

296 3275 395 3376 πλῆν
414 3277 524 3358 ἐκεῖνό
548 3287 668 3384 φαμεν
691 3287 767 3365 ταῖς
791 3289 864 3362 τῶν
887 3283 1124 3385 προκειμένων
1147 3281 1319 3386 ἀπορίαις,
1340 3279 1500 3360 καθόσον

296 3401 483 3505 ἐνδέχεται,
500 3410 677 3483 συνειπεῖν
695 3405 965 3509 σπουδάζοντες,
986 3405 1040 3486 ὅτι
1063 3405 1154 3486 κατὰ
1176 3406 1240 3485 τὸν
1258 3408 1321 3503 τῆς
1339 3400 1499 3484 άναστά-
1513 3441 1558 3502 ²5

297 3557 390 3607 σεως
409 3521 531 3625 καιρὸν
550 3524 650 3607 οὐδέν
668 3528 705 3606 έν
724 3527 807 3625 ἡμῖν
825 3529 1141 3636 περιλειφθήσεται
1163 3534 1299 3635 φθορᾶς
1319 3532 1382 3625 τῆς
1400 3530 1496 3607 ε’πει·

297 3645 436 3728 σάκτου
450 3649 635 3755 λείψανον,
648 3648 732 3728 ἀλλ’
749 3647 873 3753 ὥσπερ
886 3653 905 3730 ὁ
919 3650 1037 3759 σοφός
1053 3653 1123 3758 ἔφη
1137 3658 1286 3735 Παῦλος
1300 3654 1381 3752 περὶ
1395 3653 1499 3730 τοῦδε

298 3779 362 3851 τοῦ
380 3771 558 3870 σώματος,
575 3771 618 3852 τὸ
636 3773 861 3876 ἐσπαρμένον
880 3785 901 3821 “
914 3778 952 3855 ἐν
970 3778 1137 3884 ἀσθενείᾳ
1155 3777 1322 3878 ἐγείρεται
1338 3778 1375 3854 έν
1393 3773 1499 3854 δυνά-

300 3905 321 3942 “
337 3895 425 3992 μει,”
455 3894 581 3975 καὶτὸ
609 3896 833 4000 ἐσπαρμένον
861 3910 882 3948 “
895 3901 931 3979 ἐν
956 3900 1079 4008 ἀτιμίᾳ
1106 3901 1274 4002 ἐγείρεται
1302 3901 1340 3978 ἐν
1368 3896 1494 4003 δόξη.”

298 4021 336 4099 τί
358 4021 388 4100 δ’
408 4019 454 4100 ἀν
472 4020 590 4124 ἕτερον
608 4020 660 4122 εἵη
682 4019 793 4127 τυχόν
811 4022 853 4102 τὸ
876 4025 913 4102 ἐν
933 4025 1078 4120 δυνάμει
1103 4027 1161 4103 καὶ
1187 4024 1276 4130 δόξῃ
1304 4020 1371 4121 τῆν
1393 4024 1493 4099 τοῦδε
1508 4051 1556 4106 30

335 4171 385 4229 7-
407 4173 486 4232 .147‚
502 4159 533 4214 16
546 4162 609 4217 citat
621 4161 734 4218 Severus
749 4163 776 4217 in
790 4163 927 4246 Epistola:
948 4170 989 4220 ent
1004 4163 1112 4234 syriace
1124 4163 1152 4218 in
1165 4163 1233 4218 eod.
1248 4163 1316 4246 βαι.
1327 4157 1495 4245 Μυο;(Αδι1.

300 4177 1497 4388 &affffflfssdanffiffi&5323{5333ss‘3300030‘2?ffl·0fflfflzssss„2⁰?0zssffifflssss

299 4383 360 4421 rum
375 4367 565 4442 (Add.14532)
581 4373 626 4429 sol.
639 4389 682 4444 59.
836 4391 876 4429 12.
895 4321 1024 4446 πλευρᾶςῆ
1033 4375 1120 4428 ποδῶν
1132 4375 1251 4429 οοδοοιιο
1264 4383 1308 4428 ext.
1323 4373 1370 4428 sed
1382 4375 1498 4442 πλευράς

299 4435 379 4490 habet
392 4437 514 4495 Severus.
678 4461 718 4515 19.
737 4443 890 4514 ὀφθαλμοὺς
903 4445 935 4498 Ε.
951 4445 1012 4498 Sev.
1024 4444 1162 4515 δφθολμδς
1175 4445 1226 4499 Ed.
1397 4459 1440 4497 21.
1457 4463 1498 4499 τις

299 4515 467 4578 assumptum
480 4525 512 4562 ex
527 4509 558 4566 E.
736 4530 780 4584 30.
799 4515 851 4585 γὰρ
863 4531 912 4586 pro
924 4513 946 4569 δ’
960 4515 1022 4570 Sev.
