3268 5130
316 351 381 416 ιιι
468 349 1006 417 B.cYR11.1.1A1.EXANDR.
1030 348 1314 415 FRAGMENTA
1356 349 1511 434 112sqq.

203 463 213 500 1
227 451 266 504 Μ.

158 449 199 516 [⁴
279 451 291 516 ]
316 519 473 596 ἀπειθεῖν
496 515 695 614 ἑλομένους,
713 517 773 596 καὶ
798 520 962 600 θωπικῶς
989 514 1256 621 ὑποτρέχοντος,
1275 517 1333 594 καὶ
1360 519 1408 598 είς
1437 513 1512 621 ἕξιν

315 637 443 722 αὐτοὺς
460 638 703 746 ἀποφέροντος
720 637 786 740 τὴν
804 641 935 738 εὐσεβῆ
954 643 1013 719 καὶ
1031 636 1179 739 εὐήνιον.
1215 637 1312 742 εἴπερ
1330 639 1393 718 οὖν
1410 639 1511 718 ε’στιν

314 764 459 868 ε’ναργές
484 770 533 852 ὡς
557 765 724 869 κέκληται
748 767 839 870 πρὸς
861 765 1074 866 ἀποστολὴν
1092 767 1208 863 αὐτὸς,
1226 765 1377 846 τέθειται
1396 765 1435 845 δὲ
1453 767 1511 845 καὶ

148 909 285 990 οιιτιω.
315 894 388 969 τῶν
409 899 473 970 τοῦ
497 895 664 992 Σωτῆρος
690 891 898 992 μυστηρίων
926 889 1116 992 ῖεμουργδς,
1139 895 1187 974 είς
1213 887 1260 969 τὰ
1286 889 1371 988 έθνη
1398 887 1515 995 κῆρυξ

147 989 206 1040 Μ’
316 1015 374 1092 καὶ
402 1013 619 1112 ἀπόστολος,
648 1017 760 1095 καίτοι
792 1014 962 1119 ὑπάρχων
991 1015 1032 1120 έξ
1059 1011 1223 1117 Ἰσραὴλ,
1251 1010 1436 1116 πρόδηλον
1463 1015 1545 1098 ὡς5

317 1141 376 1217 οὐκ
394 1139 562 1219 απιίσατο
582 1147 596 1220 ὁ
617 1141 703 1224 Θεὶς
720 1137 773 1220 τόν
790 1138 874 1219 λαόν
893 1140 1003 1220 αὐτοῦ.

210 1416 301 1476 τεηη.
495 1379 538 1444 Ἣ
566 1382 625 1446 οὐκ
651 1377 764 1448 οἴδατε
790 1380 826 1448 ἐν
849 1379 947 1470 Ἠλίᾳ
976 1379 1004 1446 τί
1031 1379 1118 1454 λὲτει
1145 1381 1164 1444 ἡ
1194 1381 1324 1469 Γραφή;

369 1549 647 1653 Ἐπικαιρότατα
671 1549 831 1654 καθάπερ
849 1551 966 1631 εἰκόνα
984 1550 1064 1631 τινὰ
1085 1559 1150 1632 τοῦ
1168 1549 1442 1650 συμβεβηκότος
1459 1557 1510 1658 τῷ

312 1672 467 1775 Ἰσραὴλ
494 1674 724 1778 παρακομίζει
749 1672 815 1774 τὴν
834 1675 998 1778 ἱστορίαν
1018 1674 1085 1775 τὴν
1103 1677 1160 1755 ἐπὶ
1183 1677 1234 1782 τῷ
1257 1676 1401 1755 Ἠλιοῦ·
1431 1673 1509 1753 ἔστι

313 1917 478 2016 εὐκόλως,
497 1925 545 2004 ὡς
563 1919 668 2005 αὐτός
686 1924 741 2028 ἐφ’
761 1923 875 2030 ἑαυτῷ
892 1923 1150 2023 πεπαμοίνηκεν
1168 1924 1188 2000 ό
1206 1920 1370 2024 Ἰσραήλ·
1399 1928 1509 2017 βασι-

314 2041 481 2127 λεύοντος
511 2042 577 2142 μέν
604 2044 676 2147 γὰρ
703 2045 850 2150 Ἀχαόιβ
877 2050 941 2146 τῆς
969 2047 1184 2147 Σαμαρείας,
1215 2045 1371 2130 έκτόπως
1401 2048 1506 2148 ε’θρη-

312 2164 460 2246 σκεύετο
484 2169 529 2248 τὰ
554 2168 768 2273 χειρότμητα
793 2167 894 2273 παρὰ
916 2177 980 2250 τοῦ
1005 2169 1171 2270 Ἰσραὴλ,
1200 2170 1324 2248 θυσίαι
1352 2203 1390 2248 τε
1413 2166 1510 2269 ἦσαν

314 2293 372 2369 καῖ
390 2291 515 2392 τεμένη
534 2301 732 2397 πανταχοῦ·
773 2294 953 2373 ἐδεδίεσαν
971 2292 1009 2372 δὲ
1026 2292 1170 2376 πάντως
1188 2297 1220 2371 οί
1240 2294 1323 2398 Θεῷ
1342 2291 1509 2395 προσκεί-

314 2449 413 2513 μενοι
433 2418 490 2494 καὶ
508 2417 703 2497 δύσοιστον
721 2418 813 2497 οὕτω
832 2415 898 2518 τὴν
912 2416 1034 2523 δίωξιν
1053 2414 1374 2514 ὐπομεμευήκασιν,
1386 2419 1433 2498 ὡς
1452 2420 1508 2496 καῖ
1526 2449 1566 2507 ι5

147 2553 287 2684 2531&ss-
315 2541 353 2618 έν
371 2541 565 2640 σπηλαίοις
585 2541 643 2619 καὶ
668 2547 808 2644 πετρῶν
825 2539 1047 2620 καταδύσεσι
1066 2538 1287 2642 κρύπτεσθαι
1304 2537 1508 2646 προφήτας,

210 2657 217 2670 ’
259 2657 266 2671 ’
316 2661 374 2744 ὅτε
397 2666 456 2743 καὶ
477 2662 583 2747 αὐτὸς
598 2663 731 2748 Ἠλίας
750 2663 864 2743 ἀνέθει
890 2662 956 2761 μὲν
974 2669 1022 2746 είς
1040 2668 1190 2758 βαθεῖαν
1209 2661 1352 2766 ἔρημον,
1372 2664 1508 2766 προσέ-

214 2825 266 2860 ver.
279 2825 302 2878 ³·
315 2820 424 2866 πιπτε
452 2785 489 2866 δέ
516 2791 568 2892 τῷ
596 2791 678 2893 Θεηῖ
707 2787 826 2888 λέγων
844 2791 900 2866 TE
926 2784 1140 2889 θυσιαστήριά
1166 2822 1226 2866 σου
1256 2780 1509 2894 κατέσκαψαν,

316 2911 390 2994 τούς
418 2909 595 3017 προφήτας
620 2945 678 2990 σου
708 2908 920 3000 ιἰπέκτειναν,
954 2905 1055 3011 κόγιδ
1088 2907 1288 3015 ὑπελείφθην
1311 2911 1419 3011 μόνος,
1451 2920 1510 2990 καὶ

215 3065 267 3100 ver·
280 3069 303 3114 4·
318 3033 447 3141 ζητιιῖσι
470 3031 523 3126 την
540 3025 660 3141 ψυχήν
677 3059 752 3137 μου·
790 3031 960 3131 ἅντήκουε
982 3033 1020 3113 δὲ
1043 3031 1135 3134 πρὸς
1152 3041 1258 3112 τοῖιτο
1277 3033 1379 3116 εὐθύς
1399 3031 1509 3113 Κατέ-
1526 3065 1569 3107 το

316 3174 418 3234 λιπιν
449 3155 583 3263 ἐμαυτῷ
620 3156 906 3253 ἑπτακισχιλίους
937 3151 1058 3266 ι’ίιθρας
1093 3155 1202 3241 ι’ίτινες
1240 3161 1299 3236 οὐκ
1337 3150 1511 3264 ἔκαμψαν

316 3282 393 3383 γόνυ
420 3289 459 3392 τῇ
489 3281 605 3363 Βιίαλ.
644 3285 729 3362 ἀλλ’
754 3279 878 3385 ὥσπερ
903 3281 984 3365 τότε
1012 3283 1105 3368 Θεὸς
1134 3283 1199 3382 μέν
1229 3285 1293 3364 οὐκ
1319 3281 1365 3383 ἦν
1388 3285 1409 3362 ό
1434 3290 1511 3368 ταῖς

315 3403 409 3484 οὕτω
428 3409 555 3490 δειναῖς
573 3408 836 3508 ἀνοσιουργίαις
854 3409 953 3490 ἐνιεὶς
971 3406 1034 3486 τὸν
1052 3406 1220 3509 Ἰσραὴλ,
1241 3409 1344 3491 ἰδίαις
1362 3406 1400 3488 δέ
1417 3413 1511 3506 μᾶλ-

316 3535 385 3607 λον
412 3529 593 3614 ἀπουσίαις
618 3529 793 3633 χρώμενοι
817 3528 1047 3610 κατόλισθον
1075 3533 1185 3630 αὐτοὶ,
1212 3531 1306 3610 οὕτω
1333 3529 1378 3630 δὴ
1400 3528 1512 3612 πόλιν

316 3652 511 3755 προθέντος
539 3649 655 3732 ἅπασι
684 3660 750 3732 τοῦ
779 3657 874 3732 Θεοῦ
906 3656 964 3733 καὶ
994 3655 1140 3758 Πατρός
1167 3654 1232 3754 τὴν
1260 3653 1319 3735 διὰ
1347 3653 1512 3755 Χριστὸν
1525 3686 1568 3746 ²5

199 3792 304 3852 421.
316 3776 509 3879 σωτηρίαν,
545 3773 779 3873 διωθουμένου
816 3775 854 3854 δὲ
890 3785 1075 3862 παντελῶς
1112 3777 1246 3874 οὐδένα,
1283 3776 1512 3857 κατοίλισθου
1547 3807 1551 3814 “

316 3901 475 3981 ἐθελοντὶ
493 3896 584 4000 πρός
602 3897 819 3998 ἀπόστασιν,
838 3903 1095 4003 παρωσάμενοι
1113 3899 1177 3982 τόν
1196 3899 1395 4005 λυτρωτὴυ.
1426 3902 1510 3980 οὐκ·

351 4145 377 4201 8.
392 4145 449 4200 luc.
460 4143 506 4200 Ὦς
517 4142 694 4214 ἆρμοδιέιτοτα
705 4147 842 4216 τοιγαροῦν
853 4144 968 4217 καθάπερ
980 4145 1097 4215 εἰρηκότα
1110 4145 1172 4216 (οἱα)
1184 4145 1241 4200 τινὰ
1252 4148 1299 4199 τοῦ
1311 4147 1345 4200 A.
1434 4162 1461 4216 9.
1473 4149 1510 4218 τῷ

315 4233 369 4270 om.
382 4216 417 4271 A.
580 4230 620 4268 10.
639 4215 851 4286 &assumptum
863 4233 896 4270 ex
909 4218 943 4270 A.
1105 4233 1147 4270 ιο.
1166 4217 1277 4272 εὐκόλως
1289 4233 1338 4286 pro
1351 4215 1464 4272 ἐκτόπως
1476 4218 1511 4271 A.

319 4301 360 4352 14.
378 4287 479 4340 πάντας
491 4284 523 4339 Α.
535 4286 627 4341 πάντες
641 4281 692 4338 Ed.
816 4299 857 4356 15.
877 4284 977 4357 δίωξιν]
991 4285 1070 4354 δόξαν
1082 4285 1150 4357 (sic)
1164 4287 1198 4342 A.
1320 4299 1360 4356 17.
1379 4286 1463 4341 δνέθιι
1475 4288 1510 4340 A.

314 4353 413 4423 ἀνήχθη
427 4354 479 4408 Εδ.
516 4354 612 4410 Statim
624 4353 671 4420 μέν
682 4363 852 4425 mumptum
866 4373 898 4410 ex
912 4357 945 4410 A.
1204 4374 1245 4427 ¹9·
1263 4356 1323 4412 τοὺς
1350 4359 1391 4411 καὶ
1404 4356 1463 4414 τοὺς
1475 4357 1511 4411 A.

317 4425 488 4494 κατελείφθην
500 4425 534 4477 A.
710 4441 753 4482 νο.
771 4423 834 4496 μου]
851 4431 880 4489 4-
894 4425 937 4482 ὐπ’
952 4426 1013 4495 έμοιῖ
1026 4427 1059 4481 Α.
1236 4443 1279 4482 22.
1298 4430 1328 4495 τῇ
1358 4431 1393 4498 τᾷ
1407 4427 1511 4496 Migne.

317 4495 400 4582 bfuit
411 4502 578 4616 augumptum
591 4511 622 4548 ex
635 4494 672 4549 A:
874 4495 916 4550 τό.
935 4518 962 4550 τε
976 4514 1024 4568 pro
1037 4497 1064 4552 δι’
1078 4497 1110 4552 A.
1308 4513 1351 4568 τη.
1369 4518 1512 4568 προσαπα-

317 4583 425 4632 σομενοι
465 4603 471 4616 .
