3278 5130
150 371 196 436 iii.
212 393 241 452 2,
258 394 288 459 3.
356 375 409 438 IN
434 375 500 440 ΕΡ.
521 376 569 441 ΙΙ.
596 377 660 441 AD
686 375 979 441 CORINTHIOS.
1016 374 1104 439 LIB.
1120 373 1149 438 1.
1280 373 1342 436 331
1372 472 1407 534 [8
1436 471 1497 534 M]

1408 485 1424 537 ⁹
1469 506 1475 520 .

162 617 205 680 “Η
232 619 389 686 ἑαιατολιὶ
418 621 511 697 ἡμῶν
538 618 628 699 ὑμεῖς
654 623 728 688 ἒοτε
754 621 993 712 ἑττετραμμὲνιι
1020 620 1056 687 ὲν
1082 617 1151 685 ταῖς
1179 616 1326 707 καρδὶαια
1357 581 1487 732 istm.

700 746 802 823 ιὶμῶυ.

206 915 264 994 Οὐ
285 919 349 1013 τῆς
373 915 431 996 διοὶ
454 916 577 1020 λόγων
595 916 748 1017 δεόμεθα
771 919 977 1020 μαρτυρίας,
996 917 1114 999 αὐτοῖς
1135 913 1207 1018 γὰρ
1225 912 1344 1017 πράγ-

147 1069 262 1133 μασιν
280 1039 542 1138 εὐδοκιμοῦντες
567 1043 663 1139 ιὶμεῖς
686 1046 719 1121 οὶ
743 1046 899 1141 μαθηταὶ
924 1043 983 1119 καὶ
1003 1041 1129 1119 πιστοὶ
1147 1036 1342 1141 δειχθέυτες

112 1164 324 1261 5Χριστοῦ,
360 1163 453 1262 ἡμᾶς
490 1162 573 1248 τοὺς
608 1163 851 1249 διδασκάλους
889 1167 987 1262 ὑμῶν
1022 1169 1246 1266 στεφανοῦτε
1283 1162 1343 1240 καὶ

147 1283 351 1382 εὐδοκίμους
379 1287 545 1393 ἐδείξατε.
583 1287 637 1366 διὸ
664 1285 868 1383 ήὲπιστολὶι
896 1287 983 1390 ήμῶι
1011 1290 1104 1391 ὑμεῖς
1132 1287 1206 1365 ε’ττε
1234 1285 1338 1386 ἐγγε-

146 1405 322 1512 γραμμένη
345 1410 374 1489 ἑν
393 1415 470 1495 ταῖς
497 1407 656 1514 καρδίαις
678 1410 779 1517 ήμῶν,
799 1407 984 1491 τουτέστιν
1002 1412 1055 1490 ἀεὶ
1074 1411 1131 1488 καὶ
1151 1405 1342 1492 διαπαντὸς

146 1531 184 1606 ἐν
200 1529 323 1637 μνήμη
341 1537 387 1637 τῇ
404 1534 488 1635 παρ’
504 1534 588 1633 ἡμῖν
601 1535 751 1640 κειμένη·
780 1537 834 1614 ἀεὶ
851 1533 923 1638 γὰρ
941 1530 1201 1632 σεμνυνόμεθα,
1215 1533 1341 1636 φησὶν,

146 1684 184 1730 εν
203 1687 297 1752 υμιν.

88 1921 131 1961 ιο
200 1897 268 1962 Οὐκ
294 1898 329 1965 ἒν
356 1901 456 1968 πλαξὶ
482 1900 628 1982 λιθίναις,
655 1901 724 1966 ἀλλ’
755 1901 790 1966 ἓν
817 1899 917 1967 πλαξὶ
944 1896 1079 1988 καρδὶαο
1105 1896 1283 1986 ααρκὶναιο.
1352 1921 1369 1978 3

200 2067 479 2177 Ἐπισφραγίζει
501 2076 558 2154 καὶ
582 2079 789 2182 προφητικῇ
813 2074 990 2180 μαρτυρίᾳ
1008 2070 1049 2152 τό
1069 2078 1147 2153 Οὐκ
1173 2073 1202 2152 ἐν
1222 2071 1336 2180 πλαξὶ

144 2190 284 2280 λιθίναις
316 2201 404 2274 αλλ’
434 2196 463 2275 ίν
495 2197 610 2304 πλαξὶ
642 2191 789 2307 καρδίας
826 2197 1011 2300 σαρκίναις·
1053 2195 1124 2302 ἔφη
1153 2193 1225 2297 γοίρ
1255 2229 1337 2292 που,

144 2318 271 2418 φησὶν,
289 2317 309 2396 ὁ
327 2315 420 2402 Θεὸς
438 2316 496 2398 διὰ
514 2324 637 2424 φωνῆς
654 2318 845 2423 προφήτου
862 2329 885 2366 “
900 2315 995 2430 Ἰδοὺ
1013 2316 1138 2420 ἡμέραι
1157 2316 1334 2422 ἔρχονται,
1349 2329 1446 2444 ξὶξὲἥ
1466 2409 1496 2459 ³1

144 2447 165 2486 “
184 2439 280 2540 λέγει
310 2438 451 2543 Κύριος,
480 2445 537 2521 καὶ
569 2440 786 2542 διαθήσομαι
817 2448 869 2549 τῷ
899 2441 983 2548 οἴκῳ
1011 2440 1167 2543 Ἰσραὴλ
1197 2444 1255 2520 καὶ
1285 2447 1407 2550 τῷ-ιι·
1447 2433 1453 2446 ’

88 2593 129 2652 ¹5
142 2571 165 2608 “
184 2561 268 2670 οἴκῳ
298 2563 418 2645 Ἰούδα
449 2563 620 2665 διαθήκην
648 2565 782 2662 καινὴν,
814 2566 857 2644 οὐ
887 2564 979 2644 κατὰ
1003 2561 1069 2664 τὴν
1093 2561 1265 2664 διαθήκην
1292 2563 1337 2665 ἢν

142 2694 165 2731 “
183 2685 345 2787 διεθέμην
365 2695 438 2773 τοῖς
455 2687 638 2791 πατράσιν
656 2691 773 2768 αὐτῶν
791 2691 829 2768 έν
846 2687 960 2796 ἡμέρη
985 2686 1247 2786 ἐπιλαβομένου
1266 2724 1337 2787 μου

143 2817 165 2854 “
183 2813 246 2907 τῆς
270 2806 386 2916 χειρὸς
409 2813 527 2891 αὐτῶν
544 2821 609 2892 τοῦ
628 2813 818 2918 ἐξαγαγεῖν
837 2809 963 2896 αὐτοὺς
988 2813 1026 2891 ἐκ
1051 2815 1118 2912 γῆς
1138 2809 1334 2912 Αἰγύπτου,

142 2941 164 2976 “
183 2931 240 3011 ὅτι
267 2935 366 3012 αὐτοὶ
393 2937 457 3015 οὐκ
485 2935 662 3032 ἐνέμειναν
690 2939 727 3014 έν
753 2941 799 3042 τῇ
829 2933 980 3040 διαθήκη
1008 2968 1086 3032 μου,
1113 2930 1213 3036 καὶγιὶι
1243 2932 1333 3034 ἠμέ-

140 3065 163 3100 “
182 3064 283 3154 λησα
311 3059 437 3156 αὐτῶν,
463 3061 557 3164 φησὶ
593 3058 736 3162 Κύριος·
777 3058 893 3142 διδοὶνς
926 3057 1054 3156 νόμους
1086 3091 1156 3154 μου
1188 3063 1236 3142 είς
1270 3055 1336 3156 τὴν

86 3218 127 3256 20
141 3187 162 3226 “
179 3176 335 3258 διάνοιαν
354 3182 480 3276 αὐτῶν,
498 3184 558 3260 καὶ
580 3182 638 3261 ε’πὶ
663 3183 807 3284 καρδίας
833 3182 950 3260 αὐτῶν
976 3178 1167 3286 ἐπιγράψω
1196 3179 1334 3278 αὐτοιὶς,

140 3310 162 3346 “
179 3299 233 3380 ὅτι
257 3303 347 3402 αὕτη
366 3304 387 3402 ἡ
406 3303 555 3404 διαθήκη
581 3302 625 3404 ἣν
644 3303 862 3404 διαθήσομαι
887 3307 938 3410 τῷ
964 3303 1047 3411 οἴκερ
1065 3303 1219 3403 Ἰσραὴλ
1244 3302 1334 3401 μετὰ

139 3432 162 3469 “
179 3421 242 3507 τοὶς
268 3425 399 3528 ἡμέρας
427 3428 569 3523 ἐκείνας,
591 3432 685 3533 φησὶ
706 3428 868 3532 Κύριος·”
902 3425 1019 3507 ποίλαι
1042 3426 1107 3522 μέν
1131 3425 1203 3529 γοὶρ
1230 3427 1250 3506 ὁ
1276 3433 1333 3507 θε-

139 3545 291 3633 σπέσιος
321 3553 463 3648 Μωσῆς
496 3549 606 3648 νόμον
633 3551 771 3656 ἐδέχετο
798 3549 862 3632 τὸν
888 3547 1122 3652 παιδαγωγὸν
1150 3553 1187 3628 έν
1214 3551 1332 3656 πλαξὶ
1345 3557 1498 3671 fgfflffl·

138 3671 302 3769 λιθίναις,
334 3670 427 3752 καθιὶ
462 3672 673 3776 γέγραπται·
727 3674 873 3775 αἴνιγμα
906 3673 943 3753 δὲ
975 3680 1081 3752 τοῦτο
1114 3673 1335 3774 γεγενῆσθαί
1379 3659 1385 3671 ’

85 3821 124 3881 25
138 3796 259 3898 φαμεν
284 3798 348 3893 τῆς
365 3795 546 3875 Ἰουδαίων
573 3797 874 3898 σκληροκαρδίας·
913 3803 1059 3893 μᾶλλον
1086 3793 1159 3897 γὰρ
1187 3793 1327 3895 ἀπαρά-

138 3919 262 3995 δεκτον
293 3914 417 4019 ὥσπερ
447 3927 524 4002 ταῖς
559 3926 669 4025 σφῶν
701 3921 818 3998 αὐτῶν
850 3919 1017 4004 διανοίαις
1045 3918 1233 4023 ἀποφαίνει
1265 3915 1329 3996 τὸν
1343 3948 1389 4002 οο
1402 3946 1449 4002 M.

138 4037 258 4138 νόμον,
287 4043 345 4119 καὶ
373 4037 447 4120 οἷον
470 4043 508 4120 έν
531 4042 645 4124 λίθοις
673 4037 793 4144 βραχὺ
822 4039 887 4139 μὶν
916 4044 975 4120 καὶ
1003 4039 1108 4138 μόλις
1138 4040 1328 4141 ένιζηκότα,

137 4160 236 4260 πλὴν
267 4162 518 4262 εὐαπόβλητον
545 4170 731 4248 παντελῶς
761 4167 818 4242 καὶ
851 4162 952 4261 μάλα
982 4164 1112 4270 ῥαδίως
1143 4162 1327 4243 ἀποπτυό·

175 4391 234 4500 kf.
255 4375 316 4431 Hoc
328 4377 449 4432 scholion
460 4377 538 4432 nobis
550 4378 702 4450 suppeditat
716 4377 754 4433 H.
976 4393 1003 4448 3,
1015 4396 1041 4444 η
1061 4374 1104 4431 Cf.
1116 4373 1219 4430 Theod.
1232 4375 1265 4430 ad
1279 4377 1330 4432 loc.

138 4461 181 4514 23.
215 4464 258 4534 αφ.
271 4446 305 4536 ’0,
314 4451 421 4536 μώσεως
439 4451 515 4518 νόμος
526 4449 555 4504 έν
565 4451 646 4520 πλαξὶ
657 4449 767 4540 λιθίναις
778 4447 930 4540 γέγραμται,
943 4445 1046 4538 α’ήνιγμα
1057 4449 1102 4516 τῆς
1119 4446 1331 4538 ὶογδοίωνισκλη·

136 4517 421 4656 §mmmmm
433 4519 480 4659 (2⁰1²
494 4518 667 4660 2ὅὲιθῖμιξθλΐλειίγ
676 4521 939 4660 μῖἒδῶξηὲήαῑλίλευ
956 4521 995 4589 αφ
1023 4519 1119 4572 ἕαυτωυ
1136 4540 1171 4574 ως
1189 4517 1284 4587 ραδιως
1302 4537 1331 4571 εκ

696 4691 791 4736 unz
