3280 5142
308 315 331 376 4
612 313 652 378 B.
676 313 886 379 CYRILLI
916 312 1207 379 ALEXANDR.
1302 310 1379 377 xvii.
1394 328 1445 388 πα,
1457 325 1509 393 23.

309 475 404 576 ἡμᾶς
435 509 474 557 τε
505 481 565 558 καὶ
595 478 640 587 ἐξ
669 479 779 578 ἡμῶν,
811 478 986 576 τουτέστι,
1018 477 1194 581 Χριστόν,
1227 479 1286 557 καὶ
1317 479 1381 575 τῆς
1415 475 1509 555 οὕτω

283 599 474 703 ομεγάλης
501 601 663 710 ἀξιώσας
689 602 842 705 ἀγάπης·
880 603 1004 706 γέγονε
1031 601 1070 684 δὲ
1096 603 1220 702 ήμῖνό
1242 599 1353 703 λόγος
1383 602 1431 683 ὡς
1453 600 1507 679 ἐπ’

311 723 503 827 ἀνθρώπου
524 725 649 807 πόλιν·
689 729 748 808 καὶ
776 728 860 828 ἡμῖν
878 729 974 834 ε’φεὶς
998 725 1041 807 τό
1068 726 1197 833 ἐξεῖναι
1224 724 1352 806 τούτου
1379 729 1509 828 τυχεῖν,

307 855 388 933 πῶς
415 850 479 929 οὐκ
503 852 541 930 έν
559 849 630 959 ἰ’σερ
651 852 770 961 μέτρῳ
795 850 859 932 τὸν
877 855 941 951 τῆς
968 850 1111 954 ἀγάπης
1139 847 1335 950 ἐποιήσατο
1363 845 1505 950 λόγον,

309 977 369 1054 καὶ
396 976 594 1076 θορνβείτω
622 984 729 1057 τοῦτο
750 982 823 1056 τῶν
849 974 1130 1081 νουνεχεστέρων
1153 972 1295 1076 μηδένα.
1323 972 1543 1077 πρόδηλον5

309 1098 375 1197 μέν
406 1098 478 1204 γὰρ
510 1102 569 1178 καὶ
602 1098 861 1208 ἀναμφιλόγως
890 1099 984 1206 ἕχον,
1017 1103 1066 1183 ὡς
1101 1097 1178 1179 κατ’
1211 1097 1336 1178 οὐδένα
1373 1094 1510 1200 τρόπον

310 1220 558 1328 φιλονεικήσω
585 1222 672 1305 ποτέ
699 1229 751 1332 τῷ
780 1225 857 1333 ἰδίῳ
876 1221 1052 1329 Δεσπότῃ
1076 1219 1119 1302 τό
1141 1226 1283 1301 δοῦλον·
1322 1222 1407 1301 ἀλλ’
1427 1217 1509 1299 οὐδὲ

310 1349 348 1426 έν
366 1347 436 1456 ’ίσιρ
460 1350 579 1455 μέτριρ
597 1355 671 1432 τοῖς
688 1345 867 1447 ποιήμασι
886 1345 950 1427 τὸν
968 1347 1057 1427 ’ίδων
1075 1345 1166 1426 Υἱάν
1183 1343 1405 1448 ἀγαπήσειεν
1422 1340 1469 1422 ἀν
1488 1344 1509 1422 ό

312 1468 404 1556 Θεδς
419 1475 477 1551 καὶ
490 1470 631 1577 Πατήρ.
661 1469 762 1571 πλήν
780 1475 889 1552 ε’κεῖνο
908 1470 1151 1567 διασκεπτέον,
1167 1469 1221 1550 ότι
1233 1468 1297 1550 τὸν
1310 1471 1355 1577 ἐξ
1371 1467 1510 1550 αίεόνων

310 1594 557 1697 ἀγαπώμενον,
590 1598 638 1679 ὧς
667 1594 784 1701 ἀρχὴν
814 1594 943 1701 ἔχοντα
975 1601 1038 1674 τοῦ
1070 1597 1282 1697 ἀγαπᾶσθαι
1313 1593 1509 1692 βλέπομεν,
1525 1637 1566 1678 10

139 1728 300 1789 10⁰8&ss
311 1717 370 1799 ὅτε
397 1716 540 1821 γέγονεν
564 1719 763 1823 ἅνθρωπος.
803 1720 930 1801 οὐκοῦν
948 1718 1038 1822 όπερ
1057 1716 1130 1826 εἶχε
1150 1717 1289 1815 λαβὼν,
1307 1719 1375 1823 οὐχ
1393 1720 1509 1827 ἑαυτῷ

309 1840 426 1943 δήπου
454 1842 593 1943 λαβὼν,
611 1845 696 1923 ἀλλ’
717 1844 801 1944 ἡμῖν
825 1846 884 1924 καὶ
912 1851 1018 1924 τοῦτο
1047 1844 1243 1924 ἀλιόσεται.
1283 1840 1410 1947 ὥσπερ
1435 1842 1510 1947 γὰρ

309 1967 440 2063 ἀνεβίω
468 1965 598 2048 τὸτοῦ
623 1966 780 2050 θανάτου
807 1966 1018 2052 καταλύσας
1045 1965 1184 2072 κράτος,
1204 1967 1270 2072 οὐχ
1299 1968 1413 2076 ἑαυτῷ
1442 1967 1510 2067 τήν

309 2089 516 2172 ἀνάστασιν
541 2099 735 2195 κατορθῶν,
755 2089 778 2199 ᾖ
798 2092 919 2196 Λόγος
946 2093 1026 2172 ἐστὶ
1050 2094 1109 2172 καὶ
1127 2090 1234 2189 θεὸς,
1255 2093 1340 2171 ἀλλ’
1360 2093 1444 2192 ἡμῖν
1462 2091 1507 2172 δι’

309 2218 436 2296 ἑαυτοῦ
461 2217 521 2296 καὶ
545 2219 583 2296 ἐν
600 2218 714 2325 ἑαυτῷ
736 2225 842 2298 τοῦτο
865 2217 996 2299 διδούς·
1034 2215 1104 2316 όλη
1122 2216 1194 2318 γάρ
1212 2213 1257 2315 ἧν
1275 2215 1298 2315 ή
1317 2216 1509 2318 ἀνθρώπου
1525 2255 1565 2316 15

309 2339 423 2446 φύσις
458 2342 496 2420 ἐν
532 2343 701 2449 Χριστῷ,
740 2348 813 2420 τῶν
849 2339 1005 2422 θανάτου
1045 2339 1310 2445 κατορχουμένη
1347 2343 1506 2437 δεσμῶν·

308 2465 422 2548 οὕτως
453 2465 520 2570 οόχ
556 2466 670 2574 ἑαυτῷ
705 2463 772 2565 τήν
803 2463 902 2567 παρά
931 2461 1077 2567 Πατρός
1113 2462 1260 2567 ἀγάπην
1292 2462 1509 2564 νοηθήσεται

309 2588 450 2684 λοβόν·
490 2588 535 2690 ἦν
552 2589 618 2691 μέν
634 2587 706 2692 γάρ
725 2592 779 2670 ἀεὶ
800 2591 859 2670 καὶ
883 2588 942 2670 διά
965 2587 1100 2674 παντὸς
1123 2587 1321 2691 ἀγαπητός·
1358 2589 1443 2667 ἀλλ’
1463 2588 1506 2668 ἵν’

274 2713 393 2812 δήμῖν
413 2711 623 2821 προξενήση
650 2712 717 2814 τήν
743 2713 843 2814 παρὰ
863 2711 1009 2817 Πατρός
1037 2710 1192 2816 ἀγάπην,
1209 2712 1347 2817 δέχεται
1374 2711 1509 2812 ταύτην
1635 2717 1636 2726 ’

307 2840 392 2938 παρ’
423 2839 532 2917 αὐτοῦ
561 2839 619 2916 καὶ
647 2837 706 2916 ότε
733 2838 882 2939 γέγονεν
910 2837 1111 2940 ἅνθρωπος.
1164 2835 1289 2941 ὥσπερ
1316 2839 1379 2917 οὖν
1406 2837 1503 2936 σύμ·
1524 2878 1565 2918 20

308 2965 443 3065 μορφοι
467 2964 532 3059 τῆς
560 2994 599 3039 τε
626 2959 863 3043 ἀναστάσεως
892 2961 1001 3040 αὐτοῦ
1028 2963 1087 3040 καὶ
1114 2965 1178 3061 τῆς
1205 2958 1314 3067 δόξης
1340 2957 1507 3060 ἐσόμεθα,

308 3081 507 3186 γεγόναμέν
534 3117 572 3163 τε
600 3082 678 3185 ἤδη,
706 3082 868 3187 καθάπερ
898 3085 936 3163 ἐν
963 3085 1109 3190 ἀπαρχῇ
1138 3093 1203 3164 τοῦ
1232 3085 1356 3187 γένους
1386 3087 1444 3165 καὶ
1469 3088 1508 3165 ἐν

308 3206 441 3314 πράσῳ
455 3210 618 3315 Χριστῷ,
634 3210 727 3288 οὕτω
746 3210 805 3288 καὶ
823 3211 887 3309 τῆς
906 3206 1049 3311 ἀγάπης
1068 3211 1172 3289 οἱονεὶ
1190 3207 1257 3308 τήν
1270 3209 1507 3317 συμμορφίαν

309 3329 524 3435 ἐσχήκαμεν,
559 3341 856 3438 παραχωροῦντες
892 3332 958 3432 μέν
993 3332 1035 3414 τὸ
1073 3340 1173 3414 νικᾶν
1202 3337 1251 3417 εἰς
1281 3331 1424 3412 ἅπαντα
1455 3334 1507 3439 τῷ

310 3459 523 3557 Μονογενεῖ·
562 3454 684 3558 τήνδὲ
712 3461 776 3557 τής
803 3456 899 3541 θείας
927 3457 1073 3561 φύσεως
1102 3459 1139 3536 ἐν
1162 3464 1237 3540 τοῖς
1261 3457 1342 3537 καθ’
1363 3453 1507 3541 ἑαυτούς
1522 3493 1563 3554 25

309 3577 530 3681 ἀσύγκριτον
558 3579 759 3684 ἡμερότητα
786 3581 928 3664 δικαίως
956 3579 1204 3682 θαυμάᾷπντες,
1232 3584 1281 3665 ὡς
1315 3587 1390 3664 τοῖς
1420 3581 1504 3683 παρ’

278 3701 419 3782 θαύτοῦ
449 3702 622 3805 γεγονόσι
650 3702 883 3810 χαριᾷνμένην
910 3702 957 3783 τά
989 3707 1114 3803 ἑαυτῆς
1145 3708 1201 3785 καὶ
1234 3704 1506 3807 κοινοποιούοης

308 3833 382 3912 τοῖς
401 3828 607 3926 κτίσμασιν,
626 3829 717 3933 άπερ
735 3831 826 3934 αὐτῇ
844 3826 1020 3932 προσήκει
1038 3832 1097 3908 καὶ
1114 3827 1219 3934 μόνη.

348 4087 442 4198 ιγῑιγ.
460 4073 497 4160 Αι
519 4073 545 4128 ’ν
555 4072 590 4128 ad
602 4073 648 4144 τὴν
659 4073 775 4129 transilit
787 4073 819 4128 E.
833 4075 929 4146 partim
941 4075 1048 4166 egbibet
1061 4073 1143 4129 cord.
1309 4143 1321 4164 u
1332 4091 1378 4164 μ.
1396 4075 1425 4164 ἐν
1436 4076 1503 4129 αι’π·

309 4145 353 4285 διήὶ
372 4166 531 4303 §7334-
546 4142 698 4306 Jgflr'mmt
709 4217 800 4280 λοβὸν
813 4216 839 4286 (e
851 4146 1163 4304 εθέίιιήιῖ.ωεῗωρωω
1176 4143 1506 4308 θακέέσχήιίαμὲνιόίρίζλάί

310 4299 353 4410 gg.
371 4285 550 4427 χῆοριξιγχεγηχ]
556 4309 602 4412 ἑο.
614 4287 780 4358 χοριζομενης
793 4286 844 4341 Ed.
858 4306 913 4359 mg.
925 4290 1094 4359 χαριζομενην
1105 4294 1175 4342 recte
1187 4287 1294 4342 exhlbet
1308 4286 1337 4342 F.
1382 4309 1459 4357 οντης
1472 4287 1505 4342 Ε.
