3268 5130
120 339 245 408 αισι.
373 345 427 409 IN
452 344 715 410 ουοοοοοκοε
740 345 804 410 AD
831 343 1064 411 οοΜΑΝοο.
1254 343 1318 408 207

121 505 214 586 ³⁰⁰⁹
240 507 325 607 ἧκεν
342 510 389 592 ⁶²⁹
407 545 448 613 νε
474 509 516 590 τὸ
535 511 631 617 αὐτῷ
659 515 798 607 δοκοῦν,
816 509 861 609 ἢν
881 509 925 590 ἂν
944 511 1014 618 ἔξω
1043 512 1100 589 κα
1129 508 1316 611 ἁμαρτω·
1347 437 1477 506 [²³³³

121 631 239 731 ἐπειδὴ
259 631 296 712 δὲ
320 633 586 742 δυσδιάφυκτον
604 633 767 734 ὑπομένει
788 634 1012 741 πλεονεξίαν,
1032 634 1085 734 ε’ίη
1102 631 1148 713 ἀν
1168 629 1319 730 εἰκότως,

122 758 186 836 οὐκ
216 758 325 837 αὐτοῦ
354 756 399 855 δὴ
427 764 582 856 μᾶλλον,
609 755 709 838 ἀλλά
742 767 806 839 τοῦ
832 766 1130 842 πλεονεκτοῦντας
1157 760 1180 857 ἡ
1208 757 1315 837 αἰτία·

122 882 293 987 ταύτητοί
313 889 429 986 φησιν
450 889 488 960 Εἰ
509 879 581 962 θέθ
607 887 641 962 οὐ
666 880 749 962 θίλω
776 880 855 984 ἒγά,
881 885 971 963 τοότο
999 882 1095 972 ποιά,
1117 879 1223 962 οὐκέτι
1251 879 1319 984 ἑγά

88 1023 108 1083 5
125 1006 382 1114 κατεργάζομαι
402 1006 493 1100 αὐτὶ,
511 1010 596 1085 ἀλλ’
616 1010 633 1100 ἡ
653 1008 791 1087 οἰκοῦσα.
809 1007 839 1086 ἑν
859 1006 930 1112 ἔριά
951 1012 1119 1109 ιἰριοιρτία.

180 1129 286 1210 Εἴποι
314 1128 416 1210 δέἀν
443 1163 497 1214 τις
519 1126 620 1232 'Apa
643 1128 676 1208 εί
695 1163 786 1214 τινες
813 1136 886 1210 τῶν
904 1129 1098 1233 ἀλιτηρίων
1119 1127 1318 1232 βαρβάρων

123 1251 273 1354 πόλινῆ
296 1254 418 1359 χώραν
442 1252 748 1358 καταδηάσαντες,
767 1250 843 1333 εἶτα
868 1252 1102 1357 δορυκτήτους
1123 1259 1196 1333 τῶν
1224 1255 1315 1333 ε’νοι·

122 1376 280 1458 κοιίντων
309 1375 451 1461 ἑλόντες
481 1377 579 1461 τιυάς
609 1375 672 1457 τὸν
699 1380 764 1476 τῆς
795 1378 957 1462 δουλείας
986 1378 1104 1457 αὐτῶν
1133 1380 1319 1458 ἐπιτιθεῖεν

123 1499 241 1603 ζυγόν·
281 1505 315 1580 οί
346 1502 383 1581 δὲ
412 1509 518 1581 τοῦτο
547 1497 764 1584 πεπονθότες
799 1504 847 1585 ὡς
878 1500 922 1607 ἐξ
948 1503 1143 1603 ἀναγκαίου
1172 1505 1319 1599 δεσμοῖς

70 1653 111 1694 ¹0
123 1633 196 1710 τοῖς
217 1631 289 1705 τῶν
313 1624 537 1728 κρατούντων
555 1623 678 1703 είκοιεν
696 1621 827 1722 νόμοις,
845 1623 973 1723 μάρου
1000 1628 1057 1703 καὶ
1080 1629 1225 1731 γραφῆς
1250 1621 1318 1704 εἶεν

123 1746 169 1826 ἀν
188 1748 292 1854 ἀξιοι,
312 1747 367 1827 ότι
394 1746 483 1846 μήτε
506 1747 668 1843 ἀμείνους
695 1751 759 1845 τῆς
786 1744 943 1849 ἀνάγκης
964 1751 1045 1843 εἰσὶ,
1064 1749 1152 1847 μήτε
1178 1748 1252 1848 μὴν
1275 1746 1318 1828 τό

123 1872 258 1976 σφίσιν
275 1873 393 1955 αὐτοῖς
417 1869 484 1970 ἡδὺ
509 1871 743 1973 διαπεραίνειν
761 1868 1018 1972 σπουδάζουσι,
1037 1875 1100 1970 τῆς
1124 1878 1196 1951 τῶν
1213 1905 1315 1952 τετυ·

121 1992 349 2096 ραννηκότων
373 1993 623 2096 ἀλογήσαντες
649 1994 842 2101 &gavatum
879 1997 1048 2075 ἀλλὀὐκ
1070 1992 1116 2075 ἀν
1141 1991 1241 2093 οἶμαί
1264 2030 1319 2080 τις

122 2116 250 2201 αὐτοὺς
268 2116 409 2201 εἰκότως
428 2117 710 2217 διαμωμήσαιτο.
740 2118 782 2196 οό
801 2118 873 2221 γάρ
891 2118 974 2224 ἐξὸν
992 2121 1155 2198 ἀνεῖσθαι
1173 2119 1319 2200 δουλεί-

71 2269 110 2330 15
123 2275 238 2338 ουσιν,
271 2240 406 2321 ε’ίκουσι
441 2239 480 2320 δὲ
516 2243 565 2323 ὡς
601 2240 693 2342 ἔφην
729 2248 807 2324 ταῖς
845 2240 1061 2339 ἀβουλήτοις
1098 2249 1316 2349 συμφοραῖς.

123 2365 293 2448 ἀλύοντες
330 2363 396 2459 μὲν
432 2362 487 2443 ότι
519 2367 583 2462 τῆς
616 2366 816 2467 ἐλευθερίας
851 2365 1070 2467 ἐστέρηνται,
1100 2371 1175 2449 τοῖς
1206 2364 1320 2467 γεμὴν

124 2486 368 2591 ἀλκιμοτέροις
386 2486 431 2593 ἐξ
456 2484 614 2588 ἀνάγκης
632 2487 826 2585 ἡττώμενοι
856 2490 914 2567 καὶ
933 2488 1000 2592 οὐχ
1018 2488 1155 2571 ἔκοντες
1173 2488 1320 2567 δουλεύ-

124 2645 237 2694 ουσιν.
273 2609 358 2690 ἀλλ’
381 2610 479 2713 ε’ίπερ
494 2612 573 2690 ἐστὶ
591 2618 697 2689 τοῦτο
724 2619 788 2690 τοῦ
806 2607 939 2695 εἰκότος
957 2612 999 2690 οὐ
1026 2607 1179 2714 μακράν,
1201 2612 1320 2712 ἀπηλ-

124 2735 251 2840 λάχθω
283 2737 430 2839 γραφῆς
461 2735 482 2813 ὁ
514 2733 736 2834 ἀνθρώπινος
773 2741 855 2818 νοῦς
891 2736 949 2814 ε’πὶ
984 2740 1059 2818 τοῖς
1089 2737 1154 2832 τῆς
1183 2732 1320 2837 σαρκὸς

69 2893 112 2934 οο
125 2855 417 2962 ἀρ’ῥωατὴμασιν.
446 2857 530 2938 ἀλλ’
551 2855 596 2956 ἦν
618 2857 671 2938 ἐπ’
692 2858 798 2963 αὐτῷ,
818 2859 923 2962 φησὶ,
943 2861 1001 2938 καὶ
1026 2854 1067 2938 τό
1095 2856 1145 2958 μὴ
1172 2857 1320 2939 ἑλέσθαι

124 2984 225 3084 δρᾶν·
264 2981 336 3086 ἔχει
366 2979 440 3085 γάρ
468 2977 574 3064 αὐτός
602 2979 666 3066 σάς
694 2987 767 3062 τῶν
798 2979 1012 3079 θελημότων
1040 2982 1151 3082 ἡνίας.
1192 2983 1320 3063 οὐκοῦν

124 3106 219 3186 ἔστω
247 3109 305 3185 καὶ
333 3105 544 3212 πλεονεξίας
571 3104 723 3201 ἀμείνων
750 3107 808 3184 καί
837 3101 1092 3207 ἀτυράννευτος
1119 3107 1318 3208 ἁμαρτίαις.

124 3234 154 3308 εἰ
186 3228 224 3308 δὲ
252 3227 447 3312 δόσαιστος
475 3232 534 3306 καὶ
564 3229 628 3308 οὐκ
660 3226 849 3327 εάάνιητος
881 3227 903 3328 ἦ
933 3233 997 3327 τῆς
1029 3229 1164 3332 σαρκός
1197 3229 1319 3334 φάσις,

125 3353 419 3459 κατεξανιστάσα
445 3355 497 3458 τῷ
524 3353 574 3458 νῷ
602 3350 668 3450 τὴν
692 3353 868 3432 ἀτίθασον
895 3351 1037 3452 ἡδονὴν,
1062 3349 1255 3456 ἀργότερος
1282 3352 1321 3433 δὲ

70 3503 110 3564 25
124 3473 214 3578 πρὸς
241 3476 443 3579 ἐπικουρίαν
461 3477 481 3554 ὁ
501 3474 621 3572 νόμος·
656 3475 698 3554 οὐ
719 3473 792 3579 γάρ
810 3475 881 3581 ἕχει
905 3474 946 3556 τό
971 3475 1148 3556 δύνασθαι
1176 3484 1321 3579 νεκροῦν

123 3598 308 3702 ἀμαρτάις·
338 3600 402 3678 οὐκ
438 3596 483 3677 ἀν
513 3599 723 3700 ε’γκαλίσειέ
754 3632 807 3682 τις
837 3599 978 3684 δικαίως
1009 3597 1063 3679 ὅτι
1095 3599 1145 3698 μὴ
1177 3601 1248 3706 δρᾷ
1276 3596 1320 3679 τὸ

122 3725 265 3819 ἀμεῖνον
284 3720 329 3801 τά
345 3723 477 3827 αἰσχίω
495 3721 623 3821 μεθείς·
655 3719 721 3802 κάν
739 3727 769 3801 εὶ
787 3721 862 3826 ἔχοι
880 3723 990 3828 τυχὸν
1007 3721 1072 3806 τάς
1090 3729 1163 3802 τῶν
1181 3723 1219 3802 ἐν
1236 3722 1321 3822 ἡμῖν

123 3842 338 3944 θελημάτων
354 3845 463 3945 ἡνίας.

126 4062 275 4154 Εὑρίσκω
306 4063 370 4153 ἀρα
398 4064 454 4132 τὸν
481 4066 581 4143 νόμον
607 4069 656 4151 τῷ
683 4069 809 4131 θέλοντι
836 4061 906 4140 ἐμοὶ
934 4061 1039 4131 ποιεῖν
1066 4064 1104 4130 τὸ
1132 4065 1242 4142 καλὸν,
1269 4065 1318 4130 ότι
1335 4085 1370 4125 οι

68 4231 110 4289 30
474 4189 546 4267 ἐμοὶ
572 4191 610 4258 τὸ
638 4189 737 4256 κακὸν
764 4191 970 4279 παράκειται.

173 4341 303 4451 Ἀθρει
326 4347 371 4448 δὴ
395 4348 508 4429 πάλιν
526 4353 574 4434 ὡς
598 4356 728 4454 σοφῶς
751 4354 810 4430 καὶ
835 4349 1006 4456 εὐτέχνως
1028 4346 1238 4453 ἀποδέχεται
1255 4345 1320 4428 τόν

163 4538 187 4576 ι.
205 4521 247 4604 καλ
259 4537 313 4576 om.
326 4522 361 4576 Α.
596 4537 623 4595 5.
641 4520 769 4649 ming
780 4521 857 4582 Quae
917 4530 1019 4606 ουσιαι
1030 4521 1063 4577 ιθ
1076 4521 1123 4577 fin.
1136 4522 1230 4578 scholii
1242 4522 1319 4579 nobit

123 4591 353 4664 supplethpp.
367 4591 411 4664 ⁶3,
423 4592 468 4660 64.
609 4611 653 4665 ³¹·
673 4593 751 4648 Καὶθ
767 4595 853 4665 ρειΑ.
911 4593 1027 4650 tatum&
1040 4592 1178 4664 ριοδηΒ.
