3280 5142
123 342 276 416 xviii.1o.
355 351 414 417 IN
430 352 463 418 S.
488 353 745 421 JOANNEM.
790 354 886 422 LIB.
909 354 971 420 XI.
1017 349 1219 419 CARXII.
1284 349 1327 413 23
1431 341 1432 345 ’

156 516 173 534 ⁸
233 514 243 538 τ
370 523 386 541 a
466 518 477 545 ς
537 519 555 550 ν
697 518 714 554 ς
766 518 782 552 κ
828 521 844 552 ιι
973 517 1024 548 ις
1085 521 1094 546 ³
1178 514 1190 540 λ
1293 511 1304 539 ⁸

123 544 197 590 των
225 549 411 618 ιπηρετων
437 553 503 620 την
530 525 672 627 εφοδον,
692 555 737 622 ην
760 554 804 600 αν
830 554 917 604 ισως
945 522 1046 599 ουδεν
1073 550 1216 599 απεικος
1243 549 1327 598 τους

123 636 272 736 ἀγαπᾶν
296 643 486 740 ἑλομένους
506 641 615 725 αὐτὸν
638 645 746 726 παντὶ
773 642 903 725 λοιπὸν
921 641 1110 741 ἐπαμύνειν
1128 639 1247 722 σθένει
1267 643 1326 720 καὶ

123 758 183 838 διά
206 763 343 849 παντὸς
369 766 455 848 ἰέναι
479 766 722 868 τολμήματος,
744 768 803 850 ἵνα
829 766 872 868 δῆ
901 769 959 847 καὶ
986 765 1186 847 ε’κσῶσειαν
1205 762 1268 845 τὸν
1286 765 1325 844 ἐκ

124 887 189 982 τῆς
217 895 325 968 τινῶν
358 893 575 986 δυσσεβείας
603 891 816 992 ἀβουλήτως
844 889 1101 974 κινδυνεύοντα.
1139 885 1258 987 ἐπειδὴ
1287 887 1325 968 δὲ

91 1005 221 1096 ὅθεός
249 1010 420 1118 ὑπάρχων
444 1015 625 1116 ἀληθινὸς,
648 1015 761 1119 ἀρδην
785 1051 825 1096 τε
848 1015 931 1100 τούς
952 1014 1115 1100 ἐπιόντας
1143 1011 1325 1094 ἀπολέσαι

125 1132 320 1234 δυνάμενος
347 1142 407 1218 καὶ
432 1139 516 1244 παρ’
543 1139 663 1238 αὐτάς,
686 1143 733 1225 ὡς
756 1141 840 1226 έπος
866 1146 985 1238 εἰπεῖν,
1002 1147 1067 1220 τοῦ
1094 1141 1232 1244 ἀγῶνος
1260 1135 1325 1220 τὰς

125 1259 307 1366 ἀπαρχάς,
334 1263 513 1366 τοσαύτης
540 1263 668 1350 αύτούς
697 1263 922 1368 καταγεύσας
950 1262 1086 1369 ἰσχύος,
1114 1266 1162 1348 ὡς
1189 1263 1240 1343 ἑνὶ
1267 1263 1326 1341 καὶ

124 1381 232 1491 πράιρ
250 1395 508 1491 καταστρῶσαι
526 1385 638 1496 λόγῳ·
666 1388 798 1470 ε”πεσον
818 1387 889 1492 γάρ
911 1387 1041 1472 πάντες
1058 1393 1106 1472 είς
1124 1385 1170 1467 τά
1191 1386 1323 1468 ὀπίσω·
1370 1396 1453 1512 ξιξπυτέ

123 1515 203 1593 πῶς
235 1509 328 1610 ἡμᾶς
356 1513 465 1618 ε’χρῆν
493 1515 678 1619 ἀχαλίνοις
711 1511 838 1618 ῶσπερ
869 1516 928 1594 καὶ
947 1511 1168 1610 ἀταμιεύτως
1198 1512 1324 1615 ὀργαῖς
1338 1548 1356 1589 ιι
1369 1501 1495 1594 Ιοίτλ.

74 1670 112 1712 ιο
124 1640 255 1736 χωρεῖν
272 1636 326 1716 ἐπ’
347 1638 461 1716 ἐκεῖνα
485 1638 688 1734 βούλεσθαι
712 1637 995 1741 προαλέστερον,
1014 1632 1105 1739 ἀπερ
1130 1633 1236 1719 αὐτὸς
1261 1636 1325 1716 οὐκ

125 1754 224 1860 ἕδρα,
242 1758 355 1840 καίτοι
373 1760 522 1865 σφόδρα
538 1761 669 1869 ῥᾳδίως
688 1758 903 1860 δυνάμενοςς
935 1760 1061 1865 έχομεν
1080 1760 1125 1839 δέ
1145 1794 1179 1839 τι
1204 1767 1325 1840 τοιοῦ-

125 1915 191 1963 τον
218 1886 277 1963 καὶ
303 1883 450 1988 ἑτέρωθί
473 1920 544 1967 που
571 1885 820 1992 γεγραμμένον
847 1883 947 1989 παρά
975 1891 1049 1968 τοῖς
1078 1884 1192 1985 ἁγίοις
1222 1885 1323 1986 εὐαγ-

125 2013 326 2109 γελισταῖς.
365 2008 427 2111 ἧκε
449 2008 516 2110 μέν
532 2009 604 2114 γάρ
627 2045 715 2092 ποτε
740 2008 959 2092 καταλύσων
978 2011 998 2090 ὁ
1021 2009 1154 2112 Κύριος
1175 2006 1223 2092 είς
1245 2041 1326 2088 τινα

126 2138 200 2212 τῶν
218 2129 358 2237 ὁμόρων
374 2139 420 2239 τῆ
435 2133 591 2243 Ἰουδαίᾳ
608 2135 745 2236 κώμην·
783 2132 829 2234 ῆν
847 2132 885 2214 δέ
905 2135 994 2235 αὕτη
1014 2138 1257 2236 Σαμαρειτῶν·
1294 2137 1327 2212 οἱ

78 2254 165 2340 Ι5δὲ
197 2257 399 2360 προσιόντα
430 2266 601 2362 σκληρῶς
634 2257 887 2364 ἀπετρέποντο.
934 2263 993 2338 καὶ
1023 2256 1068 2357 δὴ
1100 2256 1191 2360 πρὸς
1220 2264 1327 2337 τοῦτο

127 2383 317 2485 δηχθέντες
344 2387 377 2461 οὶ
405 2386 561 2484 μαθηταὶ
589 2381 804 2487 προσήεσάν
828 2417 867 2464 τε
896 2385 954 2464 καὶ
977 2381 1142 2488 ἔφασκον
1169 2390 1190 2429 “
1206 2379 1325 2483 Κύριε,
1372 2389 1474 2505 {IM-

127 2512 150 2548 “
168 2501 287 2588 θέλεις
311 2505 463 2604 εἴπωμεν
481 2515 554 2610 πῦρ
573 2511 772 2606 καταβῆναι
800 2509 859 2588 ἀπ’
881 2507 1033 2610 ούρανοῦ
1056 2507 1114 2585 καὶ
1137 2507 1327 2583 ἀναλῶσαι
1400 2469 1459 2520 '⁵4

126 2637 150 2674 “
168 2627 296 2712 αύτούς
309 2626 345 2723 ;”
373 2627 463 2734 πρὸς
491 2629 617 2714 αὐτούς
646 2629 683 2710 δὲ
709 2628 824 2712 πάλιν
847 2627 1025 2733 ὁΣωτὴρ,
1045 2629 1155 2735 ἀφετε
1184 2626 1362 2711 αύτούς·ἶ)

126 2749 240 2852 ῆούκ
263 2753 380 2834 οίδατε
410 2753 464 2834 ἀτι
492 2766 514 2802 “
526 2755 678 2855 δύναμαι
705 2755 958 2859 παρακαλέσαι
985 2754 1050 2834 τὸν
1072 2751 1218 2856 Πατέρα
1246 2785 1327 2850 μου,
1373 2763 1497 2843 ΕΜ-

76 2906 114 2948 20
127 2887 150 2924 ‘⁴
168 2880 228 2957 καὶ
264 2877 495 2981 παραστήσει
522 2914 584 2977 μοι
616 2879 695 2982 ἀρτι
731 2880 867 2960 δώδεκα
901 2885 1078 2980 λεγεῶνας
1109 2875 1278 2980 ἀγγέλων
1291 2877 1326 2972 ;”
1373 2845 1495 2895 ”W

126 3001 169 3080 ού
198 2999 269 3104 γάρ
296 3001 380 3104 ἧκεν
398 3007 447 3088 ῶς
466 3003 558 3086 Θεὸς
582 3037 627 3108 τη
656 3003 726 3110 ἰδία
750 3004 809 3082 καὶ
836 3004 985 3111 ε’μφύτιρ
1010 3000 1156 3101 δννοίμει
1183 2999 1322 3106 χρησό-

125 3158 233 3222 μενος
263 3124 355 3205 κατά
384 3133 456 3206 τῶν
483 3125 789 3230 έμπαροινούντων
815 3127 923 3232 αὐτῷ,
945 3133 1093 3224 μᾶλλον
1123 3126 1161 3205 δὲ
1187 3129 1251 3226 τῆς
1279 3129 1328 3208 είς

125 3248 239 3352 ἀκρον
265 3250 350 3350 ἡμῖν
367 3249 589 3358 ἀνεξικακίας
618 3251 787 3353 γενέσθαι
815 3248 1047 3348 διδάσκαλος,
1065 3250 1265 3351 ἀοργησίας
1288 3282 1327 3328 τε

124 3378 190 3474 τῆς
227 3376 382 3456 ἀπασῶν
415 3373 584 3457 ἀνωτάτω
620 3379 841 3477 καταστῆναι
878 3374 997 3460 τύπος.
1034 3373 1089 3454 διὸ
1127 3374 1187 3454 καὶ
1223 3372 1327 3476 ἔλεγε

77 3531 113 3592 ²5
127 3507 149 3545 “
168 3497 317 3580 Μάθετε
335 3500 395 3582 ἀπ’
415 3503 511 3600 ἐμοῦ,
527 3499 582 3580 δτι
598 3497 713 3604 πράύς
731 3505 801 3598 εἶμι
819 3502 878 3580 καὶ
897 3495 1061 3583 ταπεινὸς
1079 3503 1125 3604 τῆ
1144 3496 1305 3606 καρδίᾳ.”
1372 3516 1497 3582 Πανὶ-ιν

182 3623 233 3702 Ὁ
251 3621 316 3722 μέν
334 3624 397 3704 οὖν
414 3631 478 3704 τοῦ
492 3625 633 3728 Πέτρου
650 3622 788 3707 σκοπὸς
806 3621 872 3725 τῆν
890 3621 1071 3728 μάχαιραν
1084 3621 1328 3706 ἀνατείνοντος

125 3747 219 3828 κατὰ
237 3753 310 3828 τῶν
324 3749 367 3827 δι’
381 3749 550 3845 ἐναντίας,
564 3750 628 3828 ούκ
642 3747 711 3854 ἔξω
729 3749 873 3855 φέρεται
887 3751 1032 3847 νομικῆς
1045 3748 1203 3845 ἐντολῆς.
1232 3742 1327 3826 πάδα
1340 3787 1357 3829 ο
1372 3764 1453 3844 Εξοᾶ-

125 3870 199 3975 γάρ
213 3873 291 3952 ἀντὶ
304 3871 413 3955 ποδὸς
429 3873 486 3952 καὶ
500 3877 601 3977 χεῖρα
618 3874 697 3952 ἀντὶ
708 3871 826 3978 χειρὸς
844 3875 903 3953 καὶ
920 3879 1062 3975 τραῦμα
1076 3873 1154 3951 ἀντὶ
1168 3869 1327 3974 τραύμα-
1371 3846 1424 3960 :¹5⁰
1433 3845 1473 3894 η’

124 4029 186 4080 τος
205 3999 264 4076 καὶ
284 3996 449 4096 μώλωπα
468 3997 547 4075 ἀντὶ
564 3995 755 4095 μωλεύπων
773 3993 984 4098 ἀντεπάγειν
1003 3993 1230 4098 ἀνεγκλήτως
1253 3997 1327 4076 τοῖς

76 4154 112 4212 30
124 4122 312 4202 ἀδικοῦσιν
329 4119 477 4201 ε’κέλευε.
515 4120 554 4200 τί
569 4119 606 4200 δὲ
625 4118 820 4224 δράσουτες
838 4118 958 4224 ἕτερον
975 4119 1113 4218 ῆκονοί
1135 4116 1328 4222 μαχαίραις

160 4403 187 4461 5.
205 4387 338 4443 ἀπολέσαι
351 4386 383 4443 Ε.
397 4385 502 4458 Migne.
517 4387 653 4442 ἀπολέσω
666 4385 739 4442 Aub.
1124 4401 1164 4437 11.
1185 4381 1216 4437 δέ
1227 4399 1281 4436 om.
1295 4381 1329 4437 E.

129 4479 170 4528 14.
187 4457 234 4532 τῆ]
248 4459 295 4528 τὴν
308 4457 341 4513 Ε.
516 4471 566 4584 11Ξά
576 4456 688 4527 εἴπωμεν
700 4457 733 4513 Ε.
745 4457 849 4529 Migne.
862 4453 967 4525 ε’ίπομεν
979 4452 1053 4511 Aub.
1107 4453 1150 4509 ἀπ’
1164 4453 1196 4508 Ε.
1209 4453 1260 4508 ἀπὸ
1274 4452 1327 4508 Ed.

126 4533 324 4674 aab?
337 4529 369 4588 Ε.
381 4531 509 4600 μάλαπος
588 4527 681 4584 Verba
692 4527 791 4584 desunt
802 4527 829 4582 in
843 4525 926 4581 Cord.
1035 4541 1079 4596 30.
1098 4523 1140 4598 δὲ]
1158 4531 1187 4592 ÷
1202 4524 1234 4594 δι)
1247 4522 1330 4582 cord.
