3294 5150
157 367 210 408 xv.
222 365 265 424 42
278 368 344 432 sqq.
390 347 443 412 IN
469 348 534 413 ΕΡ.
557 349 585 414 Ῑ.
612 349 675 414 AD
701 349 994 424 CORINTHIOS,
1033 348 1121 414 LIB.
1138 349 1218 414 VII.
1285 349 1348 414 311

128 507 201 608 H
220 507 304 588 u..
319 513 377 589 ςῶ
395 516 522 617 σςῶῶ
538 517 704 617 ςαςςςχῆ
723 519 773 620 σε
790 513 1050 616 παραδείγματι
1070 510 1136 610 τι
1153 520 1217 592 ..ι
1235 512 1352 615 πριι-
1379 447 1504 514 [θ’]

157 664 269 727 ματος
297 632 410 739 φύσιν
435 633 617 742 ἐξομοιῶν.
647 637 774 714 οὐκοῦν
795 641 847 743 τῷ
875 634 990 744 κόκκιρ
1018 635 1285 739 παραπλησίως
1311 637 1353 715 οὐ

158 753 294 854 γυμνὸν
318 757 558 851 ἀναβιώσεται
584 757 626 838 τὸ
654 765 772 857 σῶμα,
793 763 918 865 φησὶν,
941 761 1025 839 ἀλλ’
1046 760 1085 838 εὖ
1112 758 1213 856 μάλα
1238 792 1354 861 περιε-

158 879 364 976 σταλμένον
391 878 457 979 τὴν
475 881 683 986 ἀφθαρσίαν
700 883 760 961 καὶ
787 881 853 983 τὴν
872 880 993 988 δόξαν,
1012 885 1070 961 καὶ
1096 881 1185 985 πρός
1208 915 1251 984 γε
1270 880 1352 960 τού·

125 1019 232 1084 5τοις
259 999 301 1081 τό
329 1002 502 1101 εὐσθενὲς,
528 1009 585 1085 καὶ
613 1004 684 1104 μὴν
713 1008 770 1084 καὶ
803 1013 907 1085 τοῦτο
941 1013 1212 1085 καταπλουτοῦν
1241 1002 1283 1084 τὸ
1317 1006 1355 1084 ἐν

159 1123 361 1228 φρονήματι
392 1127 558 1228 γενέσθαι
594 1134 831 1235 πνευματικηῖ,
863 1129 1187 1226 μεταπλαττούσης
1219 1127 1355 1231 τρόπον

157 1245 238 1325 τινά
261 1251 324 1346 τῆς
349 1249 484 1330 ἀνωθεν
503 1250 657 1355 χάριτος,
676 1255 735 1332 καὶ
761 1256 824 1349 τῆς
852 1252 1071 1353 ἀσυγκρίτου
1090 1248 1270 1348 δυνάμεως
1289 1258 1354 1330 τοῦ

157 1366 302 1450 πάντων
320 1379 552 1476 Δημιουργοῦ
569 1375 659 1478 πρὸς
677 1383 751 1455 πεῖν
767 1374 974 1454 τούναντίον
997 1373 1044 1454 τά
1071 1377 1109 1453 ἐν
1134 1375 1244 1481 αὐτῷ.
1276 1377 1352 1454 ε’νυ-

157 1491 287 1597 πάρχει
314 1496 379 1591 μὲν
395 1496 468 1599 γάρ
486 1505 537 1605 τῷ
562 1497 713 1578 πεσόντι
732 1501 875 1595 σώματι
894 1500 951 1577 καὶ
972 1496 1046 1577 οἷον
1065 1503 1113 1581 είς
1129 1501 1198 1598 γῆν
1216 1499 1353 1599 ε’σπαρ·

104 1658 143 1696 ιο
155 1615 249 1724 με’νιρ
276 1618 396 1722 φθορὰ
424 1623 481 1700 καὶ
509 1623 675 1701 ἀσθενεία
703 1626 760 1702 καὶ
787 1622 830 1702 τὸ
858 1619 1026 1716 ἀκαλλὲς,
1045 1620 1217 1725 φρόνημά
1240 1655 1278 1700 τε
1307 1621 1349 1700 τὸ

158 1739 325 1845 ψυχικὸν,
344 1741 364 1822 δ
383 1747 440 1822 καὶ
464 1744 595 1826 ταύτὸν
619 1743 716 1826 εἶναι’Ι
733 1754 852 1854 φαμεν
875 1751 927 1852 τῷ
950 1750 1111 1851 σαρκικῷ
1140 1747 1197 1823 καῖ
1226 1749 1354 1845 γεωδε-

157 1864 288 1972 στεριρ·
328 1867 446 1967 ε’πειδῖ)
475 1867 512 1948 δὲ
539 1869 708 1975 παρήχθη
740 1869 829 1972 πρὸς
861 1870 1002 1971 γε’νεσιν
1031 1871 1068 1947 ἐν
1096 1870 1232 1972 ἀρχαῖς,
1261 1866 1354 1947 κατά

158 1989 272 2094 φύσιν
291 1991 356 2096 οὐχ
387 1987 453 2070 ὦδε
481 1991 576 2097 ἕχον·
606 1993 871 2096 παρεισέδνσαν
888 1992 925 2072 δὲ
943 1997 1044 2071 ταυτὶ
1071 1989 1129 2070 διά
1147 1989 1212 2089 τὴν
1230 1989 1349 2093 παρό-

156 2119 271 2205 βασιν
290 2114 349 2192 καὶ
374 2111 440 2213 τὴν
458 2117 513 2196 ε’πῖ
542 2120 593 2224 τῷ
617 2116 760 2224 θανάτῳ
779 2116 890 2216 δίκην,
910 2115 1171 2221 ἀναφωνοόσης
1189 2115 1273 2213 ἡμῖν
1290 2118 1353 2215 τῆς
1367 2145 1409 2203 78
1425 2144 1473 2202 Μ.

104 2275 143 2332 15
158 2234 302 2339 φύσεως
320 2242 369 2320 εἷς
386 2237 428 2317 τὸ
447 2241 484 2318 ἐν
502 2242 641 2344 ἀρχαῖς·
672 2239 865 2343 πράττεται
890 2236 956 2336 μὲν
986 2237 1184 2342 ἀναγκαίως
1210 2237 1354 2337 δυνάμει

157 2362 272 2439 τεκαὶ
291 2361 444 2469 ἐνεργείᾳ
462 2368 557 2442 Θεοῦ
582 2370 656 2442 τῶν
672 2360 809 2469 μεταξὺ
832 2357 1200 2464 παρεισβεβληκότων
1217 2361 1240 2459 ἡ
1260 2360 1351 2442 ἀπό·

156 2489 268 2581 θεσις,
287 2485 562 2588 ἀντεισκρίνεται
590 2487 627 2566 δὲ
653 2493 726 2566 τῶν
744 2485 897 2590 πρώτων
921 2493 979 2564 καὶ
1006 2488 1043 2564 ἐν
1061 2488 1185 2590 ἀρχαῖς
1204 2483 1355 2564 ἐνόντων

157 2605 242 2704 ἡμῖν
260 2608 446 2706 ἀγαθῶν
425 2643 447 2708 η
466 2609 617 2716 με’θεξις·
646 2609 922 2705 ἀνεκαινίσμεθα
945 2607 1016 2711 γάρ
1034 2611 1072 2688 ἐν
1089 2613 1243 2715 Χριστῷ
1262 2607 1355 2686 κατὰ

156 2726 222 2812 τάς
249 2729 406 2836 γραφάς·
445 2732 517 2883 ἔφη
543 2733 615 2835 γάρ
636 2727 877 2837 προφήτης
853 2765 954 2831 αγιος
982 2741 1004 2778 “
1018 2731 1159 2833 Θάρσει
1179 2727 1347 2876 Σιφν,
1303 2765 1378 2884 μη
1365 2745 1440 2859 δῶνῶ-
1447 2745 1481 2795 iii·

102 2854 517 2955 ω’·παρείσθωσαν
483 2888 518 2933 αι
536 2854 648 2960 χεῖρες
675 2883 757 2935 σον·
800 2853 969 2957 Κύριος
953 2889 973 2934 ο
999 2851 1091 2938 Θεός
1118 2888 1189 2934 σου
1217 2857 1255 2932 ἐν
1282 2888 1353 2951 σοι,

159 2985 181 3022 “
200 2974 347 3061 δυνατὸς
380 2978 506 3057 σῶσαί
538 3012 598 3076 σε,
635 3013 693 3058 και
724 2982 918 3058 ἀνακαινιεῖ
949 3011 994 3056 σε
1025 2980 1063 3058 ἐν
1094 2980 1139 3082 τῇ
1172 2977 1354 3081 ἀγαπήσει

159 3108 181 3144 “
199 3099 341 3178 αὐτοῦ.”
374 3099 432 3180 ὅτε
462 3100 531 3204 γάρ
550 3100 740 3250 ἠγάπησεν
757 3102 849 3201 ἡμᾶς
872 3102 891 3179 ὁ
910 3099 1003 3184 Θεὸς
1032 3103 1089 3180 καῖ
1109 3101 1251 3202 Πατὴρ,
1271 3101 1353 3181 τότε

158 3220 262 3320 δη
221 3256 301 3302 τοτε
325 3225 383 3301 καὶ
408 3224 627 3304 ἀνεκαίνισεν
646 3227 683 3303 ἐν
701 3229 867 3330 Χριστῷ·
909 3226 967 3305 καὶ
995 3221 1094 3375 χάρ
1096 3226 1196 3304 ε’στιν
1224 3221 1354 3325 ἀληθες

158 3346 206 3429 ὡς
232 3345 351 3426 πάντα
378 3346 424 3425 τὰ
448 3349 486 3426 ἐν
513 3348 609 3454 αὐτῷ
637 3358 658 3394 “
672 3345 772 3447 καινὴ
801 3349 927 3432 κτίσις·
967 3352 1025 3426 καὶ
1053 3345 1099 3428 τά
1127 3381 1191 3446 μεν
1221 3350 1352 3452 ἀρχαῖα
1367 3366 1480 3417 acorv.

104 3491 143 3552 25
158 3478 181 3515 “
198 3474 372 3572 παρῆλθε,
400 3503 524 3572 γεγονε
553 3468 591 3548 δε
619 3469 755 3550 καινά.”
795 3477 881 3551 ποῖα
909 3471 953 3550 δέ
975 3473 1140 3576 φησιν’
1116 3478 1276 3622 ρρχαῖα;
1307 3471 1354 3550 τά
1338 3443 1406 3499 ¹⁷

157 3592 468 3694 παριππεύσαντα·
504 3628 561 3672 και
588 3601 674 3675 ποῖα
697 3592 825 3690 καινάς
856 3593 902 3673 τά
924 3593 1175 3696 είσκεκριμένα·
1210 3593 1353 3672 παλαιὰ

157 3715 224 3815 μὲν
250 3716 272 3815 ἡ
296 3715 427 3823 φθορά,
445 3720 503 3796 καὶ
527 3717 648 3814 με’ντοι
671 3715 713 3796 τὸ
738 3717 878 3813 ἀναλκι,
907 3720 964 3796 καὶ
989 3714 1079 3817 πρός
1101 3751 1143 3817 γε
1168 3713 1283 3824 τούτῳ
1310 3716 1352 3795 τὸ

158 3838 339 3936 δυσκλεὲς,
359 3842 417 3918 καὶ
435 3847 498 3919 τοῦ
517 3843 674 3946 φυχικοῖι
694 3837 922 3944 φρονήματος
940 3837 986 3920 τά
1005 3838 1223 3941 ἐγκλήματα·
1251 3836 1354 3919 καινά

196 4102 220 4140 2.
241 4085 297 4141 lnc.
310 4091 351 4159 Τῷ
366 4087 403 4141 Η.
456 4089 594 4158 ουγυμνδν
606 4095 666 4170 post
679 4092 754 4156 σῶμα
767 4087 916 4157 transponit
931 4086 969 4141 Η.
1147 4102 1173 4158 3.
1191 4088 1275 4156 φησιν
1286 4090 1313 4141 et
1324 4085 1353 4142 εὖ

157 4157 229 4226 μαλε
241 4175 294 4212 om
310 4157 347 4212 H.
501 4177 527 4224 4.
546 4180 587 4211 και
592 4175 672 4240 μηαο
685 4167 853 4228 assumptum
866 4175 897 4211 ex
912 4157 949 4211 Η.
963 4156 1036 4212 deest
1048 4157 1122 4212 ιοΑ
1175 4159 1240 4225 πρός
1251 4179 1282 4227 γε
1294 4179 1352 4212 τοο-

158 4249 212 4282 τοις
223 4243 278 4283 om
291 4227 328 4282 H.
471 4240 498 4299 5.
517 4231 547 4282 τδ
578 4245 633 4282 nus
645 4237 815 4302 assumptum
827 4229 906 4282 οιΑ
910 4227 947 4282 H.
1000 4227 1099 4282 κάκεῖνο
1112 4244 1160 4297 pro
1172 4226 1213 4279 καὶ
1225 4248 1301 4282 τουτο
1315 4228 1353 4283 H.

158 4296 220 4352 6-8.
238 4297 609 4390 μεταπλοττοόσης-ἐνηυτῷ
622 4316 676 4354 om.
692 4299 728 4355 H.
845 4315 870 4368 9.
888 4299 939 4368 γὰρ
952 4315 1005 4352 om.
1021 4297 1057 4352 H.
1097 4298 1352 4379 πεσόντι-ἐσπορ-

157 4366 274 4458 μίνιρ]’
251 4389 288 4424 εις
298 4371 348 4438 γῆν
360 4368 513 4439 ε’σπορμίνῳ
525 4371 625 4436 σώματι
639 4368 676 4423 H.
834 4385 876 4423 ιο.
894 4367 1017 4458 ἀκαλλες]
1031 4368 1117 4456 pergit
1129 4369 1232 4436 δυνάμει
1244 4369 1271 4422 δὲ
1285 4373 1353 4424 θεοῦ

157 4437 335 4528 ἀντεισάγεται
347 4443 397 4492 τῶν
408 4441 517 4508 πρώτων
527 4439 568 4493 καὶ
581 4437 741 4494 ε’νόντοιν’
696 4462 755 4508 ημιν
766 4438 869 4530 ἀγαθῶν
880 4441 910 4492 τδ
922 4459 970 4493 κατ
969 4437 1094 4508 ’ἀρχδςὴ
1105 4439 1217 4507 μέθεξις,
1226 4439 1351 4530 ι’χάφθαρ-

158 4509 213 4570 σία,
226 4506 327 4575 ἠδόξει,
340 4507 429 4576 ἦδόνα
449 4523 480 4566 ις·
504 4509 575 4563 τδ
546 4530 597 4598 γορ
609 4509 864 4600 ἀνακαινιζόμενον’
837 4531 882 4563 ουκ
901 4531 938 4564 εις
954 4531 1036 4580 σρχας
1053 4530 1136 4564 ανεισι
1155 4513 1201 4564 τοῦ
1219 4507 1282 4565 εἶναι
1299 4531 1352 4565 τοι·

159 4578 228 4633 ινσδε
240 4581 328 4649 τνχδν
341 4579 400 4633 ἀλλ
413 4531 449 4636 ‘H
460 4579 524 4648 ὅπερ
536 4577 592 4646 ἦν
579 4601 606 4633 εν
617 4601 709 4650 αρχαις
720 4580 756 4635 lta
768 4580 892 4634 desinens
906 4578 942 4633 H.
