<?xml version="1.0" encoding="UTF-8"?>
<!DOCTYPE html PUBLIC "-//W3C//DTD XHTML 1.0 Transitional//EN"
    "http://www.w3.org/TR/xhtml1/DTD/xhtml1-transitional.dtd">
<html xmlns="http://www.w3.org/1999/xhtml" xml:lang="en" lang="en">
 <head>
  <title>
</title>
<meta http-equiv="Content-Type" content="text/html;charset=utf-8" />
  <meta name='ocr-system' content='tesseract 3.04.00' />
  <meta name='ocr-capabilities' content='ocr_page ocr_carea ocr_par ocr_line ocrx_word'/>
</head>
<body>
  <div class='ocr_page' id='page_1' title='image "./sanctipatrisnos01pusegoog_0130.png"; bbox 0 0 3284 5130; ppageno 0'>
   <div class='ocr_carea' id='block_1_1' title="bbox 124 343 1334 426">
    <p class='ocr_par' dir='ltr' id='par_1_1' title="bbox 124 343 1334 426">
     <span class='ocr_line' id='line_1_1' title="bbox 124 343 1334 426; baseline 0.001 -18"><span class='ocrx_word' id='word_1_1' title='bbox 124 365 182 408; x_wconf 75' lang='lat' dir='ltr'>xx.</span> <span class='ocrx_word' id='word_1_2' title='bbox 198 357 249 426; x_wconf 89' lang='lat'>17.</span> <span class='ocrx_word' id='word_1_3' title='bbox 422 345 481 410; x_wconf 94' lang='lat' dir='ltr'>IN</span> <span class='ocrx_word' id='word_1_4' title='bbox 512 347 546 412; x_wconf 86' lang='lat' dir='ltr'>S.</span> <span class='ocrx_word' id='word_1_5' title='bbox 570 343 827 414; x_wconf 81' lang='lat' dir='ltr'><strong>JOANNEM.</strong></span> <span class='ocrx_word' id='word_1_6' title='bbox 872 345 968 413; x_wconf 82' lang='lat' dir='ltr'><strong>LIB.</strong></span> <span class='ocrx_word' id='word_1_7' title='bbox 984 347 1073 414; x_wconf 75' lang='lat' dir='ltr'>XII.</span> <span class='ocrx_word' id='word_1_8' title='bbox 1270 344 1334 411; x_wconf 80' lang='lat'>11⁷</span> 
     </span>
    </p>
   </div>
   <div class='ocr_carea' id='block_1_2' title="bbox 82 508 1508 4490">
    <p class='ocr_par' dir='ltr' id='par_1_2' title="bbox 82 508 1508 4490">
     <span class='ocr_line' id='line_1_2' title="bbox 127 508 1364 623; baseline 0.005 -35"><span class='ocrx_word' id='word_1_9' title='bbox 127 508 212 617; x_wconf 69' lang='grc' dir='ltr'>πρὶν</span> <span class='ocrx_word' id='word_1_10' title='bbox 241 509 294 590; x_wconf 73' lang='grc' dir='ltr'>τὶν</span> <span class='ocrx_word' id='word_1_11' title='bbox 323 511 361 590; x_wconf 82' lang='grc' dir='ltr'>ἐν</span> <span class='ocrx_word' id='word_1_12' title='bbox 384 519 458 596; x_wconf 91' lang='grc' dir='ltr'>τοῖς</span> <span class='ocrx_word' id='word_1_13' title='bbox 485 513 646 616; x_wconf 84' lang='grc' dir='ltr'>οὐρανοῖς</span> <span class='ocrx_word' id='word_1_14' title='bbox 674 513 874 609; x_wconf 75' lang='grc' dir='ltr'>ἀναβέβηκε</span> <span class='ocrx_word' id='word_1_15' title='bbox 905 513 1054 623; x_wconf 85' lang='grc' dir='ltr'>Πατέρα,</span> <span class='ocrx_word' id='word_1_16' title='bbox 1080 509 1266 621; x_wconf 82' lang='grc' dir='ltr'>πρόφασις</span> <span class='ocrx_word' id='word_1_17' title='bbox 1296 511 1364 594; x_wconf 82' lang='grc' dir='ltr'>δέο</span> 
     </span>
     <span class='ocr_line' id='line_1_3' title="bbox 128 634 1334 744; baseline 0.002 -30"><span class='ocrx_word' id='word_1_18' title='bbox 128 636 222 733; x_wconf 80' lang='grc' dir='ltr'>αὕτη</span> <span class='ocrx_word' id='word_1_19' title='bbox 238 640 318 718; x_wconf 82' lang='grc' dir='ltr'>πῶς</span> <span class='ocrx_word' id='word_1_20' title='bbox 334 634 380 715; x_wconf 87' lang='grc' dir='ltr'>ἁν</span> <span class='ocrx_word' id='word_1_21' title='bbox 398 637 536 740; x_wconf 87' lang='grc' dir='ltr'>γένοιτο</span> <span class='ocrx_word' id='word_1_22' title='bbox 554 636 700 741; x_wconf 83' lang='grc' dir='ltr'>διαρκὴς</span> <span class='ocrx_word' id='word_1_23' title='bbox 718 647 783 719; x_wconf 83' lang='grc' dir='ltr'>τοῦ</span> <span class='ocrx_word' id='word_1_24' title='bbox 800 638 851 739; x_wconf 83' lang='grc' dir='ltr'>μή</span> <span class='ocrx_word' id='word_1_25' title='bbox 870 641 998 744; x_wconf 80' lang='grc' dir='ltr'>χρῆναι</span> <span class='ocrx_word' id='word_1_26' title='bbox 1018 643 1130 741; x_wconf 81' lang='grc' dir='ltr'>θιγεῖν</span> <span class='ocrx_word' id='word_1_27' title='bbox 1146 641 1210 736; x_wconf 79' lang='grc' dir='ltr'>τῆς</span> <span class='ocrx_word' id='word_1_28' title='bbox 1229 637 1334 739; x_wconf 89' lang='grc' dir='ltr'>ἁγίας</span> 
     </span>
     <span class='ocr_line' id='line_1_4' title="bbox 127 756 1335 866; baseline 0.006 -30"><span class='ocrx_word' id='word_1_29' title='bbox 127 757 270 861; x_wconf 85' lang='grc' dir='ltr'>σαρκὸς</span> <span class='ocrx_word' id='word_1_30' title='bbox 297 756 380 844; x_wconf 79' lang='grc' dir='ltr'>τοὺς</span> <span class='ocrx_word' id='word_1_31' title='bbox 407 762 624 862; x_wconf 82' lang='grc' dir='ltr'>ἀγαπῶντας</span> <span class='ocrx_word' id='word_1_32' title='bbox 653 758 788 857; x_wconf 76' lang='grc' dir='ltr'>αι’πόνς</span> <span class='ocrx_word' id='word_1_33' title='bbox 827 759 897 865; x_wconf 81' lang='grc' dir='ltr'>ἆρα</span> <span class='ocrx_word' id='word_1_34' title='bbox 923 760 996 866; x_wconf 88' lang='grc' dir='ltr'>γάρ</span> <span class='ocrx_word' id='word_1_35' title='bbox 1023 795 1077 846; x_wconf 89' lang='grc' dir='ltr'>τις</span> <span class='ocrx_word' id='word_1_36' title='bbox 1106 757 1335 863; x_wconf 72' lang='grc' dir='ltr'>ἀνεγκλήτως</span> 
     </span>
     <span class='ocr_line' id='line_1_5' title="bbox 128 880 1335 991; baseline 0.007 -31"><span class='ocrx_word' id='word_1_37' title='bbox 128 880 292 982; x_wconf 77' lang='grc' dir='ltr'>οἰήσεται</span> <span class='ocrx_word' id='word_1_38' title='bbox 313 881 377 964; x_wconf 84' lang='grc' dir='ltr'>τὸν</span> <span class='ocrx_word' id='word_1_39' title='bbox 395 886 435 964; x_wconf 89' lang='grc' dir='ltr'>εἰι</span> <span class='ocrx_word' id='word_1_40' title='bbox 458 887 523 985; x_wconf 81' lang='grc' dir='ltr'>τῆς</span> <span class='ocrx_word' id='word_1_41' title='bbox 548 885 690 991; x_wconf 73' lang='grc' dir='ltr'>ε’παφιῖς</span> <span class='ocrx_word' id='word_1_42' title='bbox 711 883 905 984; x_wconf 83' lang='grc' dir='ltr'>μολυσμὸν</span> <span class='ocrx_word' id='word_1_43' title='bbox 922 883 1217 988; x_wconf 79' lang='grc' dir='ltr'>παραιτούμενον,</span> <span class='ocrx_word' id='word_1_44' title='bbox 1235 881 1258 984; x_wconf 79' lang='grc' dir='ltr'>ἦ</span> <span class='ocrx_word' id='word_1_45' title='bbox 1278 891 1335 968; x_wconf 86' lang='grc' dir='ltr'>καὶ</span> 
     </span>
     <span class='ocr_line' id='line_1_6' title="bbox 95 1005 1400 1117; baseline 0 -29"><span class='ocrx_word' id='word_1_46' title='bbox 95 1007 190 1088; x_wconf 85' lang='grc' dir='ltr'>5ίνα</span> <span class='ocrx_word' id='word_1_47' title='bbox 218 1005 374 1110; x_wconf 84' lang='grc' dir='ltr'>καθαρὸς</span> <span class='ocrx_word' id='word_1_48' title='bbox 401 1006 484 1117; x_wconf 81' lang='grc' dir='ltr'>τρῖς</span> <span class='ocrx_word' id='word_1_49' title='bbox 511 1005 576 1089; x_wconf 82' lang='grc' dir='ltr'>τὸν</span> <span class='ocrx_word' id='word_1_50' title='bbox 599 1010 638 1088; x_wconf 79' lang='grc' dir='ltr'>ἐν</span> <span class='ocrx_word' id='word_1_51' title='bbox 659 1016 733 1093; x_wconf 91' lang='grc' dir='ltr'>τοῖς</span> <span class='ocrx_word' id='word_1_52' title='bbox 760 1009 922 1110; x_wconf 73' lang='grc' dir='ltr'>οὐρανοῖς</span> <span class='ocrx_word' id='word_1_53' title='bbox 949 1009 1041 1090; x_wconf 81' lang='grc' dir='ltr'>ἀνίοι</span> <span class='ocrx_word' id='word_1_54' title='bbox 1063 1009 1214 1115; x_wconf 82' lang='grc' dir='ltr'>Πατέρα,</span> <span class='ocrx_word' id='word_1_55' title='bbox 1233 1010 1335 1090; x_wconf 82' lang='grc' dir='ltr'>ταυτὶ</span> <span class='ocrx_word' id='word_1_56' title='bbox 1396 1041 1400 1048; x_wconf 94' lang='grc'><strong><em>·</em></strong></span> 
     </span>
     <span class='ocr_line' id='line_1_7' title="bbox 127 1128 1335 1236; baseline 0.002 -26"><span class='ocrx_word' id='word_1_57' title='bbox 127 1128 225 1234; x_wconf 78' lang='grc' dir='ltr'>πρὸς</span> <span class='ocrx_word' id='word_1_58' title='bbox 251 1132 386 1231; x_wconf 90' lang='grc' dir='ltr'>ε’κείνην</span> <span class='ocrx_word' id='word_1_59' title='bbox 403 1137 517 1212; x_wconf 76' lang='grc' dir='ltr'>εἰπεῖν</span> <span class='ocrx_word' id='word_1_60' title='bbox 529 1130 594 1212; x_wconf 78' lang='grc' dir='ltr'>τὸν</span> <span class='ocrx_word' id='word_1_61' title='bbox 614 1131 750 1236; x_wconf 79' lang='grc' dir='ltr'>Κύριον</span> <span class='ocrx_word' id='word_1_62' title='bbox 762 1165 773 1229; x_wconf 88' lang='grc'><strong>;</strong></span> <span class='ocrx_word' id='word_1_63' title='bbox 804 1128 880 1213; x_wconf 83' lang='grc' dir='ltr'>εἶτα</span> <span class='ocrx_word' id='word_1_64' title='bbox 908 1139 985 1216; x_wconf 79' lang='grc' dir='ltr'>πῶς</span> <span class='ocrx_word' id='word_1_65' title='bbox 1013 1134 1077 1213; x_wconf 84' lang='grc' dir='ltr'>οὐκ</span> <span class='ocrx_word' id='word_1_66' title='bbox 1097 1131 1268 1216; x_wconf 83' lang='grc' dir='ltr'>ἀσύνετός</span> <span class='ocrx_word' id='word_1_67' title='bbox 1295 1166 1335 1212; x_wconf 89' lang='grc' dir='ltr'>τε</span> 
     </span>
     <span class='ocr_line' id='line_1_8' title="bbox 129 1253 1335 1364; baseline 0.001 -30"><span class='ocrx_word' id='word_1_68' title='bbox 129 1253 183 1334; x_wconf 81' lang='grc' dir='ltr'>ὢν</span> <span class='ocrx_word' id='word_1_69' title='bbox 216 1257 344 1360; x_wconf 77' lang='grc' dir='ltr'>κομιδῇ</span> <span class='ocrx_word' id='word_1_70' title='bbox 377 1258 435 1335; x_wconf 81' lang='grc' dir='ltr'>καὶ</span> <span class='ocrx_word' id='word_1_71' title='bbox 468 1255 673 1364; x_wconf 80' lang='grc' dir='ltr'>παράφρων</span> <span class='ocrx_word' id='word_1_72' title='bbox 702 1256 886 1337; x_wconf 81' lang='grc' dir='ltr'>ἁλώσεται</span> <span class='ocrx_word' id='word_1_73' title='bbox 898 1288 910 1355; x_wconf 83' lang='lat'>3</span> <span class='ocrx_word' id='word_1_74' title='bbox 952 1258 994 1337; x_wconf 85' lang='grc' dir='ltr'>οὐ</span> <span class='ocrx_word' id='word_1_75' title='bbox 1024 1254 1096 1359; x_wconf 91' lang='grc' dir='ltr'>γὰρ</span> <span class='ocrx_word' id='word_1_76' title='bbox 1129 1253 1174 1336; x_wconf 86' lang='grc' dir='ltr'>ἁν</span> <span class='ocrx_word' id='word_1_77' title='bbox 1203 1255 1226 1354; x_wconf 86' lang='grc' dir='ltr'><em>ἡ</em></span> <span class='ocrx_word' id='word_1_78' title='bbox 1258 1256 1335 1336; x_wconf 84' lang='grc' dir='ltr'>θεία</span> 
     </span>
     <span class='ocr_line' id='line_1_9' title="bbox 130 1376 1335 1484; baseline 0.003 -26"><span class='ocrx_word' id='word_1_79' title='bbox 130 1377 247 1482; x_wconf 88' lang='grc' dir='ltr'>φύσις</span> <span class='ocrx_word' id='word_1_80' title='bbox 275 1379 468 1480; x_wconf 90' lang='grc' dir='ltr'>μολννθείη</span> <span class='ocrx_word' id='word_1_81' title='bbox 498 1379 597 1460; x_wconf 88' lang='grc' dir='ltr'>ποτέ.</span> <span class='ocrx_word' id='word_1_82' title='bbox 646 1379 755 1484; x_wconf 79' lang='grc' dir='ltr'>ὅνπερ</span> <span class='ocrx_word' id='word_1_83' title='bbox 785 1379 858 1484; x_wconf 87' lang='grc' dir='ltr'>γὰρ</span> <span class='ocrx_word' id='word_1_84' title='bbox 890 1379 1026 1484; x_wconf 83' lang='grc' dir='ltr'>τρόπον</span> <span class='ocrx_word' id='word_1_85' title='bbox 1056 1382 1113 1459; x_wconf 81' lang='grc' dir='ltr'>καὶ</span> <span class='ocrx_word' id='word_1_86' title='bbox 1141 1376 1335 1481; x_wconf 91' lang='grc' dir='ltr'>βορβόροις</span> 
     </span>
     <span class='ocr_line' id='line_1_10' title="bbox 130 1501 1370 1608; baseline -0.002 -26"><span class='ocrx_word' id='word_1_87' title='bbox 130 1503 215 1582; x_wconf 77' lang='grc' dir='ltr'>ἔσθ’</span> <span class='ocrx_word' id='word_1_88' title='bbox 236 1501 295 1582; x_wconf 81' lang='grc' dir='ltr'>ὅτε</span> <span class='ocrx_word' id='word_1_89' title='bbox 314 1506 468 1587; x_wconf 79' lang='grc' dir='ltr'>καὶτοῖς</span> <span class='ocrx_word' id='word_1_90' title='bbox 486 1501 578 1584; x_wconf 88' lang='grc' dir='ltr'>κατὰ</span> <span class='ocrx_word' id='word_1_91' title='bbox 598 1509 667 1606; x_wconf 77' lang='grc' dir='ltr'>γῆν</span> <span class='ocrx_word' id='word_1_92' title='bbox 686 1503 819 1608; x_wconf 69' lang='grc' dir='ltr'>ε’τέριαις</span> <span class='ocrx_word' id='word_1_93' title='bbox 842 1505 1079 1607; x_wconf 86' lang='grc' dir='ltr'>ἁκαθαρσίαις</span> <span class='ocrx_word' id='word_1_94' title='bbox 1102 1507 1167 1604; x_wconf 79' lang='grc' dir='ltr'>τῆς</span> <span class='ocrx_word' id='word_1_95' title='bbox 1184 1503 1370 1603; x_wconf 79' lang='grc' dir='ltr'>ήλιοκήςδ</span> 
     </span>
     <span class='ocr_line' id='line_1_11' title="bbox 83 1621 1334 1734; baseline 0.002 -28"><span class='ocrx_word' id='word_1_96' title='bbox 83 1628 277 1710; x_wconf 83' lang='grc' dir='ltr'>ιοάιιτΐνος</span> <span class='ocrx_word' id='word_1_97' title='bbox 308 1626 553 1731; x_wconf 79' lang='grc' dir='ltr'>προσβάλλον</span> <span class='ocrx_word' id='word_1_98' title='bbox 588 1627 631 1707; x_wconf 85' lang='grc' dir='ltr'>τὸ</span> <span class='ocrx_word' id='word_1_99' title='bbox 667 1633 747 1734; x_wconf 86' lang='grc' dir='ltr'>φῶς</span> <span class='ocrx_word' id='word_1_100' title='bbox 776 1625 877 1709; x_wconf 77' lang='grc' dir='ltr'>οὐδέν</span> <span class='ocrx_word' id='word_1_101' title='bbox 906 1628 1070 1727; x_wconf 83' lang='grc' dir='ltr'>ὑπομένει</span> <span class='ocrx_word' id='word_1_102' title='bbox 1100 1624 1142 1707; x_wconf 83' lang='grc' dir='ltr'>τὸ</span> <span class='ocrx_word' id='word_1_103' title='bbox 1178 1621 1334 1724; x_wconf 82' lang='grc' dir='ltr'>βλάβος,</span> 
     </span>
     <span class='ocr_line' id='line_1_12' title="bbox 130 1747 1333 1854; baseline 0.002 -23"><span class='ocrx_word' id='word_1_104' title='bbox 130 1749 229 1848; x_wconf 86' lang='grc' dir='ltr'>μένει</span> <span class='ocrx_word' id='word_1_105' title='bbox 251 1749 324 1854; x_wconf 87' lang='grc' dir='ltr'>γὰρ</span> <span class='ocrx_word' id='word_1_106' title='bbox 352 1751 453 1832; x_wconf 85' lang='grc' dir='ltr'>τοῦθ’</span> <span class='ocrx_word' id='word_1_107' title='bbox 484 1749 572 1853; x_wconf 73' lang='grc' dir='ltr'>ὅπερ</span> <span class='ocrx_word' id='word_1_108' title='bbox 600 1752 711 1847; x_wconf 81' lang='grc' dir='ltr'>ἐστὶν,</span> <span class='ocrx_word' id='word_1_109' title='bbox 735 1751 958 1851; x_wconf 79' lang='grc' dir='ltr'>άκηλίδωτον</span> <span class='ocrx_word' id='word_1_110' title='bbox 981 1747 1159 1852; x_wconf 84' lang='grc' dir='ltr'>δηλονότι,</span> <span class='ocrx_word' id='word_1_111' title='bbox 1187 1754 1246 1830; x_wconf 82' lang='grc' dir='ltr'>καὶ</span> <span class='ocrx_word' id='word_1_112' title='bbox 1267 1752 1333 1850; x_wconf 81' lang='grc' dir='ltr'>τῆς</span> 
     </span>
     <span class='ocr_line' id='line_1_13' title="bbox 130 1861 1335 1979; baseline 0.002 -25"><span class='ocrx_word' id='word_1_113' title='bbox 130 1882 207 1956; x_wconf 82' lang='grc' dir='ltr'>τῶν</span> <span class='ocrx_word' id='word_1_114' title='bbox 234 1872 538 1978; x_wconf 86' lang='grc' dir='ltr'>παραπιπτόντων</span> <span class='ocrx_word' id='word_1_115' title='bbox 564 1875 742 1959; x_wconf 81' lang='grc' dir='ltr'>δυσωδίας</span> <span class='ocrx_word' id='word_1_116' title='bbox 769 1877 971 1979; x_wconf 83' lang='grc' dir='ltr'>ἁμοιρῆσαν</span> <span class='ocrx_word' id='word_1_117' title='bbox 997 1861 1195 1971; x_wconf 84' lang='grc' dir='ltr'>παντελῶς,</span> <span class='ocrx_word' id='word_1_118' title='bbox 1223 1873 1335 1957; x_wconf 79' lang='grc' dir='ltr'>οὕτως</span> 
     </span>
     <span class='ocr_line' id='line_1_14' title="bbox 131 1995 1335 2107; baseline -0.003 -27"><span class='ocrx_word' id='word_1_119' title='bbox 131 1998 156 2098; x_wconf 85' lang='grc' dir='ltr'><strong><em>ἡ</em></strong></span> <span class='ocrx_word' id='word_1_120' title='bbox 185 2000 264 2080; x_wconf 86' lang='grc' dir='ltr'>θεία</span> <span class='ocrx_word' id='word_1_121' title='bbox 298 2032 338 2080; x_wconf 87' lang='grc' dir='ltr'>τε</span> <span class='ocrx_word' id='word_1_122' title='bbox 370 2001 429 2078; x_wconf 82' lang='grc' dir='ltr'>καὶ</span> <span class='ocrx_word' id='word_1_123' title='bbox 461 1998 645 2101; x_wconf 83' lang='grc' dir='ltr'>πάναγνος</span> <span class='ocrx_word' id='word_1_124' title='bbox 687 1997 799 2107; x_wconf 89' lang='grc' dir='ltr'>φύσις</span> <span class='ocrx_word' id='word_1_125' title='bbox 842 1997 907 2080; x_wconf 83' lang='grc' dir='ltr'>τὸν</span> <span class='ocrx_word' id='word_1_126' title='bbox 941 2000 981 2080; x_wconf 81' lang='grc' dir='ltr'>ἐκ</span> <span class='ocrx_word' id='word_1_127' title='bbox 1016 2007 1080 2080; x_wconf 86' lang='grc' dir='ltr'>τοῦ</span> <span class='ocrx_word' id='word_1_128' title='bbox 1112 1995 1335 2098; x_wconf 90' lang='grc' dir='ltr'>μολύνεσθαι</span> 
     </span>
     <span class='ocr_line' id='line_1_15' title="bbox 129 2118 1336 2230; baseline -0.003 -27"><span class='ocrx_word' id='word_1_129' title='bbox 129 2119 250 2227; x_wconf 83' lang='grc' dir='ltr'>ῥύπον</span> <span class='ocrx_word' id='word_1_130' title='bbox 277 2123 340 2203; x_wconf 81' lang='grc' dir='ltr'>οὐκ</span> <span class='ocrx_word' id='word_1_131' title='bbox 372 2118 417 2202; x_wconf 87' lang='grc' dir='ltr'>ἁν</span> <span class='ocrx_word' id='word_1_132' title='bbox 448 2120 648 2230; x_wconf 84' lang='grc' dir='ltr'>ἐπιδέξαιτό</span> <span class='ocrx_word' id='word_1_133' title='bbox 676 2156 774 2205; x_wconf 92' lang='grc' dir='ltr'>ποτε.</span> <span class='ocrx_word' id='word_1_134' title='bbox 813 2124 867 2208; x_wconf 90' lang='grc' dir='ltr'>τίς</span> <span class='ocrx_word' id='word_1_135' title='bbox 896 2124 959 2204; x_wconf 81' lang='grc' dir='ltr'>οὖν</span> <span class='ocrx_word' id='word_1_136' title='bbox 992 2123 1063 2227; x_wconf 79' lang='grc' dir='ltr'>ἄρα</span> <span class='ocrx_word' id='word_1_137' title='bbox 1094 2124 1194 2202; x_wconf 73' lang='grc' dir='ltr'>ἐστὶν</span> <span class='ocrx_word' id='word_1_138' title='bbox 1222 2122 1243 2200; x_wconf 90' lang='grc' dir='ltr'><strong>ὁ</strong></span> <span class='ocrx_word' id='word_1_139' title='bbox 1272 2127 1336 2200; x_wconf 85' lang='grc' dir='ltr'>τοῦ</span> 
     </span>
     <span class='ocr_line' id='line_1_16' title="bbox 84 2243 1336 2357; baseline -0.002 -27"><span class='ocrx_word' id='word_1_140' title='bbox 84 2271 118 2330; x_wconf 89' lang='lat'>15</span> <span class='ocrx_word' id='word_1_141' title='bbox 132 2245 363 2326; x_wconf 86' lang='grc' dir='ltr'>κεκωλύσθαι</span> <span class='ocrx_word' id='word_1_142' title='bbox 391 2243 503 2348; x_wconf 82' lang='grc' dir='ltr'>λόγος</span> <span class='ocrx_word' id='word_1_143' title='bbox 524 2253 752 2351; x_wconf 83' lang='grc' dir='ltr'>προσιοῦσαν</span> <span class='ocrx_word' id='word_1_144' title='bbox 781 2245 966 2357; x_wconf 76' lang='grc' dir='ltr'>αὐτῷτὴν</span> <span class='ocrx_word' id='word_1_145' title='bbox 992 2244 1157 2350; x_wconf 81' lang='grc' dir='ltr'>Μαριὰμ,</span> <span class='ocrx_word' id='word_1_146' title='bbox 1186 2248 1245 2325; x_wconf 81' lang='grc' dir='ltr'>καὶ</span> <span class='ocrx_word' id='word_1_147' title='bbox 1272 2246 1336 2343; x_wconf 83' lang='grc' dir='ltr'>τῆς</span> 
     </span>
     <span class='ocr_line' id='line_1_17' title="bbox 132 2365 1334 2476; baseline -0.003 -26"><span class='ocrx_word' id='word_1_148' title='bbox 132 2370 241 2472; x_wconf 86' lang='grc' dir='ltr'>ἁγίας</span> <span class='ocrx_word' id='word_1_149' title='bbox 270 2367 408 2474; x_wconf 79' lang='grc' dir='ltr'>σαρκὸς</span> <span class='ocrx_word' id='word_1_150' title='bbox 439 2370 660 2476; x_wconf 79' lang='grc' dir='ltr'>γλιχομένην</span> <span class='ocrx_word' id='word_1_151' title='bbox 688 2374 900 2473; x_wconf 87' lang='grc' dir='ltr'>ἁποθιγεῖν;</span> <span class='ocrx_word' id='word_1_152' title='bbox 944 2373 981 2451; x_wconf 91' lang='grc' dir='ltr'>τί</span> <span class='ocrx_word' id='word_1_153' title='bbox 1016 2371 1050 2452; x_wconf 81' lang='grc' dir='ltr'>δ’</span> <span class='ocrx_word' id='word_1_154' title='bbox 1081 2367 1127 2449; x_wconf 86' lang='grc' dir='ltr'>ἁν</span> <span class='ocrx_word' id='word_1_155' title='bbox 1163 2365 1334 2465; x_wconf 87' lang='grc' dir='ltr'>βούλοιτο</span> 
     </span>
     <span class='ocr_line' id='line_1_18' title="bbox 133 2490 1367 2605; baseline 0.002 -31"><span class='ocrx_word' id='word_1_156' title='bbox 133 2498 387 2594; x_wconf 80' lang='grc' dir='ltr'>κατασημήναι</span> <span class='ocrx_word' id='word_1_157' title='bbox 420 2493 539 2596; x_wconf 90' lang='grc' dir='ltr'>λέγων</span> <span class='ocrx_word' id='word_1_158' title='bbox 568 2496 588 2574; x_wconf 88' lang='grc' dir='ltr'><strong>ὁ</strong></span> <span class='ocrx_word' id='word_1_159' title='bbox 619 2494 752 2598; x_wconf 84' lang='grc' dir='ltr'>Κύριος</span> <span class='ocrx_word' id='word_1_160' title='bbox 779 2493 890 2576; x_wconf 76' lang='grc' dir='ltr'>Οὔπω</span> <span class='ocrx_word' id='word_1_161' title='bbox 919 2493 989 2605; x_wconf 82' lang='grc' dir='ltr'>γῖιρ</span> <span class='ocrx_word' id='word_1_162' title='bbox 1016 2491 1225 2589; x_wconf 72' lang='grc' dir='ltr'>ἀναβέβηκα</span> <span class='ocrx_word' id='word_1_163' title='bbox 1252 2490 1367 2599; x_wconf 72' lang='grc' dir='ltr'>πρδςο</span> 
     </span>
     <span class='ocr_line' id='line_1_19' title="bbox 132 2613 1333 2725; baseline -0.003 -27"><span class='ocrx_word' id='word_1_164' title='bbox 132 2619 186 2698; x_wconf 73' lang='grc' dir='ltr'>τὶν</span> <span class='ocrx_word' id='word_1_165' title='bbox 225 2617 376 2725; x_wconf 82' lang='grc' dir='ltr'>Πατέρα,</span> <span class='ocrx_word' id='word_1_166' title='bbox 409 2615 642 2698; x_wconf 75' lang='grc' dir='ltr'>διασκεπτέον</span> <span class='ocrx_word' id='word_1_167' title='bbox 676 2617 746 2718; x_wconf 84' lang='grc' dir='ltr'>ἤδη</span> <span class='ocrx_word' id='word_1_168' title='bbox 778 2615 870 2697; x_wconf 85' lang='grc' dir='ltr'>κατά</span> <span class='ocrx_word' id='word_1_169' title='bbox 906 2652 949 2720; x_wconf 94' lang='grc' dir='ltr'>γε</span> <span class='ocrx_word' id='word_1_170' title='bbox 981 2614 1024 2698; x_wconf 81' lang='grc' dir='ltr'>τὸ</span> <span class='ocrx_word' id='word_1_171' title='bbox 1061 2617 1145 2716; x_wconf 84' lang='grc' dir='ltr'>ἡμῖν</span> <span class='ocrx_word' id='word_1_172' title='bbox 1175 2613 1333 2720; x_wconf 82' lang='grc' dir='ltr'>ἐφικτόν.</span> 
     </span>
     <span class='ocr_line' id='line_1_20' title="bbox 133 2735 1333 2848; baseline -0.002 -28"><span class='ocrx_word' id='word_1_173' title='bbox 133 2739 255 2848; x_wconf 77' lang='grc' dir='ltr'>φαμὲν</span> <span class='ocrx_word' id='word_1_174' title='bbox 272 2740 401 2839; x_wconf 83' lang='grc' dir='ltr'>τοίνυν,</span> <span class='ocrx_word' id='word_1_175' title='bbox 421 2739 475 2821; x_wconf 81' lang='grc' dir='ltr'>ὅτι</span> <span class='ocrx_word' id='word_1_176' title='bbox 502 2744 566 2842; x_wconf 77' lang='grc' dir='ltr'>τῆς</span> <span class='ocrx_word' id='word_1_177' title='bbox 593 2749 659 2820; x_wconf 84' lang='grc' dir='ltr'>τοῦ</span> <span class='ocrx_word' id='word_1_178' title='bbox 677 2743 846 2843; x_wconf 82' lang='grc' dir='ltr'>Σωτῆρος</span> <span class='ocrx_word' id='word_1_179' title='bbox 871 2739 973 2840; x_wconf 83' lang='grc' dir='ltr'>ἡμῶν</span> <span class='ocrx_word' id='word_1_180' title='bbox 990 2739 1176 2838; x_wconf 81' lang='grc' dir='ltr'>ἐπιδημίας</span> <span class='ocrx_word' id='word_1_181' title='bbox 1193 2774 1216 2839; x_wconf 93' lang='grc' dir='ltr'>η</span> <span class='ocrx_word' id='word_1_182' title='bbox 1238 2735 1333 2840; x_wconf 90' lang='grc' dir='ltr'>πρό-</span> 
     </span>
     <span class='ocr_line' id='line_1_21' title="bbox 82 2861 1337 2971; baseline 0.001 -31"><span class='ocrx_word' id='word_1_183' title='bbox 82 2901 120 2941; x_wconf 81' lang='lat'>20</span> <span class='ocrx_word' id='word_1_184' title='bbox 134 2870 252 2971; x_wconf 89' lang='grc' dir='ltr'>φασις</span> <span class='ocrx_word' id='word_1_185' title='bbox 277 2863 403 2965; x_wconf 82' lang='grc' dir='ltr'>πολλή</span> <span class='ocrx_word' id='word_1_186' title='bbox 430 2863 497 2965; x_wconf 84' lang='grc' dir='ltr'>μέν</span> <span class='ocrx_word' id='word_1_187' title='bbox 514 2898 569 2947; x_wconf 91' lang='grc' dir='ltr'>τις</span> <span class='ocrx_word' id='word_1_188' title='bbox 595 2865 674 2944; x_wconf 78' lang='grc' dir='ltr'>ἐστὶ</span> <span class='ocrx_word' id='word_1_189' title='bbox 700 2866 758 2944; x_wconf 78' lang='grc' dir='ltr'>καὶ</span> <span class='ocrx_word' id='word_1_190' title='bbox 784 2861 968 2970; x_wconf 83' lang='grc' dir='ltr'>διάφορος,</span> <span class='ocrx_word' id='word_1_191' title='bbox 995 2864 1060 2963; x_wconf 92' lang='grc' dir='ltr'>μία</span> <span class='ocrx_word' id='word_1_192' title='bbox 1090 2862 1128 2942; x_wconf 78' lang='grc' dir='ltr'>δὲ</span> <span class='ocrx_word' id='word_1_193' title='bbox 1158 2863 1249 2962; x_wconf 80' lang='grc' dir='ltr'>αὕτη</span> <span class='ocrx_word' id='word_1_194' title='bbox 1278 2863 1337 2942; x_wconf 76' lang='grc' dir='ltr'>καὶ</span> 
     </span>
     <span class='ocr_line' id='line_1_22' title="bbox 132 2985 1505 3122; baseline -0.001 -55"><span class='ocrx_word' id='word_1_195' title='bbox 132 2986 409 3091; x_wconf 78' lang='grc' dir='ltr'>ἀναγκαιοτάτη,</span> <span class='ocrx_word' id='word_1_196' title='bbox 429 2991 487 3069; x_wconf 76' lang='grc' dir='ltr'>καὶ</span> <span class='ocrx_word' id='word_1_197' title='bbox 505 2985 564 3067; x_wconf 88' lang='grc' dir='ltr'>διὰ</span> <span class='ocrx_word' id='word_1_198' title='bbox 581 2991 645 3088; x_wconf 79' lang='grc' dir='ltr'>τῆς</span> <span class='ocrx_word' id='word_1_199' title='bbox 667 2989 776 3069; x_wconf 82' lang='grc' dir='ltr'>αὐτοῦ</span> <span class='ocrx_word' id='word_1_200' title='bbox 793 2992 1076 3094; x_wconf 85' lang='grc' dir='ltr'>παραδειχθεῖσα</span> <span class='ocrx_word' id='word_1_201' title='bbox 1094 2991 1218 3095; x_wconf 79' lang='grc' dir='ltr'>φωνῆς</span> <span class='ocrx_word' id='word_1_202' title='bbox 1236 2996 1258 3033; x_wconf 90' lang='lat'>“</span> <span class='ocrx_word' id='word_1_203' title='bbox 1277 2986 1337 3066; x_wconf 84' lang='grc' dir='ltr'>Ού</span> <span class='ocrx_word' id='word_1_204' title='bbox 1381 3005 1505 3122; x_wconf 49' lang='lat' dir='ltr'>i{Mlath-</span> 
     </span>
     <span class='ocr_line' id='line_1_23' title="bbox 135 3085 1470 3217; baseline -0.003 -26"><span class='ocrx_word' id='word_1_205' title='bbox 135 3121 157 3158; x_wconf 91' lang='lat'>“</span> <span class='ocrx_word' id='word_1_206' title='bbox 174 3110 249 3216; x_wconf 90' lang='grc' dir='ltr'>γὰρ</span> <span class='ocrx_word' id='word_1_207' title='bbox 264 3109 381 3212; x_wconf 86' lang='grc' dir='ltr'>ἦλθον</span> <span class='ocrx_word' id='word_1_208' title='bbox 399 3110 553 3192; x_wconf 83' lang='grc' dir='ltr'>καλέσαι</span> <span class='ocrx_word' id='word_1_209' title='bbox 575 3111 740 3211; x_wconf 85' lang='grc' dir='ltr'>δικαίους,</span> <span class='ocrx_word' id='word_1_210' title='bbox 768 3109 868 3191; x_wconf 87' lang='grc' dir='ltr'>άλλὰ</span> <span class='ocrx_word' id='word_1_211' title='bbox 895 3110 1131 3217; x_wconf 79' lang='grc' dir='ltr'>ἁμαρτωλούς</span> <span class='ocrx_word' id='word_1_212' title='bbox 1158 3115 1206 3194; x_wconf 84' lang='grc' dir='ltr'>είς</span> <span class='ocrx_word' id='word_1_213' title='bbox 1224 3109 1334 3209; x_wconf 88' lang='grc' dir='ltr'>μετὰ-</span> <span class='ocrx_word' id='word_1_214' title='bbox 1411 3105 1418 3122; x_wconf 78' lang='grc'><strong>’</strong></span> <span class='ocrx_word' id='word_1_215' title='bbox 1445 3085 1470 3135; x_wconf 64' lang='lat'>³⁹</span> 
     </span>
     <span class='ocr_line' id='line_1_24' title="bbox 134 3237 312 3316; baseline 0 -34"><span class='ocrx_word' id='word_1_216' title='bbox 134 3246 157 3282; x_wconf 86' lang='grc' dir='ltr'>ιι</span> <span class='ocrx_word' id='word_1_217' title='bbox 175 3237 312 3316; x_wconf 56' lang='lat' dir='ltr'>„om”</span> 
     </span>
     <span class='ocr_line' id='line_1_25' title="bbox 193 3356 1339 3463; baseline -0.001 -25"><span class='ocrx_word' id='word_1_218' title='bbox 193 3356 278 3462; x_wconf 80' lang='grc' dir='ltr'>Πρὸ</span> <span class='ocrx_word' id='word_1_219' title='bbox 308 3358 428 3439; x_wconf 88' lang='grc' dir='ltr'>τοίνυν</span> <span class='ocrx_word' id='word_1_220' title='bbox 457 3366 523 3439; x_wconf 84' lang='grc' dir='ltr'>τοῦ</span> <span class='ocrx_word' id='word_1_221' title='bbox 553 3360 735 3463; x_wconf 84' lang='grc' dir='ltr'>σωτηρίου</span> <span class='ocrx_word' id='word_1_222' title='bbox 764 3366 925 3462; x_wconf 86' lang='grc' dir='ltr'>σταυροῦ</span> <span class='ocrx_word' id='word_1_223' title='bbox 955 3359 1013 3438; x_wconf 80' lang='grc' dir='ltr'>καὶ</span> <span class='ocrx_word' id='word_1_224' title='bbox 1041 3362 1105 3459; x_wconf 77' lang='grc' dir='ltr'>τῆς</span> <span class='ocrx_word' id='word_1_225' title='bbox 1137 3359 1176 3438; x_wconf 85' lang='grc' dir='ltr'>έκ</span> <span class='ocrx_word' id='word_1_226' title='bbox 1205 3364 1339 3462; x_wconf 81' lang='grc' dir='ltr'>νεκρῶν</span> 
     </span>
     <span class='ocr_line' id='line_1_26' title="bbox 82 3478 1339 3589; baseline 0.004 -30"><span class='ocrx_word' id='word_1_227' title='bbox 82 3517 120 3578; x_wconf 82' lang='lat'>²5</span> <span class='ocrx_word' id='word_1_228' title='bbox 134 3480 383 3581; x_wconf 84' lang='grc' dir='ltr'>ἀναστάσεως,</span> <span class='ocrx_word' id='word_1_229' title='bbox 403 3483 502 3563; x_wconf 79' lang='grc' dir='ltr'>οὔπω</span> <span class='ocrx_word' id='word_1_230' title='bbox 520 3487 583 3582; x_wconf 77' lang='grc' dir='ltr'>τῆς</span> <span class='ocrx_word' id='word_1_231' title='bbox 602 3484 686 3562; x_wconf 89' lang='grc' dir='ltr'>καθ’</span> <span class='ocrx_word' id='word_1_232' title='bbox 702 3483 794 3582; x_wconf 83' lang='grc' dir='ltr'>ἡμᾶς</span> <span class='ocrx_word' id='word_1_233' title='bbox 813 3483 1012 3582; x_wconf 80' lang='grc' dir='ltr'>οἰκονομίας</span> <span class='ocrx_word' id='word_1_234' title='bbox 1030 3478 1073 3562; x_wconf 79' lang='grc' dir='ltr'>τὸ</span> <span class='ocrx_word' id='word_1_235' title='bbox 1091 3483 1181 3589; x_wconf 81' lang='grc' dir='ltr'>αὐτῇ</span> <span class='ocrx_word' id='word_1_236' title='bbox 1199 3483 1339 3587; x_wconf 76' lang='grc' dir='ltr'>πρέπον</span> 
     </span>
     <span class='ocr_line' id='line_1_27' title="bbox 134 3605 1508 3709; baseline -0.004 -22"><span class='ocrx_word' id='word_1_237' title='bbox 134 3605 328 3706; x_wconf 86' lang='grc' dir='ltr'>λαβούσης</span> <span class='ocrx_word' id='word_1_238' title='bbox 342 3606 457 3704; x_wconf 88' lang='grc' dir='ltr'>τέλος,</span> <span class='ocrx_word' id='word_1_239' title='bbox 471 3607 615 3690; x_wconf 88' lang='grc' dir='ltr'>δικαίοις</span> <span class='ocrx_word' id='word_1_240' title='bbox 628 3639 668 3686; x_wconf 91' lang='grc' dir='ltr'>τε</span> <span class='ocrx_word' id='word_1_241' title='bbox 682 3606 740 3685; x_wconf 86' lang='grc' dir='ltr'>καὶ</span> <span class='ocrx_word' id='word_1_242' title='bbox 758 3607 891 3691; x_wconf 87' lang='grc' dir='ltr'>ἀδίκοις</span> <span class='ocrx_word' id='word_1_243' title='bbox 909 3606 1136 3709; x_wconf 87' lang='grc' dir='ltr'>έπεμίσγετο,</span> <span class='ocrx_word' id='word_1_244' title='bbox 1150 3608 1207 3687; x_wconf 80' lang='grc' dir='ltr'>καὶ</span> <span class='ocrx_word' id='word_1_245' title='bbox 1226 3605 1339 3708; x_wconf 89' lang='grc' dir='ltr'>σννή-</span> <span class='ocrx_word' id='word_1_246' title='bbox 1351 3625 1508 3684; x_wconf 67' lang='lat' dir='ltr'>olom</span> 
     </span>
     <span class='ocr_line' id='line_1_28' title="bbox 133 3726 1340 3834; baseline 0.002 -24"><span class='ocrx_word' id='word_1_247' title='bbox 133 3735 217 3810; x_wconf 89' lang='grc' dir='ltr'>σθιε</span> <span class='ocrx_word' id='word_1_248' title='bbox 250 3728 316 3831; x_wconf 75' lang='grc' dir='ltr'>μέν</span> <span class='ocrx_word' id='word_1_249' title='bbox 344 3729 515 3814; x_wconf 83' lang='grc' dir='ltr'>τελώναις</span> <span class='ocrx_word' id='word_1_250' title='bbox 544 3731 603 3809; x_wconf 82' lang='grc' dir='ltr'>καὶ</span> <span class='ocrx_word' id='word_1_251' title='bbox 634 3731 870 3833; x_wconf 82' lang='grc' dir='ltr'>ἁμαρτωλοῖς,</span> <span class='ocrx_word' id='word_1_252' title='bbox 898 3726 1082 3834; x_wconf 82' lang='grc' dir='ltr'>ἐλευθέραν</span> <span class='ocrx_word' id='word_1_253' title='bbox 1113 3727 1151 3810; x_wconf 78' lang='grc' dir='ltr'>δὲ</span> <span class='ocrx_word' id='word_1_254' title='bbox 1180 3733 1238 3810; x_wconf 80' lang='grc' dir='ltr'>καὶ</span> <span class='ocrx_word' id='word_1_255' title='bbox 1265 3737 1340 3815; x_wconf 89' lang='grc' dir='ltr'>τοῖς</span> 
     </span>
     <span class='ocr_line' id='line_1_29' title="bbox 134 3849 1335 3958; baseline -0.002 -24"><span class='ocrx_word' id='word_1_256' title='bbox 134 3853 325 3935; x_wconf 83' lang='grc' dir='ltr'>ἐθέλουσιν</span> <span class='ocrx_word' id='word_1_257' title='bbox 342 3851 522 3934; x_wconf 88' lang='grc' dir='ltr'>ἁπτεσθαι</span> <span class='ocrx_word' id='word_1_258' title='bbox 538 3857 602 3953; x_wconf 83' lang='grc' dir='ltr'>τῆς</span> <span class='ocrx_word' id='word_1_259' title='bbox 620 3853 725 3956; x_wconf 80' lang='grc' dir='ltr'>ἁγίας</span> <span class='ocrx_word' id='word_1_260' title='bbox 748 3849 885 3956; x_wconf 81' lang='grc' dir='ltr'>σαρκὸς</span> <span class='ocrx_word' id='word_1_261' title='bbox 907 3855 1023 3933; x_wconf 84' lang='grc' dir='ltr'>ἐδίδου</span> <span class='ocrx_word' id='word_1_262' title='bbox 1048 3851 1114 3954; x_wconf 82' lang='grc' dir='ltr'>τήν</span> <span class='ocrx_word' id='word_1_263' title='bbox 1135 3853 1335 3958; x_wconf 89' lang='grc' dir='ltr'>πρόσοδον,</span> 
     </span>
     <span class='ocr_line' id='line_1_30' title="bbox 134 3974 1337 4082; baseline 0.002 -23"><span class='ocrx_word' id='word_1_264' title='bbox 134 3980 194 4059; x_wconf 79' lang='grc' dir='ltr'>’ίνα</span> <span class='ocrx_word' id='word_1_265' title='bbox 210 3977 349 4062; x_wconf 82' lang='grc' dir='ltr'>πάντας</span> <span class='ocrx_word' id='word_1_266' title='bbox 367 3974 504 4082; x_wconf 81' lang='grc' dir='ltr'>ἁγιάσῃ</span> <span class='ocrx_word' id='word_1_267' title='bbox 524 3978 583 4057; x_wconf 79' lang='grc' dir='ltr'>καὶ</span> <span class='ocrx_word' id='word_1_268' title='bbox 601 3975 740 4082; x_wconf 84' lang='grc' dir='ltr'>καλέσῃ</span> <span class='ocrx_word' id='word_1_269' title='bbox 759 3974 849 4081; x_wconf 81' lang='grc' dir='ltr'>πρὸς</span> <span class='ocrx_word' id='word_1_270' title='bbox 868 3978 1064 4080; x_wconf 82' lang='grc' dir='ltr'>ἐπίγνωσιν</span> <span class='ocrx_word' id='word_1_271' title='bbox 1082 3981 1145 4077; x_wconf 81' lang='grc' dir='ltr'>τῆς</span> <span class='ocrx_word' id='word_1_272' title='bbox 1159 3977 1337 4077; x_wconf 82' lang='grc' dir='ltr'>ἀληθείας,</span> 
     </span>
     <span class='ocr_line' id='line_1_31' title="bbox 82 4097 1337 4207; baseline -0.006 -20"><span class='ocrx_word' id='word_1_273' title='bbox 82 4146 122 4204; x_wconf 78' lang='lat'>30</span> <span class='ocrx_word' id='word_1_274' title='bbox 136 4104 195 4183; x_wconf 78' lang='grc' dir='ltr'>καὶ</span> <span class='ocrx_word' id='word_1_275' title='bbox 222 4102 427 4207; x_wconf 85' lang='grc' dir='ltr'>ἁναιιομίσῃ</span> <span class='ocrx_word' id='word_1_276' title='bbox 454 4099 545 4204; x_wconf 85' lang='grc' dir='ltr'>πρὸς</span> <span class='ocrx_word' id='word_1_277' title='bbox 572 4099 648 4206; x_wconf 81' lang='grc' dir='ltr'>ἕξιν</span> <span class='ocrx_word' id='word_1_278' title='bbox 670 4098 737 4199; x_wconf 81' lang='grc' dir='ltr'>τήν</span> <span class='ocrx_word' id='word_1_279' title='bbox 753 4101 836 4203; x_wconf 81' lang='grc' dir='ltr'>ὑγιᾶ</span> <span class='ocrx_word' id='word_1_280' title='bbox 863 4097 945 4184; x_wconf 81' lang='grc' dir='ltr'>τούς</span> <span class='ocrx_word' id='word_1_281' title='bbox 973 4098 1261 4204; x_wconf 85' lang='grc' dir='ltr'>ἠῤῥωστηκὸτας,</span> <span class='ocrx_word' id='word_1_282' title='bbox 1279 4101 1337 4180; x_wconf 80' lang='grc' dir='ltr'>καὶ</span> 
     </span>
     <span class='ocr_line' id='line_1_32' title="bbox 135 4220 1338 4334; baseline -0.003 -28"><span class='ocrx_word' id='word_1_283' title='bbox 135 4233 210 4312; x_wconf 88' lang='grc' dir='ltr'>τοῖς</span> <span class='ocrx_word' id='word_1_284' title='bbox 228 4225 273 4334; x_wconf 79' lang='grc' dir='ltr'>ἐξ</span> <span class='ocrx_word' id='word_1_285' title='bbox 292 4226 475 4329; x_wconf 80' lang='grc' dir='ltr'>ἁμαρτιῶν</span> <span class='ocrx_word' id='word_1_286' title='bbox 493 4223 811 4327; x_wconf 88' lang='grc' dir='ltr'>συντετριμμένους</span> <span class='ocrx_word' id='word_1_287' title='bbox 837 4221 1033 4324; x_wconf 81' lang='grc' dir='ltr'>νοσήμασι.</span> <span class='ocrx_word' id='word_1_288' title='bbox 1070 4220 1252 4327; x_wconf 88' lang='grc' dir='ltr'>τοιγάρτοι</span> <span class='ocrx_word' id='word_1_289' title='bbox 1279 4224 1338 4303; x_wconf 77' lang='grc' dir='ltr'>καὶ</span> 
     </span>
     <span class='ocr_line' id='line_1_33' title="bbox 135 4345 1478 4490; baseline -0.004 -58"><span class='ocrx_word' id='word_1_290' title='bbox 135 4351 206 4460; x_wconf 77' lang='grc' dir='ltr'>ἔφη</span> <span class='ocrx_word' id='word_1_291' title='bbox 224 4348 339 4432; x_wconf 87' lang='grc' dir='ltr'>πάλιν</span> <span class='ocrx_word' id='word_1_292' title='bbox 355 4349 473 4432; x_wconf 83' lang='grc' dir='ltr'>αὐτοῖς</span> <span class='ocrx_word' id='word_1_293' title='bbox 495 4357 517 4395; x_wconf 89' lang='grc'><strong>“</strong></span> <span class='ocrx_word' id='word_1_294' title='bbox 536 4348 594 4427; x_wconf 85' lang='grc' dir='ltr'>Ού</span> <span class='ocrx_word' id='word_1_295' title='bbox 616 4347 738 4452; x_wconf 88' lang='grc' dir='ltr'>χρείαν</span> <span class='ocrx_word' id='word_1_296' title='bbox 757 4345 901 4452; x_wconf 79' lang='grc' dir='ltr'>ἔχουσιν</span> <span class='ocrx_word' id='word_1_297' title='bbox 919 4351 952 4428; x_wconf 82' lang='grc' dir='ltr'>οἱ</span> <span class='ocrx_word' id='word_1_298' title='bbox 971 4347 1184 4450; x_wconf 83' lang='grc' dir='ltr'>ὑγιαίνοντες</span> <span class='ocrx_word' id='word_1_299' title='bbox 1203 4351 1335 4450; x_wconf 84' lang='grc' dir='ltr'>ίατροῦ,</span> <span class='ocrx_word' id='word_1_300' title='bbox 1382 4359 1478 4490; x_wconf 48' lang='lat'>{³15²</span> 
     </span>
    </p>
   </div>
   <div class='ocr_carea' id='block_1_3' title="bbox 137 4515 1336 4663">
    <p class='ocr_par' dir='ltr' id='par_1_3' title="bbox 137 4515 1336 4663">
     <span class='ocr_line' id='line_1_34' title="bbox 172 4515 1336 4590; baseline -0.004 -13"><span class='ocrx_word' id='word_1_301' title='bbox 172 4537 216 4577; x_wconf 81' lang='lat'>20.</span> <span class='ocrx_word' id='word_1_302' title='bbox 235 4518 299 4588; x_wconf 83' lang='grc' dir='ltr'>αιίτη</span> <span class='ocrx_word' id='word_1_303' title='bbox 324 4519 370 4574; x_wconf 78' lang='grc' dir='ltr'>ἁτε</span> <span class='ocrx_word' id='word_1_304' title='bbox 382 4519 416 4575; x_wconf 82' lang='grc' dir='ltr'>Ε,</span> <span class='ocrx_word' id='word_1_305' title='bbox 605 4516 649 4572; x_wconf 81' lang='lat'>26.</span> <span class='ocrx_word' id='word_1_306' title='bbox 668 4517 823 4590; x_wconf 77' lang='grc' dir='ltr'>έπεμίσγετε</span> <span class='ocrx_word' id='word_1_307' title='bbox 836 4517 869 4573; x_wconf 84' lang='grc' dir='ltr'>Ε.</span> <span class='ocrx_word' id='word_1_308' title='bbox 1065 4529 1108 4590; x_wconf 78' lang='lat'>27.</span> <span class='ocrx_word' id='word_1_309' title='bbox 1126 4517 1290 4588; x_wconf 80' lang='grc' dir='ltr'>ἁμαρτολαῦ</span> <span class='ocrx_word' id='word_1_310' title='bbox 1304 4515 1336 4572; x_wconf 81' lang='grc' dir='ltr'>Ε.</span> 
     </span>
     <span class='ocr_line' id='line_1_35' title="bbox 137 4587 946 4663; baseline -0.006 -16"><span class='ocrx_word' id='word_1_311' title='bbox 137 4592 181 4646; x_wconf 83' lang='lat'>28.</span> <span class='ocrx_word' id='word_1_312' title='bbox 198 4592 293 4663; x_wconf 76' lang='grc' dir='ltr'>πρόσω</span> <span class='ocrx_word' id='word_1_313' title='bbox 352 4590 386 4645; x_wconf 81' lang='grc' dir='ltr'>Ε.</span> <span class='ocrx_word' id='word_1_314' title='bbox 572 4604 615 4660; x_wconf 86' lang='lat'>29.</span> <span class='ocrx_word' id='word_1_315' title='bbox 633 4588 729 4662; x_wconf 78' lang='grc' dir='ltr'>ἁγιάσῃ</span> <span class='ocrx_word' id='word_1_316' title='bbox 742 4589 783 4644; x_wconf 78' lang='grc' dir='ltr'>καὶ</span> <span class='ocrx_word' id='word_1_317' title='bbox 795 4587 901 4645; x_wconf 85' lang='grc' dir='ltr'>καλίσει</span> <span class='ocrx_word' id='word_1_318' title='bbox 913 4587 946 4644; x_wconf 85' lang='grc' dir='ltr'>Ε.</span> 
     </span>
    </p>
   </div>
   <div class='ocr_carea' id='block_1_4' title="bbox 0 0 1661 5130">
    <p class='ocr_par' dir='ltr' id='par_1_4' title="bbox 0 0 1661 5130">
     <span class='ocr_line' id='line_1_36' title="bbox 0 0 1661 5130; baseline 0 0"><span class='ocrx_word' id='word_1_319' title='bbox 0 0 1661 5130; x_wconf 95' lang='lat' dir='ltr'> </span> 
     </span>
    </p>
   </div>
  </div>
 </body>
</html>
