3280 5142
124 357 333 447 xvii.22‚23.
369 361 427 425 IN
457 361 490 426 S.
515 361 773 427 JOANNEM.
813 361 909 427 LIB.
933 361 994 426 XI.
1033 360 1135 426 CAP.
1158 359 1238 429 XII.
1305 361 1326 424 8

123 557 233 622 τητος
253 525 354 623 ἡμῶν
371 530 435 626 τῆς
452 527 544 632 πρὸς
563 527 659 609 Θεὸν
676 530 734 609 καὶ
749 528 895 630 Πατέρα
914 526 1135 632 διαφαίνεται
1154 524 1327 630 Χριστὸς,

125 648 253 730 ἑαυτοῦ
275 649 341 750 μέν
358 652 450 753 ἡμᾶς
474 652 677 760 ἐξαρτήσας
702 656 750 737 ὡς
776 653 975 756 ἅνθρωπος,
995 655 1079 757 Θεῷ
1105 647 1143 729 δὲ
1167 653 1214 736 ὡς
1234 645 1339 732 Θεὸς.

125 770 337 878 ε’νιατάρχων
356 782 519 883 φυσικῶς
542 785 594 886 τῷ
618 780 694 886 ίδίιρ
717 777 913 880 γεννήτορι.
950 773 995 876 ἦν
1016 771 1089 876 γὰρ
1113 773 1180 878 οῦχ
1203 770 1327 877 ἑτέρως

125 896 315 998 ἀναπηδᾶν
347 901 523 983 δύνασθαι
559 902 650 1006 πρὸς
687 902 898 1008 ἀφθαρσίαν
926 898 992 1000 τὴν
1022 897 1252 998 ὑποκειμένην
1281 902 1327 1002 τῇ

92 1025 251 1130 5φθορᾷ
288 1022 414 1132 φύσιν,
450 1032 480 1106 εί
516 1023 567 1126 μὴ
605 1025 851 1127 καταβέβηκεν
887 1027 940 1106 ἐπ’
980 1022 1091 1124 αὐτὴν
1127 1024 1149 1123 ἡ
1186 1027 1326 1130 φθορᾶς

125 1143 274 1248 ἁπάσης
309 1152 368 1229 καὶ
402 1155 646 1254 παραλλαγῆς
678 1152 843 1254 ἀνωτέρω
879 1147 1001 1254 φιίσις,
1037 1144 1326 1254 ἀνακουφίζὸυσα

125 1267 262 1416 τρόπον
281 1271 362 1353 τινά
384 1272 476 1376 πρὸς
500 1273 542 1354 τὸ
568 1274 657 1354 ’ίδιον
679 1273 827 1422 ἀγαθὸν
839 1270 882 1352 τὸ
907 1271 1004 1353 κάτω
1028 1273 1162 1354 τίπτον
1180 1273 1246 1370 ἀεὶ,
1267 1270 1358 1352 καὶῑ)

124 1398 172 1498 τῇ
204 1397 370 1476 κοινωνία
402 1431 459 1477 και
490 1398 652 1506 ἀναμίξει
684 1404 730 1504 τῇ
761 1397 853 1501 πρὸς
885 1395 1013 1497 εαυτὴν
1046 1395 1236 1500 μονονουχὶ
1268 1426 1326 1474 και

125 1517 221 1622 ὅρων
257 1518 459 1626 ἐξέλκουσα
500 1528 573 1602 τῶν
610 1528 655 1628 τῇ
692 1528 824 1628 γενητῇ
863 1520 973 1628 φύσει
1009 1516 1325 1676 πρεπωδεστέρων,

74 1681 113 1724 ιο
126 1643 412 1725 ἀναπλόττουσοί
451 1680 490 1726 τε
528 1645 620 1752 πρὸς
656 1645 783 1746 ἑαυτὴν
819 1643 861 1726 τὸ
902 1646 969 1749 οῦχ
1005 1677 1117 1728 ουτως
1161 1641 1243 1793 ἕχον
1285 1639 1329 1746 ἐξ

124 1765 264 1847 εαυτοῦ.
306 1768 559 1869 τετελειιόμεθα
590 1778 780 1873 τοιγαροῦν
810 1775 857 1853 είς
887 1768 1035 1870 ἑνότητα
1064 1765 1131 1866 τὴν
1160 1769 1208 1850 ὡς
1234 1763 1327 1868 πρὸς

126 1886 224 1970 Θεὸν
246 1893 305 1970 καὶ
329 1893 475 1996 Πατέρα
503 1892 561 1974 διὰ
587 1895 737 1993 μεσίτου
762 1899 939 1996 Χριστοῦ.
981 1889 1045 1970 τὸν
1066 1887 1139 1993 γὰρ
1158 1887 1267 1998 φύσει
1287 1922 1326 1968 τε

125 2015 184 2092 καὶ
207 2014 353 2114 ἀληθῶς
375 2015 475 2114 Υίὸν,
504 2013 776 2121 οῦσιιόδηπρὸς
801 2013 909 2096 αὐτὸν
934 2015 1064 2120 ἔχοντα
1091 2011 1158 2114 τὴν
1185 2012 1325 2110 ἕνωσιν,

123 2137 302 2232 λαβόντες
328 2141 366 2219 ἐν
384 2141 519 2225 ἑαυτοῖς
541 2145 600 2222 καὶ
621 2145 837 2242 σωματικῶς
859 2144 916 2219 καὶ
938 2143 1193 2237 πνευματικῶς,
1210 2136 1323 2218 καθά·

74 2293 111 2356 15
124 2295 195 2366 περ
226 2259 354 2367 ἔλεγον
385 2264 524 2368 ἀρτίας,
556 2269 620 2364 τῆς
649 2264 738 2368 ὑπὲρ
768 2263 887 2345 πάντα
916 2262 1061 2368 φύσεως
1087 2260 1233 2367 μέτοχοι
1265 2262 1324 2342 καὶ

123 2390 285 2467 κοινωνοὶ
312 2388 496 2491 γεγονότες
519 2389 778 2497 δεδοξασμεθο.
1335 2423 1353 2468 ο

181 2515 459 2619 Παραδεχθῆναι
486 2512 599 2617 γεμὴν
618 2519 667 2598 είς
691 2514 821 2595 ἕνωσιν
839 2513 932 2614 ἡμᾶς
957 2511 1023 2612 τὴν
1042 2515 1090 2596 ὡς
1114 2507 1205 2614 πρὸς
1227 2506 1324 2589 Θεὸν

125 2639 183 2716 καὶ
203 2636 349 2740 Πατέρα
368 2638 540 2731 βούλεται
557 2639 731 2742 Χριστὸς,
750 2641 840 2739 ὁμοῦ
866 2641 924 2718 καὶ
948 2635 1014 2736 τὴν
1032 2639 1071 2716 έκ
1095 2643 1160 2715 τοῦ
1179 2631 1324 2736 Πατρὸς

124 2759 253 2861 όιησιν
271 2763 314 2840 δι’
332 2763 458 2844 ἑαυτοῦ
476 2770 521 2867 τῇ
539 2762 651 2870 φύσει
667 2763 864 2869 προξενῶν,
884 2763 941 2840 καὶ
959 2759 1026 2860 τὴν
1042 2759 1081 2839 έκ
1098 2762 1162 2855 τῆς
1178 2755 1325 2861 χάριτος

73 2924 112 2966 20
125 2883 275 2982 δύναμιν
297 2882 452 2991 έλεγχον
476 2884 598 2989 ὥσπερ
626 2885 704 2967 τινὰ
733 2889 888 2992 διαφανῆ
917 2881 1178 2984 συμβήσεσθαι
1205 2878 1323 2982 λέγων

124 3014 198 3088 τιῦν
221 3009 393 3111 οἰομένων
416 3009 524 3091 αι’ντὸν
551 3012 614 3090 οῦκ
641 3007 730 3090 εἶναι
757 3007 858 3114 παρὰ
883 3014 988 3090 Θεοῦ.
1026 3015 1130 3088 τοῖον
1153 3003 1274 3109 γὰρὲ
1311 3040 1324 3083 ι

123 3130 280 3235 τόπονῆ
306 3135 429 3240 χώραν
447 3135 498 3216 ἔτι
524 3139 588 3234 τῆς
613 3137 669 3215 ἐπὶ
697 3133 813 3244 τοῦτιρ
837 3133 1082 3240 συκοφαντίας
1109 3133 1129 3210 ό
1154 3127 1274 3232 λόγος,
1294 3133 1322 3208 εί

123 3258 168 3338 δι’
187 3260 314 3338 ἑαυτοῦ
331 3259 421 3361 πρὸς
438 3259 568 3340 ἕνωσιν
586 3258 754 3366 ἀναφέρει
772 3265 823 3366 τῷ
843 3260 961 3360 Πατρὶ
979 3254 1061 3340 τοῦς
1085 3254 1143 3335 διὰ
1168 3255 1323 3335 πίστεως

124 3380 293 3482 δηλονότι
323 3386 382 3463 καὶ
412 3381 554 3485 ἀγάπης
586 3388 794 3486 εἰλικρινοῦς
826 3377 1165 3485 προσοικειωθέντας
1197 3378 1319 3483 αῦτῷ;

74 3527 111 3590 ²5
124 3504 213 3586 ὅταν
234 3506 362 3604 τοίνυν,
388 3503 417 3586 ὦ
446 3506 580 3610 Πάτερ,
600 3504 667 3607 τὴν
689 3505 819 3587 ἕνωσιν
843 3503 1112 3610 ἀποκερδόνωσι
1139 3501 1205 3603 τὴν
1232 3499 1357 3605 τρόςᾶ

123 3663 169 3709 σε
196 3628 241 3708 δι’
270 3631 368 3728 ἐμοῦ,
398 3630 478 3712 τότε
506 3631 685 3732 γνώσεται
712 3629 777 3731 μέν
806 3639 820 3712 ὁ
852 3632 978 3733 κόσμος
1006 3629 1054 3709 ’ότι
1083 3625 1127 3708 τό
1153 3662 1199 3733 με
1226 3623 1320 3705 ιἰπέ·

124 3773 279 3851 στειλας,
298 3757 482 3835 τουτέστιν
499 3756 637 3861 εῦδοκίᾳ
662 3761 713 3861 σῇ
736 3752 931 3855 βοηθήσων
949 3755 1105 3860 ἀφῖγμαι
1122 3757 1167 3855 τῇ
1192 3756 1241 3855 γῇ
1264 3753 1322 3829 καὶ

123 3884 198 3960 τοῖς
215 3879 254 3956 έν
272 3877 361 3982 αι’ττῇ
385 3879 630 3976 πλανωμένοις
652 3877 894 3981 κατορθώσων
911 3874 977 3976 τὴν
995 3874 1191 3976 σωτηρίαν·
1222 3871 1319 3975 γνοί·

123 4033 253 4080 σονται
283 3999 322 4079 δέ
352 4000 443 4104 πρὸς
475 3999 612 4083 τούτοις
643 4000 743 4081 οὐδέν
770 4001 888 4101 ἧττον,
917 4002 1043 4106 φησὶν,
1071 4004 1103 4078 οἱ
1133 4001 1196 4097 τῆς
1229 3998 1322 4075 οὕτω

77 4168 112 4224 30
124 4122 340 4228 τριποθὴτου
381 4121 640 4230 μετεσχηκότες
680 4124 835 4229 χάριτος,
876 4123 940 4202 ότί
972 4122 1161 4224 ἠγάπησας
1203 4117 1322 4206 αὐτοῦς

125 4245 238 4337 ιιιιθάς
264 4245 324 4356 ἐμὲ
346 4247 546 4352 ἦγόπησας.
597 4249 617 4328 ό
645 4246 717 4351 γὰρ
744 4254 792 4332 είς
819 4247 966 4346 ἑνότητα
994 4243 1121 4341 λαβὼν
1148 4240 1212 4322 τὸν
1239 4245 1319 4323 καθ’

162 4423 185 4463 1.
201 4404 283 4498 πρὸς]
301 4411 329 4469 4
345 4407 426 4460 τδνα.
480 4407 658 4477 όΧριστδςο.
885 4419 910 4456 2.
928 4399 1074 4472 ἅνθρωπος]
1092 4405 1120 4466 -Ι-
1135 4399 1321 4490 ἀνθρῶπογςο.

124 4479 149 4532 8.
168 4499 210 4532 και
201 4473 312 4548 prim]
329 4483 357 4541 4
372 4500 403 4548 τη
390 4475 519 4566 Migne.
690 4493 730 4530 11.
734 4473 827 4562 πρὸς]
847 4475 970 4538 -1-τδνα.
1138 4489 1180 4527 12.
1197 4469 1321 4597 μεσίτοέ]

123 4572 165 4692 13ιὶ
155 4565 250 4674 ὦ
237 4617 295 4675 E.
412 4561 454 4620 25.
473 4545 681 4618 ἀποκερδιίνωσι]
695 4568 789 4614 ταυτην
801 4545 981 4615 κερδανωσιο
1145 4544 1187 4598 28.
1206 4563 1275 4614 αυτῳ

696 4705 752 4754 132
