3280 5142
320 325 362 390 16
624 327 662 394 Β.
686 325 897 392 CYRILLI
926 323 1220 391 ALEXANDR.
1384 319 1473 386 xviii.
1487 340 1519 408 3.

317 487 531 589 σκεμμένον,
550 488 663 591 μόνον
691 491 729 574 δέ
756 491 876 594 μόνοις
903 489 1062 573 συνόντα
1088 496 1162 575 τοῖς
1183 491 1309 571 ἑαυτοῦ
1331 490 1520 586 μαθηταῖς,

317 614 377 694 ἵνα
405 619 470 715 τῆς
502 623 565 696 τοῦ
594 612 774 718 προδότου
806 617 953 721 καρδίας
984 612 1199 720 καταστήσῃ
1236 607 1439 716 καταφανὲς
1475 607 1520 689 τὸ
1620 659 1621 676 ι

318 735 460 841 σαθρὸν
479 743 529 825 εἰς
546 739 707 823 σύνεσιν.
745 738 860 822 δεινὸν
878 739 950 844 γὰρ
967 742 1051 820 λίαν
1069 741 1107 819 ἐν
1124 735 1266 845 ἐκάστιρ
1284 732 1327 815 τὸ
1345 732 1520 831 συνειδὸς,
1620 717 1621 810 ἰ

318 865 378 943 καὶ
409 862 585 967 θορύβους
621 865 769 945 ἐντεκεῖν
806 867 865 945 καί
899 861 1029 967 πικράς
1064 866 1337 944 ἀνασκαλεῦσαι
1374 856 1520 956 δειλίας,

319 984 407 1067 ὅταν
433 1019 469 1068 τι
495 994 568 1068 τῶν
596 988 753 1069 ἀνοσίων
778 991 1008 1095 ἐπιχειρῶμεν
1032 986 1113 1069 ἔσθ’
1132 985 1202 1069 ὅτε.
1239 991 1400 1064 τοιοῦτον
1421 978 1524 1080 οἰμαί
1534 1015 1553 1075 5
1621 1021 1622 1044 ι

318 1145 351 1191 τι
379 1111 567 1198 πεπονθὼς
595 1113 615 1193 ὁ
642 1111 831 1216 προδότης,
853 1115 907 1210 τήν
935 1147 974 1194 τε
1003 1118 1142 1223 σπεῖραν
1171 1108 1283 1210 αὐτὴν
1309 1112 1520 1206 πολεμικοῖς
1621 1131 1622 1160 ἰ

320 1233 485 1339 ὀργάνοις
521 1236 788 1342 ἐνηρμοσμένην
825 1240 884 1318 καί
919 1236 1002 1323 τοὺς
1034 1244 1107 1317 τῶν
1138 1235 1320 1317 Ἰουδαίων
1356 1227 1521 1339 ὁπηρῖτας

292 1359 564 1466 οέπικομίζεται,
594 1360 757 1465 καθάπερ
784 1360 865 1442 τινὰ
891 1368 965 1442 τῶν
995 1359 1196 1461 διαβοιίτων
1227 1364 1275 1444 εἰς
1302 1356 1521 1460 κακουργίαν

321 1481 391 1565 ὑπὸ
418 1493 519 1590 χεῖρα
545 1485 769 1594 ληψόμενος.
804 1482 881 1592 ᾔδει
908 1483 990 1591 γάρ,
1014 1489 1062 1572 ὡς
1086 1483 1188 1583 εἰκὸς,
1214 1487 1262 1567 ὡς
1285 1483 1348 1563 οὐκ
1372 1478 1417 1561 ἀν
1441 1481 1522 1560 ἕλοι

318 1609 406 1688 ποτὲ
428 1609 478 1710 μὴ
503 1611 582 1715 ούχί
607 1617 733 1692 παθεῖν
754 1611 941 1716 ᾑρημένον,
960 1611 1059 1694 ἰόντα
1080 1643 1119 1691 τε
1136 1607 1227 1714 πρὸς
1244 1617 1351 1689 τοῦτο
1375 1609 1418 1688 δι’
1436 1609 1517 1687 ἐθε-
1538 1649 1577 1690 ιο
1623 1700 1624 1726 ἢ

320 1733 471 1814 λουσίου
503 1736 629 1838 ῥοπῆς·
670 1736 754 1815 ἀλλ’
787 1737 826 1815 ἐκ
863 1739 927 1837 τῆς
957 1741 1031 1814 τῶν
1063 1732 1252 1838 δρωμένων
1285 1728 1522 1830 ἀνοσιότητος

318 1858 616 1962 παρεφθαρμένος
635 1855 699 1938 τὸν
717 1865 810 1957 νοῦν,
829 1861 889 1939 καί
905 1858 1044 1958 μεθύων
1064 1856 1188 1960 ὥσπερ
1206 1863 1279 1939 τοῖς
1297 1853 1386 1957 ύπέρ
1403 1853 1522 1957 λόγον

318 1979 561 2082 τολμήμασιν,
584 1981 664 2063 ούδέ
692 1983 775 2064 ὅποι
802 1980 890 2065 ποτέ
916 1983 1061 2090 φέρεται
1088 1980 1227 2078 βλέπει,
1250 1983 1308 2060 καί
1335 1979 1522 2078 ἀνηνύτοις

318 2105 505 2210 ἐπιχειρῶν
532 2107 595 2186 οὐκ
625 2104 845 2188 αἰσθάνεται.
886 2103 975 2214 ᾤετο
1002 2105 1074 2210 γάρ
1096 2104 1151 2186 ὅτι
1172 2111 1217 2211 τῇ
1242 2110 1315 2185 τῶν
1337 2104 1521 2202 ἑπομένων
1624 2132 1625 2184 7

317 2228 458 2329 πληθύί
474 2235 533 2311 καί
551 2232 757 2338 ἀνθρωπίνη
774 2233 863 2337 χειρί
881 2235 946 2330 τῆς
964 2232 1059 2316 θείας
1073 2231 1182 2310 αὐτοῦ
1199 2228 1379 2328 δυνάμεως
1396 2227 1518 2332 περιέ·
1538 2269 1574 2329 15

318 2387 405 2434 σται
422 2353 523 2435 ποτέ.
558 2357 617 2434 καί
635 2353 686 2456 μή
704 2389 760 2435 τοι
779 2352 968 2461 θαυμάσῃς
986 2362 1016 2435 εἰ
1039 2360 1141 2435 νοσεῖ
1158 2389 1191 2434 τι
1217 2358 1290 2433 τῶν
1307 2351 1521 2433 τοιούτωνά

152 2476 481 2577 mammatae,
510 2481 568 2558 καί
596 2477 754 2582 γέλωτος
782 2478 867 2587 ἀξια
894 2474 1129 2585 πεφρονηκὼς
1156 2477 1365 2580 εὑρίτκεται.
1410 2476 1521 2584 ἐτέρφ
1625 2563 1626 2590 ¹

317 2599 390 2704 γὰρ
406 2602 474 2702 ἤδη
491 2607 555 2704 τῆς
573 2605 699 2683 ἑαυτοῦ
718 2607 841 2711 ψυχῆς
864 2605 1004 2687 ἀναθεὶς
1029 2599 1112 2686 τοὺς
1136 2601 1258 2686 οἴακας
1276 2603 1334 2680 καί
1351 2635 1522 2682 καταπω-

318 2725 439 2826 λὴσας
456 2734 508 2835 τῷ
530 2725 692 2836 διαβόλῳ
710 2733 784 2808 τῶν
802 2727 900 2807 ἰδίων
919 2725 1132 2828 θελημάτων
1148 2724 1214 2827 τὴν
1232 2725 1412 2833 ἐξουσίαν,
1431 2724 1522 2810 ὅλος
1625 2717 1626 2724 ἰ

317 2845 363 2947 ἦν
380 2854 444 2949 τῆς
463 2852 593 2931 ἐκείνου
609 2850 747 2950 μανίας,
766 2847 1067 2952 εἰσπεπηδηκότος
1085 2847 1188 2958 ἅπαξ
1201 2852 1260 2930 καὶ
1276 2857 1405 2952 πικροῦ
1424 2883 1521 2933 τινος
1537 2899 1577 2940 20

319 2971 436 3078 ὅψεως
461 2974 561 3074 δίκην
587 2973 857 3082 ἐμφωλεύοντος
885 2977 994 3083 αύτῷ.
1035 2972 1293 3074 ἀποθαυμάσαι
1321 2974 1357 3054 δ’
1387 2972 1433 3052 ἀν
1454 3008 1521 3070 τις,

319 3098 378 3175 καί
405 3097 490 3177 λίαν
518 3095 670 3198 εἰκότως,
689 3097 948 3200 ἀκαταλήκτων
974 3134 1012 3180 τε
1041 3097 1203 3203 δακρύων
1221 3098 1327 3206 ἀξίαν
1357 3099 1430 3202 ἐρεῖ
1452 3096 1522 3196 τὴν

320 3228 384 3301 τοῦ
410 3220 589 3326 προδότου
615 3222 859 3306 κατάπτωσιν.
897 3224 917 3304 ὃ
945 3223 1018 3328 γὰρ
1047 3223 1128 3327 άρτι
1158 3221 1442 3320 συνεστιώμενος
1467 3228 1523 3330 τῷ

319 3351 473 3456 Χριστῷ
499 3351 559 3428 καί
587 3346 758 3448 ὀμόσιτος
786 3346 846 3447 ὧν,
864 3345 1040 3452 τραπέζης
1067 3382 1107 3428 τε
1133 3352 1198 3450 τῆς
1225 3347 1330 3450 ἁγίας
1357 3345 1522 3452 με’τοχος,

286 3473 379 3550 1)καί
408 3467 531 3574 λόγων
563 3479 635 3553 τῶν
664 3475 713 3557 εἰς
741 3473 927 3569 εύσέβειαν
957 3470 1244 3556 σνναπολαύσας
1274 3479 1349 3557 τοῖς
1380 3471 1520 3571 ἅλλοις,
1537 3519 1579 3579 ²5

152 3603 290 3721 ξξςηῑὶῑῑ
321 3594 480 3695 ἀκηκοώς
504 3630 543 3676 τε
567 3598 738 3701 λέγοντος
755 3599 912 3701 ἐναργῶς
930 3595 1050 3678 “”Οτι
1068 3594 1116 3682 εἰς
1134 3595 1178 3704 ἐξ
1194 3597 1292 3695 ὑμῶν
1310 3594 1521 3700 παραδώσει

322 3727 344 3764 “
361 3719 437 3817 με,”
466 3718 511 3826 ἐξ
532 3721 661 3819 αὐτῶν,
680 3723 728 3805 ὡς
754 3720 837 3805 ἔπος
862 3727 980 3817 εἰπεῖν,
1003 3726 1076 3800 τῶν
1098 3718 1379 3825 περιτραπεζίων
1404 3719 1519 3828 ἐξάλ-

320 3855 423 3924 λεται
452 3845 591 3950 δίφρων
620 3847 679 3924 καί
708 3849 772 3944 τῆς
801 3843 1048 3928 κατακλίσεως
1078 3844 1160 3948 άρτι
1189 3840 1284 3950 τάχα
1312 3843 1522 3943 διαναστὰς,

319 3970 488 4072 δρομαῖος
515 3966 637 4048 άπεισι
664 3967 927 4071 μισθαρνήσων
949 3967 1204 4066 Ἰουδαίοις,οὐ
1226 3965 1350 4071 λόγων
1373 3975 1446 4050 τῶν
1470 3974 1522 4054 εἰς

320 4093 506 4188 εὐσέβειαν
537 4095 799 4194 διαμεμνῆσθαι
830 4091 1001 4193 θελήσας,
1031 4093 1095 4173 οὐκ
1126 4092 1273 4177 ἐλπίδος
1304 4096 1368 4195 τῆς
1397 4099 1447 4178 εἰς
1475 4093 1521 4175 τὸ
1537 4133 1583 4194 30

320 4214 459 4314 μέλλον
496 4222 547 4303 εἰς
583 4215 772 4317 ἐπιθυμίαν
808 4215 937 4316 ἐλθὼν,
973 4216 1083 4320 ὀλίγα
1120 4215 1158 4298 δὲ
1195 4221 1323 4324 κομιδῇ
1360 4218 1420 4298 καί
1456 4227 1523 4300 τοῦ

360 4504 400 4558 13.
419 4487 550 4556 ἀνηνύτοις
563 4489 595 4546 Ε.
608 4491 735 4560 ἀνηνύτωι
747 4491 800 4552 Ed.
927 4509 969 4563 19.
987 4491 1050 4550 ὅλος
1062 4491 1095 4548 Ε.
1108 4491 1177 4549 ὅλως
1189 4487 1241 4548 Ed.
1369 4507 1412 4548 20.
1431 4493 1523 4550 εἰσπε-

320 4557 460 4628 πεδηκότος
472 4558 505 4614 Ε.
