3294 5130
314 331 379 400 466
636 332 681 430 Β,
701 330 891 398 CYRILLI
922 329 1185 395 ALEXANDR.

163 433 499 582 [uamo'wocvet'as
526 499 750 601 ἀνθρωπίνης
777 493 1140 643 παφημμεληκάτας·
1176 498 1320 573 δικαιοῦν
1348 492 1387 572 δὲ
1414 499 1516 590 μᾶλ·

314 631 383 700 λον
400 627 444 724 τῇ
468 622 590 701 πίστει
614 623 672 701 καὶ
697 623 936 719 ε’γκληματων
954 621 1060 702 ονιεὶς
1081 619 1140 696 καὶ
1162 617 1284 718 ἁγίους
1302 617 1519 721 ἀποφαίνων

313 747 372 823 καὶ
403 747 467 843 τῆς
499 745 624 824 ἑαυτοῦ
656 741 801 851 φύσεως
832 739 1029 838 κοινωνοὺς,
1054 741 1147 820 οὕτω
1176 774 1215 820 τε
1245 739 1442 820 συνάπτων
1472 741 1516 818 δι’

312 868 438 947 ἑαυτοῦ
461 873 512 975 τῷ
530 872 613 973 Θεῷ
638 869 696 947 καὶ
717 866 845 967 Πατρί·
877 864 1037 963 ἐλεήμων
1055 863 1127 966 γάρ
1145 862 1325 968 ἀρχιερεὺς
1348 869 1397 947 εἰς
1422 864 1518 961 ἡμᾶς

313 989 459 1091 γέγονεν
478 993 497 1069 ό
516 990 688 1092 Χριστὸς,
707 989 821 1069 οὐκέτι
847 996 924 1072 ταῖς
952 995 1110 1085 νομικοῖς
1137 988 1345 1084 ἀποτομίαις
1372 993 1553 1088 κρατεῖν5

314 1113 520 1215 ἐπιτρέπων,
539 1117 645 1197 ἀνιείς
673 1112 710 1192 δὲ
735 1119 880 1212 μᾶλλον
897 1117 970 1191 τῶν
999 1111 1156 1216 ἀρχαίων
1184 1108 1402 1207 αἱτιαμάτων
1430 1107 1516 1193 τοῦς

313 1235 567 1337 ἠσθενηκότας·
597 1235 727 1321 πιστὸς
746 1235 794 1334 δέ,
814 1236 869 1316 ὅτι
893 1235 1042 1332 μόνιμος
1059 1237 1117 1314 καὶ
1141 1231 1311 1333 διηνεκὴς,
1330 1237 1389 1312 κοί
1407 1232 1513 1337 ἀξιό-

314 1394 425 1464 χρεως
439 1366 487 1444 είς
499 1363 623 1441 πίστιν
637 1367 710 1441 τῶν
724 1359 1009 1461 ἐπηγγελμένων,
1022 1361 1080 1438 καὶ
1097 1357 1331 1458 ἀπαράβατον
1343 1356 1436 1459 ἔχων
1446 1355 1517 1454 τὴν

314 1484 521 1585 ἱερωσύνην·
550 1482 709 1582 ἐλεήμων
733 1484 932 1562 τοίνυνκαὶ
955 1479 1097 1577 πιστὸς,
1116 1480 1300 1559 τουτέστιν
1319 1482 1372 1557 ἀεὶ
1397 1478 1518 1576 μένων

312 1606 459 1709 γέγονεν
478 1605 585 1709 ἱερεῦς
611 1607 668 1686 ὅτε
695 1606 903 1709 σπέρματος
920 1602 1091 1707 Ἀβραάμ
1115 1602 1325 1699 έπελάβετο,
1344 1601 1438 1686 θεὸς
1464 1600 1517 1682 ὧν
1536 1641 1576 1684 ιο

218 1751 220 1758 “
314 1726 483 1832 ὁΛόγος,
503 1735 560 1810 καὶ
587 1733 625 1810 έν
650 1733 775 1835 μορφῇ
803 1733 861 1809 καὶ
890 1727 1030 1829 ἰσότητι
1056 1735 1121 1808 τοῦ
1147 1725 1302 1828 Πατρός·
1332 1727 1370 1805 τί
1394 1725 1517 1806 τοίνυν

314 1859 585 1957 συκοφαντοῦσι
609 1851 675 1951 τήν
698 1855 893 1952 ἀλήθειον;
923 1853 962 1932 τί
981 1859 1234 1955 παραιτοῦνται
1259 1847 1323 1931 τὸν
1341 1848 1433 1930 Υίῦν
1449 1858 1517 1929 τοῦ

314 1971 401 2054 εἶναι
419 1973 440 2054 ὅ
458 1977 547 2073 ε’στι,
565 1974 623 2056 διά
638 1974 704 2076 τήν
721 1982 770 2060 είς
786 1978 878 2075 ἡμᾶς
897 1973 1065 2079 ἀγάπην;

890 2257 943 2335 Χ.

146 2457 301 2522 ιΜαοιις.
369 2434 492 2514 Ἀλλά
519 2433 590 2537 γάρ
618 2439 650 2514 οί
680 2435 919 2539 χριστομάχοι
946 2433 993 2513 τά
1019 2438 1058 2514 ἐκ
1086 2433 1304 2537 πανουργίας
1332 2433 1515 2535 εὑρήματα
1534 2461 1571 2519 ¹5

312 2557 537 2662 πανταχόθεν
565 2562 699 2643 ἑαυτοῖς
727 2557 970 2660 συλλέγοντες
997 2564 1045 2643 είς
1071 2560 1284 2662 ἐπικουρίαν,
1312 2562 1372 2637 καὶ
1403 2557 1516 2641 αῦτάς

313 2680 377 2766 τὰς
402 2682 496 2766 θείας
525 2689 797 2786 συκοφαντοῦσι
825 2681 981 2786 γραφάς·
1024 2686 1082 2761 καὶ
1109 2681 1152 2781 δὴ
1178 2686 1272 2788 φασὶ
1297 2679 1362 2761 τὸν
1390 2681 1513 2776 μακά·

146 2820 212 2872 Eeb·
226 2820 292 2873 ¹111·
312 2838 389 2908 ριον
408 2811 569 2901 Παῦλον,
588 2805 798 2884 ἀπόστολον
823 2807 881 2884 καὶ
905 2806 1068 2908 ἀρχιερέα
1094 2807 1248 2885 καλέσαι
1270 2803 1333 2884 τὸν
1351 2806 1512 2904 Ἰησοῦν·

313 2927 503 3028 ἀποστολὴ
532 2926 579 3024 δέ,
602 2930 708 3033 φασὶ,
737 2933 794 3006 καὶ
821 2929 996 3030 ἱερωσύνη
1025 2929 1245 3032 λειτουργίας
1271 2931 1341 3008 εἰσὶ
1370 2927 1513 3027 τρόποι·

312 3056 369 3131 καί
393 3061 480 3153 γοῦν
498 3050 763 3150 ἀπεστάλησαν
779 3050 844 3145 μὲν
862 3056 895 3130 οἱ
919 3055 1086 3150 μαθηταὶ,
1106 3051 1285 3154 ίεράτευσε
1311 3051 1349 3130 δέ
1367 3049 1515 3152 Ἀαρὼν
1531 3093 1573 3133 20

313 3177 371 3253 καί
401 3180 433 3253 οἱ
464 3177 530 3253 υίοί
560 3175 681 3253 αὑτοῦ·
713 3176 772 3253 καί
799 3174 896 3277 εἴπερ
922 3177 959 3254 εὐ
986 3174 1123 3259 τούτοις
1150 3175 1233 3255 ἐστί
1255 3179 1352 3281 φασι
1380 3171 1516 3256 τὸτοῦ

312 3301 402 3376 Υίοῦ
439 3295 575 3398 μέτρον,
608 3303 685 3380 πῶς
721 3297 909 3394 ὁμοοῦσιος
944 3295 1031 3378 εἶναι
1067 3297 1213 3378 δύναται
1250 3305 1301 3406 τῷ
1333 3303 1416 3406 θεῷ
1453 3303 1516 3378 καὶ

314 3420 458 3521 Πατρί;
489 3417 517 3497 ιῦ
543 3423 686 3517 πολλῆς
711 3421 942 3523 δυστροπίας·
973 3423 1327 3523 ἀποπροσποιοῦνται
1351 3421 1394 3500 τὸ
1420 3423 1512 3501 εἶδέ-

256 3595 265 3615 .
313 3577 371 3622 ναι
396 3541 461 3642 τὴν
482 3541 663 3642 ἀλήθειαν,
683 3547 740 3623 καὶ
767 3541 905 3630 σκοπός
932 3547 1050 3626 αὐτοῖς
1077 3545 1186 3643 μηδὲν
1205 3545 1298 3647 ῦγιές
1323 3545 1512 3650 φρονεῖνῆ

312 3665 440 3765 λέγειν·
471 3668 730 3767 ὁμολογοῦντες
757 3666 829 3769 γάρ
856 3671 937 3766 μεθ’
969 3670 1079 3768 ἡμῶν,
1103 3667 1159 3748 ὅτι
1186 3668 1312 3772 καίπερ
1339 3669 1513 3774 ὑπάρχων
1527 3709 1567 3768 25

312 3790 350 3868 ἐν
374 3794 499 3894 μορφῇ
526 3798 589 3868 τοῦ
615 3794 710 3869 θεοῦ
739 3793 798 3869 καὶ
829 3790 975 3893 Πατρός
1001 3793 1021 3870 ὁ
1046 3791 1144 3888 Υἱὸς,
1167 3793 1356 3873 κεκένωκεν
1384 3791 1514 3873 ἑαυτὸν

312 3910 413 4011 ἑκὼν,
432 3914 495 3992 οὐκ
513 3915 697 3992 ἐπαινοῦσι
716 3915 779 4012 τῆς
803 3914 893 4012 μετὰ
914 3912 1050 4018 σαρκὸς
1074 3916 1273 4012 οἰκονομίας
1297 3915 1339 3995 τὸ
1364 3916 1509 4016 μυστ-ή-

310 4070 401 4138 ριον,
420 4035 605 4118 ἀκούοντες
632 4033 670 4114 δέ
696 4045 759 4116 τοῦ
783 4033 995 4117 ἀποστόλου
1013 4037 1182 4140 λέγοντος
1201 4049 1222 4086 “
1239 4040 1428 4143 Ἀρχιερέα
1452 4044 1513 4120 καὶ

312 4169 334 4205 “
353 4159 562 4240 ἀπόστολον
579 4158 761 4258 Ἰησοῦν·”
788 4161 852 4240 οὐκ
870 4160 1090 4266 εἰσδέχονται
1115 4159 1205 4242 κοτά
1223 4170 1307 4241 νοῦν
1326 4160 1380 4241 ὅτι
1398 4196 1508 4266 γεγο-

347 4423 374 4470 ⁴·
392 4403 518 4476 ἐλεήμων]
537 4411 565 4468 ÷
579 4406 626 4472 μὶν
638 4423 662 4458 ο.
802 4419 843 4474 ι5.
862 4423 894 4461 ex
907 4423 923 4460 ο
934 4415 961 4460 et
971 4404 991 4461 b
1002 4405 1050 4461 fol.
1066 4419 1114 4478 197
1128 4425 1153 4461 v.
1172 4406 1298 4474 κυρίλλου
1309 4417 1415 4464 tantum
1428 4429 1515 4481 appo·

313 4474 353 4526 nit
364 4475 391 4527 iu
405 4476 524 4545 margine
536 4474 564 4536 b,
577 4475 703 4543 κυρίλλου
714 4475 802 4557 ὁμιλία
816 4493 840 4529 a.
1031 4491 1075 4547 οη.
1093 4479 1123 4532 τὸ
1135 4487 1305 4548 assumptum
1316 4497 1348 4533 ex
1358 4498 1382 4534 ι.
1396 4479 1473 4537 ᾱωςῑ
1484 4483 1515 4537 in

312 4542 340 4598 b.
354 4542 404 4598 Ed.
546 4545 589 4598 28.
606 4543 743 4602 ἅκοῦοντος
755 4545 816 4615 (τις)
829 4547 857 4600 b.
