3284 5130
142 361 276 450 κιαι,
419 364 478 430 IN
509 364 543 429 s.
565 362 824 428 JoANNEM.
871 363 967 431 οιιι.
991 365 1072 432 x11.
1303 371 1346 434 ιο

140 535 253 608 τοῖττο
281 534 379 634 δοκῇ,
406 526 682 632 προσεπιτάττει
710 528 829 630 λε’γων
856 540 878 578 “
891 529 958 610 Ἐν
985 532 1077 639 οἰκίᾳ
1103 537 1169 638 μιᾷ
1194 532 1340 635 βρωθή-
1390 553 1471 634 Εᾳοὰ

139 662 164 698 “
184 681 299 733 σεται·
326 654 390 733 οὐκ
407 653 563 760 ἐξοίσετε
582 650 654 733 ἀπὸ
672 659 746 732 τῶν
763 659 875 755 κρεῶν
893 655 1001 735 αι’ντοῦ
1020 655 1124 763 ἕξω.”
1154 655 1255 760 ιῖθρει
1272 656 1344 760 γὰρ
1389 618 1484 685 Μ’

140 774 254 874 ὅπως,
274 774 436 879 καθάπερ
461 775 553 882 ἔφην
571 777 713 880 ἀρτίως,
735 780 793 856 καί
817 779 854 857 ἐν
872 777 995 863 τύποις
1018 780 1114 887 αὐτῷ
1140 783 1199 860 καὶ
1227 788 1345 867 σκιαῖς

137 897 336 1004 τετήρηκεν
353 901 376 1000 ἡ
394 898 519 1007 γραφὴ
541 899 584 980 τὸ
608 899 812 1004 μερίζεσθαι
837 902 902 1000 μὲν
920 909 968 987 εἰς
990 900 1161 1000 πολλοὺς,
1180 903 1281 1006 οἵττερ
1298 901 1345 984 οἰν

104 1019 214 1115 5εἰεν
236 1026 274 1104 ἐν
301 1023 437 1130 ἑκάστη
464 1022 575 1128 τυχὸν
593 1025 695 1131 οἰκίᾳ,
714 1025 996 1127 προμηθέστατα
1025 1024 1063 1106 δὲ
1084 1023 1196 1108 πάλιν
1219 1030 1277 1106 καὶ
1300 1025 1342 1107 τὸ

138 1145 194 1248 μή
222 1147 425 1251 μερίζεσθαι
453 1152 580 1242 δοκεῖν,
602 1147 702 1227 ἀλλὰ
729 1149 874 1234 τελείως
900 1183 939 1229 τε
968 1153 1027 1230 καὶ
1056 1147 1266 1252 ὁλοκλήρως
1293 1153 1376 1239 ὡςᾱ

139 1271 206 1351 ἕνα
234 1274 273 1350 ἐν
290 1278 385 1352 πᾶσι
407 1279 584 1373 μεριστῶς
609 1305 648 1352 τε
677 1272 751 1370 ἅμα
780 1276 838 1352 καὶ
866 1274 1067 1378 ἀμερίστως
1095 1273 1337 1375 εὑρίσκεσθαι.

140 1402 306 1474 τοιοῦτον
320 1393 364 1496 δή
383 1429 417 1476 τι
436 1395 577 1497 νοήσεις
591 1399 650 1476 καὶ
666 1397 723 1475 ε’πί
736 1401 811 1480 τοῖς
825 1398 973 1495 ἱματίοις
984 1399 1104 1477 αὑτοῦ·
1135 1394 1257 1494 τὰμὲν
1270 1396 1341 1500 γὰρ

141 1523 192 1602 εἰς
217 1517 368 1628 τέσσαρα
395 1518 580 1620 διενεμήθη
607 1518 698 1626 με’ρη,
727 1519 899 1622 μεμένηκε
926 1519 1040 1623 γεμήν
1070 1518 1340 1620 ἀδιανέμητοςί

90 1683 128 1726 ιο
141 1643 258 1739 χιτάν.

200 1771 320 1848 Λυπεῖ
343 1765 380 1848 δὲ
405 1766 506 1848 οὐδὲν
527 1773 736 1870 προσθεῖναι
764 1770 915 1865 κάκεῖνο,
940 1770 988 1852 ὡς
1017 1767 1113 1871 εἰπερ
1141 1802 1193 1852 τις
1223 1763 1341 1849 ἕλοιτο

142 1888 196 1968 τὶν
220 1889 349 1987 χιτιῖνιι
370 1889 434 1971 τὸν
452 1888 567 1972 ι’ἰνωθει
592 1896 739 1997 ὑφαιτίν
760 1925 799 1971 τε
828 1893 887 1970 καὶ
916 1887 1064 1998 ι’ἰραφον,
1084 1889 1175 1971 ὅσον
1192 1891 1275 1992 ήκεν
1293 1897 1342 1977 εἰς

141 2016 291 2116 θεωρίας
321 2013 481 2112 δύναμιν,
510 2020 559 2099 εἰς
588 2012 751 2114 δήλωσιν
779 2012 1000 2117 περιτρέπειν
1028 2024 1094 2096 τοῦ
1123 2016 1227 2117 ἁγίου
1258 2016 1336 2097 σοί·

147 2171 262 2236 ματος
283 2146 347 2219 τοῦ
373 2143 548 2243 Χριστοῦ,
576 2137 703 2218 διὰτὸ
737 2135 893 2242 συνόδου
925 2140 986 2218 καὶ
1016 2142 1120 2220 οἱονεὶ
1147 2145 1341 2239 συμβολῆς

88 2299 124 2360 ¹5
141 2294 238 2346 τινος
261 2263 345 2367 δίχα
363 2265 426 2363 τῆς
444 2260 573 2364 ἀνδρός
590 2295 628 2342 τε
647 2266 706 2342 καὶ
731 2261 897 2366 γυναικὸς
915 2262 1084 2366 γενέσθαι
1101 2271 1216 2361 τοῦτο,
1236 2269 1282 2366 τῇ
1302 2263 1340 2344 δὲ

141 2393 207 2466 τοῦ
226 2384 436 2484 Πνειίματος
463 2385 619 2493 ἐνεργείᾳ
646 2389 703 2466 καί
731 2392 776 2490 τῇ
809 2384 954 2485 δυνάμει
981 2391 1026 2492 τῇ
1056 2385 1192 2466 ἄνωθεν
1222 2393 1269 2472 εἰς
1296 2386 1338 2467 τὸ

139 2509 238 2617 αὐτῷ
260 2509 398 2611 πρέπον
415 2508 614 2616 ἐξυφάνθαι
635 2514 774 2615 σχῆμα,
794 2509 949 2615 δεδέχθω
968 2513 1025 2590 καὶ
1044 2517 1160 2591 τοῦτο.
1199 2509 1245 2588 τὰ
1266 2507 1338 2612 γὰρ

138 2630 184 2732 δὴ
213 2639 286 2713 τῶν
319 2633 568 2737 θεωρημάτων,
596 2633 696 2714 οὐδὲν
726 2631 816 2714 κατὰ
844 2641 917 2714 τῶν
944 2634 1147 2733 ἀναγκαίων
1174 2636 1334 2732 εἰσκομί-

138 2754 245 2858 §ma
273 2754 427 2854 βλάβος,
461 2757 632 2838 ὠδίνοντα
661 2757 699 2838 δὲ
729 2764 875 2857 μᾶλλον
903 2753 967 2838 τὸν
995 2757 1050 2860 ἐφ’
1081 2753 1178 2864 ᾧπερ
1208 2754 1253 2834 ἄν
1282 2786 1501 2844 malem

83 2913 123 2955 ιο
136 2883 316 2986 ὠφελοῖτο
343 2878 463 2987 τυχὸν,
482 2889 560 2966 πῶς
587 2883 651 2962 οὐκ
679 2880 812 2981 ἀμαθὲς
836 2883 900 2962 οὐκ
926 2881 1170 2978 ἀποσείεσθαι,
1190 2886 1335 2979 μᾶλλον

136 3002 176 3084 δὲ
203 3011 281 3089 πῶς
304 3005 368 3086 οὖκ
386 3003 586 3085 ἀκόλουθον
603 3007 764 3103 ἐπαινεῖν,
793 3010 858 3106 τῆς
885 3007 1036 3107 ἀρίστης
1065 3002 1153 3084 ὄντα
1180 3004 1336 3089 διανοίας

135 3128 340 3232 εὖρήματα;

138 3395 347 3465 Εἷοτιίκειοαν
374 3398 410 3465 δὲ
446 3399 535 3490 παρὰ
571 3401 619 3484 τῷ
654 3401 785 3490 σταυρῷ
816 3405 873 3465 τοῦ
900 3397 1052 3465 Ἰιιοοῦιί
1081 3397 1188 3488 μιίτιιρ
1224 3398 1383 3484 αὐτοΰ,ι5

186 3523 240 3590 καί
266 3525 286 3588 ι“ι
313 3525 443 3615 ἀδελφιί
471 3534 529 3593 rste
558 3527 681 3616 μιιτρδο
708 3526 815 3608 αὐτοῦ,
846 3524 960 3614 Μαρία
987 3525 1007 3590 εἰ
1039 3529 1097 3591 τοῦ
1127 3523 1248 3604 Κλοπᾶ,
1278 3526 1332 3591 καὶ

80 3670 119 3731 ι5
183 3647 296 3739 Μαρία
323 3651 343 3717 ιί
370 3650 586 3726 Ματδολεινιί.

190 3824 436 3926 Διαμίμνηται
454 3827 513 3905 καὶ
524 3825 650 3906 τούτου
669 3825 858 3930 χρησίμως
878 3825 898 3904 ὁ
917 3823 1109 3906 θεσπέσιος
1122 3823 1326 3926 Εὐαγγελι-
1343 3839 1364 3902 b

133 3943 238 4046 στῆς,
257 3947 382 4028 οὐδένα
405 3954 479 4029 τῶν
497 3954 600 4053 ἱερῶν
618 3949 869 4029 άποπίπτοντα
895 3944 1017 4050 λόγων
1035 3949 1093 4026 καὶ
1115 3946 1206 4026 κατὰ
1224 3953 1329 4026 τοῦτο

130 4069 278 4155 δεικνύς.
317 4073 355 4152 τί
378 4071 417 4152 δὲ
444 4070 489 4172 δή
515 4069 628 4152 πάλιν
646 4077 694 4155 εἰς
713 4067 817 4151 τοῖττό
846 4085 988 4178 φαμενς
1018 4068 1215 4170 ἐκθήσομαι
1242 4065 1325 4170 γάρ.

129 4195 401 4297 παρισταμένας
420 4196 577 4302 εἰσφέρει
598 4201 651 4303 τῷ
670 4195 828 4301 σταυρῷ,
845 4191 911 4292 τήν
929 4227 968 4272 τε
995 4189 1118 4300 μητέρα
1142 4193 1251 4286 αὑτοῦ,
1270 4192 1328 4270 καί

74 4351 116 4410 3ο
130 4315 202 4397 σὺν
230 4318 320 4424 αὐτῇ
348 4317 412 4403 τὰς
440 4319 569 4423 ε’τέρας,
598 4322 711 4418 δῆλον
739 4315 778 4398 δὲ
806 4315 862 4396 δτι
892 4315 1088 4398 κλαούσας.
1128 4311 1329 4419 φιλόδακρυ

170 4552 212 4591 ιτ.
229 4536 333 4607 ὄροφον
345 4537 378 4592 Ε.
391 4537 511 4610 ἄρροφον
523 4537 575 4594 Ed.
832 4550 876 4589 το.
896 4531 1048 4588 Delendum
1064 4530 1326 4588 utvideturm'malt.

131 4623 175 4663 τι.
194 4607 306 4664 διανοίας
317 4625 371 4664 om.
385 4607 428 4678 Β,
554 4625 597 4676 24.
617 4607 701 4663 κλοπδ
714 4605 756 4677 Ε,
769 4607 853 4661 κλοπᾶ
865 4605 908 4672 Ε..

173 4705 246 4754 von.
262 4707 315 4754 111.
720 4707 743 4752 N
