3294 5130
404 355 533 424 QUOD
560 355 686 422 UNUS
715 356 797 421 EST
822 355 1057 424 CHRISTUS.
1261 357 1326 420 45⁷

132 529 156 566 ‘⁶
174 523 223 603 είς
256 518 322 618 τὴν
357 520 563 620 οἰκουμένην
597 521 694 624 λέγει
728 523 801 601 Καὶ
834 520 1197 623 προσκυνησάτωσαν
1229 521 1327 626 αῦτῷ

132 650 156 689 “
173 639 303 726 πάντες
334 642 486 745 ἀγγελοι
509 641 638 724 θεοῦ.”
676 643 764 724 πότε
796 645 859 724 οῦν
890 644 1036 746 γέγονεν
1065 645 1086 723 ὃ
1116 641 1326 746 Μονογενῖμ·

130 762 384 868 πριυτάτοκος;
426 764 484 846 ὅτε
509 768 657 868 γέγονεν
674 769 712 846 ἐν
737 775 892 853 πολλοῖς
914 770 1085 874 ἀδελφοῖς
1110 770 1168 847 καὶ
1193 800 1323 870 κεχρη-

64 889 71 898 ’
132 885 258 986 μάτικε
285 890 365 986 μεθ’
394 889 496 989 ἡμῶν
520 890 594 973 υἱὸς
618 889 821 992 ἀνθρώπου.
861 893 946 970 ἀλλ’
976 891 1072 993 εἴπερ
1099 889 1236 994 ᾔδεσαν
1263 890 1327 968 οῦκ

95 1031 117 1090 5
134 1009 221 1091 ὅντα
240 999 334 1092 θέῦν
352 1016 388 1091 αἱ
407 1012 480 1091 ἀνω
498 1010 662 1111 δυνάμεις
687 1012 767 1092 οῦδὲ
790 1013 900 1118 φύσει
917 1016 976 1092 καὶ
994 1016 1139 1112 ἀληθῶς
1156 1011 1246 1092 Υίῦν
1264 1009 1327 1091 τὸν

135 1135 175 1212 ἐκ
192 1133 399 1236 σπέρματος
417 1136 551 1215 Δαυεὶδ
574 1133 665 1214 κατά
683 1136 815 1238 σάρκα,
833 1143 909 1221 πῶς
928 1134 972 1216 ἀν
989 1135 1186 1241 ἠνέσχοντο
1204 1168 1324 1236 προσ·

136 1247 250 1337 κυνεῖν
266 1260 384 1365 αῦτῲς
415 1259 542 1337 οῦκοῦν
560 1256 602 1337 ὃν
619 1268 889 1361 προσκυνοῦσιν
907 1260 1066 1362 ἄγγελοι,
1081 1258 1131 1358 μὴ
1149 1257 1330 1362 ἀτιμοίοησ

135 1379 252 1478 αὐτὸς,
287 1381 406 1482 ἕτερον
443 1378 530 1462 εἶναι
566 1381 684 1483 λέγων
720 1382 795 1462 υῖῦν
832 1381 924 1462 κατά
958 1381 1070 1482 μόνας
1105 1384 1162 1461 καῖ
1200 1387 1327 1463 ίδικῶς·

135 1504 281 1583 πίστευε
310 1503 348 1583 δὲ
376 1511 519 1601 μᾶλλον
539 1507 587 1588 ὡς
605 1503 654 1588 εἷς
678 1508 736 1584 καὶ
758 1501 865 1602 μόνος
892 1507 991 1584 ἐστὶν
1008 1508 1150 1604 Ἰησοῦς
1167 1503 1331 1608 Χριστὸς

74 1664 122 1704 10
137 1625 157 1704 ὁ
177 1625 283 1710 αῦτὸς
301 1630 340 1706 ἐκ
359 1626 505 1727 Πατρὸς
523 1632 655 1710 θεῖκῶο
668 1625 759 1706 κατά
777 1625 843 1726 τὴν
861 1628 1054 1733 ἄφραστον
1072 1629 1252 1730 γέννησιν,
1271 1629 1329 1706 καὶ

136 1749 175 1829 έκ
194 1747 359 1848 γυναικὸς
378 1747 470 1829 κατά
488 1748 610 1852 σάρκα
627 1750 686 1830 διὰ
703 1747 769 1850 τὴν
786 1751 877 1856 πρὸς
895 1751 987 1852 ἡμᾶς
1005 1750 1189 1850 ὁμοίωσιν.

223 2030 289 2096 Τοῦ
317 2030 416 2096 αὐτοῦ
444 2031 480 2095 ἒκ
508 2037 564 2097 rste
591 2029 721 2110 ὃμιλίᾳο
747 2034 806 2097 τῦα
833 2033 884 2098 ὅτι
910 2026 957 2097 εἷο
986 2030 1099 2120 Κύριος
1120 2030 1248 2098 Ἰιισοῦο

664 2171 810 2258 Χριστόι.

196 2343 297 2446 Πρὸς
321 2343 365 2442 δὴ
389 2342 435 2424 τά
462 2352 608 2424 τοιαῦτα
635 2343 814 2450 φαῖενάυ
838 2344 928 2430 ἴσως
954 2350 986 2424 σῖ
1016 2351 1229 2451 φιλονεικεῖν
1254 2348 1329 2425 ε’θέ-

81 2477 265 2550 15λοντες
284 2469 426 2547 Οὐκοῦν
449 2468 469 2545 ὁ
494 2466 604 2574 φύσει
628 2469 687 2547 καὶ
711 2471 855 2568 ἀληθῶς
874 2464 961 2551 Υίὸς
984 2476 1048 2546 τοῦ
1067 2473 1163 2547 Θεοῦ
1188 2467 1335 2569 γέγονεν

139 2589 211 2669 ῦπὸ
230 2586 365 2687 νόμους
398 2587 472 2670 εἶτα
489 2592 529 2670 τί
548 2589 590 2670 τὸ
610 2599 749 2671 λυποῦν
767 2591 847 2671 εἰπέ
859 2625 920 2688 μοι
938 2587 1004 2669 κάν
1023 2596 1052 2670 εῖ
1069 2599 1175 2670 τοῦτο
1194 2588 1335 2691 λέγοιτο

137 2718 293 2810 παθεῖν;
342 2719 373 2793 εί
409 2712 481 2817 γάρ
517 2713 734 2812 πιστεύομεν
764 2712 819 2793 ὅτι
855 2715 981 2815 γέγονε
1015 2712 1116 2820 σάρξ
1150 2716 1336 2794 τουτέστιν

138 2836 328 2938 ἅνθρωπος
366 2839 385 2915 ὀ
423 2839 504 2916 καθ’
543 2837 637 2936 ἡμᾶς
676 2833 843 2939 γενέσθαι
880 2835 1119 2942 καταξιώσας,
1157 2839 1253 2916 διατί
1284 2835 1335 2936 μὴ

140 2960 226 3055 μεθ’
245 2960 347 3058 ἡμῶν
370 2964 429 3040 καῖ
448 2959 517 3040 ὑπὸ
536 2961 645 3058 νόμον
668 2957 836 3063 γενέσθαι
860 2960 1027 3061 λέγοιτο;
1054 2958 1178 3062 ὥσπερ
1206 2956 1279 3061 γάρ
1305 2965 1336 3039 εῖ

77 3116 124 3155 20
141 3084 202 3160 καὶ
233 3081 360 3184 γέγονε
391 3085 473 3163 καθ’
504 3083 607 3183 ἡμᾶς,
640 3084 704 3162 σῦκ
736 3083 878 3182 ἀπέστη
906 3091 970 3162 τοῦ
997 3080 1084 3163 εἶναι
1114 3081 1201 3186 ῦπέρ
1230 3081 1334 3183 ἡμᾶς

140 3207 200 3284 καῖ
228 3213 257 3286 εί
285 3207 434 3290 κτίσεως
461 3205 696 3311 κεχρημάτικε
722 3208 828 3308 μέρος
853 3204 911 3285 διά
938 3205 981 3285 τὸ
1008 3206 1241 3309 ἀνθρώπινον,
1266 3206 1338 3310 ἔχει

140 3331 201 3408 καὶ
238 3331 331 3410 οὕτω
367 3327 409 3409 τὸ
447 3329 533 3430 ῦπέρ
565 3337 691 3410 πᾶσαν
724 3326 810 3409 εἶναι
846 3329 912 3430 τὴν
943 3331 1073 3409 κτίσιν.
1120 3333 1179 3408 καὶ
1214 3326 1339 3432 ὥσπερ

140 3450 288 3557 μορφὴν
316 3451 448 3532 δούλου
479 3451 606 3548 λαβὼν
633 3450 734 3533 οῦδὲν
763 3451 870 3554 ἧττόν
898 3455 976 3532 ε’στι
1005 3450 1209 3552 Δεσπότης,
1238 3456 1336 3550 ὡμο-

142 3572 297 3676 λόγηται
333 3575 370 3655 δὲ
406 3579 464 3656 καῖ
502 3574 672 3680 ῦπάρχειν
704 3581 777 3656 τιῦν
813 3576 909 3656 ὅλων
943 3577 1088 3678 Κύριος·
1144 3578 1237 3657 οῦτοι
1273 3575 1340 3655 κάν

82 3728 126 3790 25
144 3703 174 3777 εἰ
208 3696 352 3801 λέγοιτο
384 3698 554 3800 γενέσθαι
586 3699 696 3803 τυχὸν
726 3699 795 3779 ῦπὸ
826 3699 935 3797 νόμον
966 3703 1014 3782 ὡς
1046 3699 1244 3800 ἅνθρωπος,
1277 3700 1341 3778 οῦκ

146 3823 290 3921 ἀπέστη
321 3831 385 3901 τοῦ
408 3818 496 3902 εἶναι
513 3820 617 3925 ,ῦπὲρ
647 3819 757 3919 νόμον
786 3824 833 3905 ὡς
854 3820 957 3904 Θεός.
995 3822 1033 3901 τί
1058 3820 1140 3925 γάρ,
1168 3821 1245 3903 εἶπέ
1269 3855 1339 3918 μοι,

146 3946 410 4051 φορτικώτερον
428 3954 502 4042 τοῦ,
520 3945 720 4048 γέγραπται
738 3948 818 4046 περὶ
837 3945 946 4024 αῦτοῦ
964 3944 1019 4023 ῦτι
1041 3945 1187 4046 γέγονεν
1214 3954 1236 3991 “
1250 3942 1338 4044 ὑπὲρ
1352 3963 1409 4014 Gnl·
1421 3962 1456 4013 iii·
1468 3977 1506 4026 1³·

144 4079 167 4116 “
184 4069 286 4167 ἡμῶν
304 4068 470 4171 κατάρα,”
495 4072 554 4148 καὶ
570 4067 683 4147 πάλιν
706 4077 728 4115 “
744 4066 822 4148 Τὸν
839 4066 888 4168 μὴ
906 4065 1040 4169 γνόντα
1057 4067 1233 4167 ἁμαρτίαν
1251 4065 1339 4168 ὑπὲρ
1353 4079 1433 4192 2¹001·
1446 4093 1470 4127 v·

144 4201 167 4240 “
185 4191 287 4290 ἡμῶν
308 4191 485 4296 ἁμαρτίαν
506 4192 705 4291 ε’ποίησευ,”
734 4193 820 4271 ἀλλ’
840 4193 921 4271 οὔτε
949 4189 1086 4293 κατάρα
1113 4190 1250 4269 ἐστὶνῦ
1272 4188 1339 4289 τὴν
1386 4177 1393 4193 ’

185 4371 226 4410 12.
245 4353 874 4424 achomato,cod.uur.101.141v.,bf01.1
898 4371 952 4426 ῃ.
1155 4352 1197 4410 16.
1215 4327 1340 4425 ιηὐευ.

148 4427 245 4482 18-20.
263 4427 287 4481 Α
300 4426 356 4482 καθ’
371 4427 404 4481 ad
417 4424 476 4482 καθ’
487 4427 602 4481 transilit
617 4427 643 4481 b.
808 4443 852 4481 τι.
872 4367 937 4482 ὅσοι
948 4425 1033 4481 κτίσιν
1045 4422 1079 4480 de
1090 4439 1161 4479 novo
1172 4425 1269 4479 iterum
1281 4443 1341 4495 per-

146 4497 187 4568 git
201 4497 250 4551 Καὶ
262 4497 338 4570 quani
350 4497 471 4554 scholion
484 4515 584 4552 novum
597 4497 727 4567 incipiens
740 4496 798 4551 uino
809 4497 887 4552 titulo
899 4513 970 4552 novo
982 4495 1010 4550 b.
1164 4496 1207 4550 τό.
1224 4493 1339 4570 ἀπέστη]

150 4573 180 4632 ÷
195 4568 237 4622 καὶ
249 4567 276 4622 b.
444 4581 487 4638 τη.
505 4565 574 4638 τοῦ]
590 4567 631 4622 lta
644 4567 727 4622 codex
739 4577 859 4639 uterque.

191 4667 264 4714 von.
277 4669 330 4714 111.
746 4667 804 4735 3²¹
