3244 5146
353 341 418 404 582
681 339 718 404 B.
743 337 931 402 OYRILLI
961 337 1224 404 ALEXANDR.

273 569 278 574 .
350 499 503 602 ἢέκεῖνο
522 501 643 610 φάναι,
662 501 715 583 ότι
739 500 918 604 ποσότητι
942 501 1116 605 μετρητός
1135 503 1223 599 ἐστι,
1243 504 1304 582 καῖ
1330 499 1542 605 περιληιιπηι

182 1032 251 1088 8⁸0
266 1029 305 1086 A.

182 1251 224 1302 Ρι.

182 1317 300 1369 cxxxviii.

184 1393 255 1446 η-ιο.

352 625 424 728 ἔχει
451 624 518 724 τὴν
543 627 668 731 φύσιν,
688 629 746 706 καὶ
772 629 811 706 ἐν
835 624 936 734 τόπῳ
967 625 1063 725 με’νει
1092 625 1186 706 καθὰ
1218 628 1278 706 καὶ
1310 625 1364 704 τὰ
1399 625 1542 720 σῶματιι,

352 750 464 850 ἤγουν
489 749 535 831 τὰ
560 749 662 852 ἕτερα
685 756 758 830 τῶν
783 749 1002 847 κτισμάτων.
1042 745 1227 851 ἠγνόησαν
1254 749 1292 828 δέ
1320 749 1421 834 ἴσως
1445 747 1543 830 ὅτιτὸ

353 877 448 953 θεῖον
474 871 670 972 ἀσώματόν
697 877 808 971 ἐστιν,
833 873 1120 978 ἀσχημάτιστον,
1146 871 1282 974 ἀμερὲς,
1311 874 1359 952 οῦ
1385 870 1544 970 ποσότητι

322 1045 340 1084 a
352 995 539 1099 μετρητόν,
568 997 610 1077 οῦ
634 996 735 1104 τόπερ
755 997 1078 1102 περιγραφόμενον,
1105 996 1205 1078 ἀλλὰ
1227 1004 1403 1099 πληροῦν
1429 996 1492 1094 μὲν
1512 993 1561 1082 τός

351 1116 470 1202 πάντα
498 1123 556 1200 καὶ
583 1123 621 1200 ἐν
639 1126 754 1200 πᾶσιν
771 1117 823 1218 δν,
842 1119 1030 1224 ἀχιόρητον
1048 1117 1091 1199 ὂν
1118 1121 1195 1200 κατ’
1215 1119 1308 1199 ἰδίαν
1326 1119 1464 1225 φύσιν.
1499 1119 1544 1220 γέ

352 1278 510 1347 γραπται
531 1241 604 1345 γὰρ
630 1242 684 1323 ότι
712 1253 734 1294 “
750 1249 831 1324 Ποῦ
857 1249 1021 1347 πορευθῶ
1050 1241 1123 1324 ἀπό
1150 1251 1215 1323 τοῦ
1242 1243 1454 1341 πνεύματος
1480 1249 1544 1336 σοῦ,

352 1370 451 1447 “καὶ
475 1365 635 1446 ἀπὸτοῦ
660 1367 859 1468 προσώπου
889 1400 960 1445 σου
988 1375 1060 1448 ποῦ
1085 1365 1191 1471 φύγω
1203 1398 1214 1464 ;
1258 1363 1321 1444 ἐὰν
1353 1369 1485 1460 άναβῶ
1508 1371 1543 1446 εἰς

352 1501 374 1542 “
393 1489 456 1570 τὸν
473 1488 634 1592 οὐρανόν,
653 1488 702 1569 σῦ
721 1491 793 1570 ἐκεῖ
807 1486 849 1568 εἶ·
889 1488 952 1568 ἐὰν
980 1496 1129 1582 καταβῶ
1151 1495 1199 1572 εῖς
1220 1489 1286 1570 τὸν
1310 1487 1422 1595 ᾅδην,
1443 1493 1542 1590 παρεῖ

351 1624 373 1661 “
390 1613 452 1694 ἐὰν
470 1613 691 1709 ἀναλάθοιμι
713 1610 777 1698 τὰς
804 1612 983 1714 πτέρυγάς
1011 1648 1081 1711 μου
1100 1616 1176 1693 κατ’
1198 1611 1330 1716 ὄρθρον
1359 1616 1424 1693 καὶ
1454 1646 1571 1690 κατι-ιι

352 1748 374 1785 “
392 1738 573 1836 σκηνῶσω
592 1742 640 1822 είς
658 1735 704 1816 τὰ
723 1736 863 1842 ἔσχατα
879 1741 942 1835 τῆς
961 1735 1168 1836 θαλάσσης,
1182 1741 1242 1816 καὶ
1258 1735 1333 1839 γὰρ
1351 1737 1466 1834 ἐκεῖὴ
1483 1734 1543 1837 χείρ

353 1872 375 1909 “
394 1894 465 1940 σου
499 1859 672 1960 ὁδηγήσει
702 1861 780 1959 με.”
819 1860 887 1939 ἔδει
917 1861 1037 1940 τοίνυν
1068 1857 1194 1943 αὐτοῦς
1229 1861 1294 1941 οῦκ
1327 1859 1375 1966 ἐξ
1406 1859 1542 1957 άμιιθίις

354 1991 538 2086 προπετεῖς
564 1983 773 2086 ε’ρεόγεσθαι
804 1985 936 2089 φωνὰς,
961 1983 1045 2062 ἀλλ’
1075 1986 1205 2063 ἐννοεῖν
1235 1979 1293 2062 οἶά
1324 2018 1365 2063 τε
1398 1987 1459 2062 καὶ
1486 1981 1541 2076 όση

317 2110 411 2188 λκαῖ
428 2108 466 2188 ἐν
483 2108 580 2188 τίσιν
594 2110 783 2213 ὑπεροχαῖς
802 2108 824 2207 ἠ
844 2109 920 2187 θεία
938 2111 997 2187 καὶ
1016 2107 1257 2210 ὑπερμεγέθης
1274 2108 1334 2186 καῖ
1354 2104 1539 2208 όπόρῤητός

351 2235 430 2310 ἐστι
457 2239 521 2311 τοῦ
540 2236 637 2311 θεοῦ
664 2231 789 2337 φύσις.
827 2228 915 2310 πότε
941 2229 1012 2332 γὰρ
1031 2231 1051 2308 ό
1072 2228 1165 2313 Θεὸς
1183 2227 1303 2331 Λόγος
1329 2229 1475 2326 άπέστη
1492 2231 1539 2304 τοῦ
1547 2265 1564 2316 15

351 2351 439 2434 εἶναι
466 2352 557 2454 μετὰ
583 2362 647 2433 τοῦ
667 2351 812 2456 Πατρός
831 2351 853 2452 ἢ
873 2361 936 2434 τοῦ
964 2356 1002 2434 ἐν
1020 2355 1117 2461 αὐτῷ
1135 2351 1275 2450 με’νειν;
1304 2356 1336 2431 εί
1364 2352 1442 2454 γὰρ
1461 2349 1535 2430 ε’νδέ·

351 2510 452 2583 χεται
478 2486 543 2557 τοῦ
571 2473 693 2582 φωτός
720 2479 884 2556 ἐκπεσεῖν
916 2480 974 2556 καὶ
1004 2481 1225 2581 χωρισθῆναι
1254 2475 1296 2555 τὸ
1324 2476 1536 2577 ἀπαύγασμα

351 2600 393 2680 τὸ
422 2602 482 2680 ἀπ’
502 2602 626 2697 αὐτοῦ,
648 2597 692 2698 ἦν
711 2598 756 2678 ἂν
775 2597 866 2682 εῖκός
896 2602 1061 2699 ἐννοῆσαι
1090 2597 1145 2678 ότι
1173 2603 1231 2678 καὶ
1257 2596 1322 2679 τόν
1339 2599 1438 2679 Υῖὸν
1458 2595 1534 2677 ἐνδέ·

352 2757 452 2827 χεται
479 2723 529 2821 μὴ
559 2720 647 2802 εῖναι
674 2721 765 2821 μετὰ
794 2731 859 2802 τοῦ
887 2719 1044 2826 Πατρός.
1089 2727 1167 2805 πῶς
1198 2719 1237 2800 δέ
1265 2723 1330 2800 οὐκ
1357 2721 1536 2819 ἐνενόησαι

352 2848 407 2928 ὅτι
438 2845 588 2949 γενητὸς
617 2844 667 2925 ῶν
697 2848 717 2925 ό
747 2846 860 2945 ἥλως·
896 2845 1033 2942 κτίσμα
1063 2843 1134 2947 γάρ
1164 2847 1243 2924 ἐστι
1274 2847 1317 2923 δι’
1350 2848 1463 2924 αὑτοῦ
1488 2845 1560 2920 τοῖν

352 2969 477 3074 Λόγου
506 2972 734 3075 παρενεχθεὶς
762 2974 811 3053 είς
840 2967 990 3069 γε’νεσιν·
1028 2969 1160 3070 διέρπει
1189 2967 1255 3065 μέν
1287 2965 1353 3066 τὴν
1389 2968 1465 3046 ἅνω
1493 2963 1536 3042 καί

321 3097 448 3202 οοιῦτηῖ
473 3100 672 3198 ταχθεῖσαν
690 3091 784 3190 ὁδὸν,
803 3090 949 3192 καθίησι
977 3091 1015 3172 δέ
1038 3100 1112 3176 τοῖς
1130 3091 1362 3197 ἁπανταχόσε
1384 3097 1476 3198 φῶς,
1493 3088 1536 3166 κιῖ

350 3215 470 3298 πάντα
494 3225 646 3320 πληρῶν
664 3219 727 3315 τῆς
750 3216 794 3323 ἐξ
815 3217 924 3296 αὐτοῦ
947 3215 1189 3319 προχεομένης
1207 3217 1329 3316 αὐγῆς,
1349 3215 1426 3320 ἔχει
1443 3212 1536 3294 πάλιν

350 3340 463 3439 αὐτὴν
486 3343 523 3419 ἐν
541 3343 680 3449 ἑαυτῷς
711 3339 799 3421 πότε
827 3339 947 3418 τοίνυν
966 3342 1030 3418 οὐκ
1057 3337 1102 3437 ἦν
1120 3341 1157 3418 ἐν
1177 3339 1297 3440 Πατρὶ
1321 3336 1362 3416 τὸ
1384 3335 1534 3435 ἀπαύγα·

352 3498 432 3562 σμα
456 3467 520 3563 τῆς
549 3460 657 3569 δόξης
685 3465 822 3558 αῦτοῦς
863 3461 951 3543 πότε
981 3460 1197 3564 κεχώρισται
1223 3465 1287 3560 τῆς
1316 3462 1561 3541 ῦποστάσειυιᾱ

352 3587 499 3668 αῦτοῦό
526 3585 712 3692 χαρακτὴρ
730 3588 865 3682 αὐτοῦς
894 3588 952 3666 καὶ
976 3590 1004 3664 εί
1025 3583 1069 3664 τὰ
1095 3583 1213 3665 πάντα
1239 3593 1467 3690 πληροῦντας
1488 3585 1534 3660 τοῦ

387 3860 443 3932 3.'
512 3884 562 3917 σον
573 3862 602 3916 δέ
613 3861 679 3919 ἴσως
691 3862 743 3916 boc
755 3861 848 3916 ordine
860 3864 894 3917 Α.
907 3861 972 3918 Ιιὀως
984 3863 1011 3918 δι’
1024 3861 1155 3935 ιἠγνόησιιν
1169 3860 1220 3916 Ed.
1328 3931 1334 3942 .
1383 3882 1411 3930 4.
1430 3863 1531 3924 ποσότητι

350 3931 1064 4057 Ὕυῗυῖ’ῖῳπ’μίῖόόμὲἔὲόόοῗοῖἀέῖλῖο
1208 3930 1285 4056 όίδί
1296 3941 1531 4055 ...ww

351 4022 396 4143 ῖς.
414 4043 550 4143 προπέτεῖς
567 4071 720 4142 ἐριίιγεσθαι
732 4073 821 4148 φωνὰς
835 4021 887 4128 hog
899 4072 993 4128 ordine
1005 4071 1040 4126 Α.
1053 4041 1142 4141 φωνὰς
1153 4077 1181 4126 et
1191 4023 1457 4140 προπεέεῖόείοῑετῦῦ
1466 4079 1530 4123 mus·

350 4145 427 4215 ponit
440 4142 491 4198 Ed.
545 4143 596 4212 ὅση
608 4143 679 4198 A.D.
692 4142 744 4198 ὅσα
757 4142 809 4197 Ed.
1002 4158 1043 4209 15.
1062 4146 1126 4196 πότε
1139 4141 1243 4197 Α.Ῑ“.Π.
1256 4146 1274 4171 “
1284 4142 1318 4194 al.
1330 4143 1397 4196 πότε
1405 4143 1420 4162 “’
1435 4141 1482 4196 Ed.
1491 4153 1530 4204 mg·

350 4219 406 4272 πῶς
418 4212 469 4269 Ed.
524 4213 784 4305 θιὸρίιαοειιελλλ
912 4213 953 4267 18.
972 4212 1013 4302 ηαὶ
1026 4229 1079 4298 οιρ.
1095 4212 1199 4334 Μὶηρε.)
1329 4225 1371 4280 19.
1391 4205 1529 4277 δδλτηδ

350 4286 401 4355 γὰρ
415 4285 451 4339 D.
465 4283 518 4339 Ed.
564 4287 702 4353 εντνόησον
713 4285 747 4339 A.
760 4285 912 4352 εννενδησον
923 4282 958 4336 D.
972 4303 1104 4336 εννοουσιν
1116 4300 1142 4351 g.
1164 4321 1171 4333 .
1184 4282 1294 4348 ινδησον
1307 4279 1358 4335 Ed.
1435 4299 1474 4336 αο-
1489 4297 1528 4348 w*

350 4357 425 4423 νητὸς
438 4354 488 4409 Ed.
502 4355 591 4410 invitis
604 4354 739 4409 omnibus.
777 4353 872 4407 Statim
890 4353 925 4407 δν
940 4351 1067 4422 A.D.g.h.
1083 4351 1185 4421 Migne.
1199 4351 1234 4406 ὡς
1247 4349 1297 4404 Ed.
1421 4369 1462 4407 τι.
1478 4347 1529 4418 72¹¹*-

350 4445 395 4478 σιν
407 4425 536 4492 A.D.g.h.
548 4425 668 4495 γέννησιν
681 4424 731 4478 Ed.
780 4429 831 4478 τῶν
844 4441 892 4494 pro
904 4423 950 4491 τὴν
962 4424 996 4477 Α.
1101 4438 1144 4476 22.
1162 4421 1219 4490 φῶς
1231 4419 1321 4491 A.g.h.
1335 4421 1366 4474 τὸ
1379 4425 1439 4491 φῶς
1451 4422 1482 4474 Ι).
1493 4413 1527 4469 Ed·

352 4509 396 4560 ²⁴·
414 4495 480 4548 οὔτ’
496 4495 546 4549 Ed.
559 4495 649 4550 invitis
662 4494 796 4550 omnibus.
851 4491 891 4564 ἐν]
909 4500 936 4557 †
953 4497 988 4566 τῷ
1002 4492 1058 4564 g.h.
1286 4490 1328 4544 26.
1348 4492 1370 4546 εἰ
1384 4499 1527 4560 assumptum

499 4564 555 4633 μὴ.
