3284 5130
132 350 200 412 xix.
214 369 267 436 30.
409 349 466 418 IN
496 349 530 414 S.
554 349 576 414 J
582 347 811 414 OANNEM.
859 346 953 414 LIB.
977 347 1059 413 XII.
1290 350 1331 414 95

132 510 360 615 παραλόγοις
401 512 611 615 τολμήμασι
651 511 775 612 μόναις
821 519 898 598 ταῖς
934 513 1070 592 ἑαυτῶν
1105 514 1334 607 δυσσεβείαις

133 635 393 734 ἁμιλλώμενοι.
432 637 614 742 τοιγάρτοι
636 635 694 718 διὰ
717 640 840 744 φωνῆς
865 633 1030 739 Ἰεζεκιῆλ
1056 645 1120 717 τοῦ
1145 635 1334 743 προφήτου
1347 651 1501 710 οΙΟΘΘΔ.

132 758 227 862 πρὸς
251 757 319 859 τῆν
345 767 418 842 τῶν
443 760 625 842 Ἰουδαίων
652 761 800 863 μητέρα,
821 763 915 869 φημὶ
942 758 985 861 δῆ
1011 762 1077 859 τὴν
1094 759 1334 863 Ἰερουσαλὴμ

135 883 298 988 ἔφασκεν
326 886 346 964 ὁ
375 882 469 970 θεός
496 895 518 932 “
535 883 667 970 Καθδνς
694 885 876 984 ἐποίησας,
908 885 1020 968 οὕτως
1049 883 1152 965 ἔσται
1179 913 1252 965 σοι·
1291 883 1334 965 τὸ
1380 915 1505 982 οτι-αις.

101 1017 159 1100 5“
175 1005 411 1106 ἀνταπόδομά
438 1043 510 1089 σου
526 1007 857 1108 ἀνταποδοθήσεται
882 1014 930 1094 είς
954 1007 1118 1115 κεφαλήν
1138 1009 1239 1104 σου,”
1278 1005 1336 1088 διά

136 1128 174 1210 δέ
200 1136 326 1236 φωνῆς
344 1130 503 1212 Ἡσαΐου
521 1131 611 1235 πρὸς
630 1131 694 1212 τὸν
711 1131 942 1229 ἀνομώτατον
959 1131 1113 1235 Ἰσραήλ
1136 1143 1157 1180 “
1173 1134 1268 1213 Οὐαὶ
1285 1138 1337 1241 τῷ
1382 1145 1506 1198 mii-¹¹·

139 1265 161 1302 “
180 1253 316 1363 ἀνόμιρ,
345 1253 487 1358 πονηρά
515 1256 606 1337 κατὰ
633 1253 678 1336 τά
705 1257 794 1360 ἐργα
821 1263 893 1336 τῶν
911 1262 1038 1362 χειρῶν
1061 1256 1170 1336 αὐτοῦ
1192 1255 1337 1355 συμβή-

135 1387 160 1426 “
176 1412 284 1460 σεται
316 1380 447 1487 αάτῷ.”
485 1381 541 1486 ἐφ’
561 1377 678 1460 ἅπασι
705 1378 770 1476 μέν
791 1381 855 1460 οὖν
877 1387 951 1464 τοῖς
977 1378 1046 1479 ἤδη
1073 1379 1338 1477 τετελεσμένοις

135 1503 299 1587 ἀνοσίοις
316 1537 354 1583 τε
374 1506 433 1583 καὶ
451 1505 707 1587 ἐκτοπωτάτοις
726 1502 959 1605 τολμήμασιν
977 1501 1139 1608 ἐπράχθη
1154 1505 1212 1583 καὶ
1230 1511 1372 1586 τοῦτοί)

88 1624 231 1706 ιοκατά
258 1631 433 1728 Χριστοῦ·
477 1627 580 1707 ἔσται
608 1630 638 1708 δ’
669 1627 731 1708 οὖν
764 1627 860 1727 ὅμως
887 1633 935 1712 εἰς
960 1625 1087 1728 ὄνησιν
1115 1625 1287 1730 ήμετέραν
1316 1629 1336 1707 ὁ

136 1747 388 1852 τ’τττογραμμός.
428 1749 597 1851 εἰσόμεθα
624 1749 780 1855 γὰρκαὶ
809 1748 867 1831 διά
891 1751 1019 1832 τούτου
1047 1748 1170 1848 πάλιν,
1189 1750 1245 1831 ότι
1263 1759 1337 1836 τοῖς

135 1873 312 1978 φιλόθεον
330 1873 454 1979 ἔχουσι
472 1873 538 1975 τῆν
556 1873 646 1982 ἕξιν,
668 1877 726 1956 καὶ
744 1874 867 1980 ἀγάπη
885 1881 929 1980 τῆ
949 1879 998 1960 είς
1016 1873 1182 1977 Χριστὸν
1199 1876 1332 1979 ἐρηρει-

136 1993 294 2096 σμένοις,
318 1995 566 2099 ἀκατάληκτος
589 1996 714 2102 ὥσπερ
732 2032 786 2089 τις
812 1997 938 2105 ἴψεται
962 1996 1120 2098 πόλεμος
1144 1997 1243 2101 παρὰ
1264 2004 1337 2078 τῶν

137 2119 370 2225 φρονούντων
386 2120 432 2202 τά
451 2123 600 2220 ἐναντίαι,
619 2121 653 2203 οἳ
675 2126 734 2203 καὶ
754 2123 876 2226 με’χρις
894 2119 1051 2227 ἐσχάτης
1067 2124 1248 2220 ἀναπνοῆς
1266 2119 1335 2222 τῆν

90 2275 124 2336 ¹5
137 2245 215 2323 κατ’
251 2244 368 2325 αὐτῶν
400 2247 530 2344 μανίαν
562 2247 627 2326 οὐκ
659 2246 915 2343 ἀποδάσσνται,
948 2251 1080 2349 δριμεῖς
1111 2244 1336 2352 πανταχόθεν

136 2368 371 2475 ἐξαρτύοντες
394 2368 629 2472 πειρασμοδς,
650 2373 709 2452 καὶ
733 2377 806 2450 πᾶν
825 2366 914 2454 εἶδος
936 2372 1085 2452 ἐπινοεῖν
1109 2369 1334 2473 σπουδάᾷτν-

136 2529 199 2582 τες
228 2503 293 2576 τοῦ
323 2494 525 2604 πεφυκότος
557 2498 699 2578 ἀδικεῖν.
749 2495 835 2577 ἀλλ’
865 2495 990 2599 ὥσπερ
1019 2498 1062 2577 οὐ
1090 2491 1286 2604 κατέληξεν
1315 2499 1367 2581 όο

137 2618 263 2718 πόνος,
292 2619 541 2721 ἀκατάληκτον
570 2620 673 2700 ἐσται
701 2622 759 2700 καὶ
787 2625 851 2720 τῆς
869 2619 1034 2719 εὐθυμίας
1058 2619 1100 2700 τὸ
1124 2623 1248 2719 μῆκος·
1279 2623 1336 2701 καὶ

138 2740 267 2846 ὥσπερ
295 2744 359 2824 οὐκ
386 2744 561 2849 ἐλώφησε
592 2742 639 2824 τά
677 2743 773 2825 δεινὰ
803 2749 861 2824 καὶ
890 2744 913 2844 ῆ
946 2746 985 2824 ἐκ
1013 2751 1077 2824 τοῦ
1108 2741 1336 2847 πειράζεσθαι

86 2897 124 2940 ²0
137 2868 282 2975 θλίψις,
300 2869 413 2951 οὕτως
431 2869 473 2947 οὐ
497 2867 720 2949 πεπαύσεται
744 2875 817 2948 τῶν
835 2868 947 2971 ἁγίων
964 2866 1011 2948 τὰ
1029 2866 1159 2970 άγαθά,
1182 2873 1340 2967 διαμενεῖ

137 2989 178 3070 δέ
195 2989 341 3075 πάντως
360 2994 418 3071 καὶ
437 2990 540 3070 ἔσται
559 2991 718 3093 διηνεκῆς
738 2992 760 3092 ἡ
779 2994 817 3073 ἐκ
835 2996 897 3092 τῆς
916 2990 1176 3093 εὐδοκιμήσεως
1194 2991 1307 3098 χάρις.

129 3205 214 3272 'Ore
241 3201 299 3271 οὖν
321 3204 419 3284 ἔλαβε
445 3205 484 3274 τὸ
507 3205 584 3274 ὄξος
607 3207 625 3275 ὀ
647 3207 785 3288 Ἰησοῦς,
812 3199 884 3272 εἴττε
902 3206 1111 3275 Τετέλεσται·
1148 3207 1202 3273 καί
1224 3207 1335 3275 κλίναι
1350 3235 1389 3292 30

402 3331 461 3400 τιλν
489 3331 638 3422 κεφαλήν
665 3333 839 3424 παρέδωκε
865 3333 904 3400 τὸ
930 3339 1066 3411 πνεῦμα.
1349 3337 1371 3406 d

196 3479 505 3583 Προστεθειμένου
523 3487 597 3564 τοῖς
615 3478 744 3562 ἀλλοις
763 3482 821 3559 καὶ
840 3477 978 3575 τούτου,
994 3478 1200 3560 τετελέσθαι
1220 3481 1336 3586 φησὶν

87 3605 158 3690 25ό
188 3601 319 3706 Σωτῆρ
346 3608 409 3704 τῆς
438 3603 619 3684 Ἰουδαίων
646 3605 813 3698 ἀσεβείας
843 3603 1008 3704 δηλονότι
1037 3601 1079 3684 τδ
1106 3602 1246 3706 με’τρον,
1276 3607 1336 3684 καὶ

134 3731 202 3826 τῆς
228 3733 278 3812 εἶς
303 3726 412 3808 αὐτὸν
428 3728 613 3830 παροινίας
634 3726 700 3828 τῆν
718 3727 937 3830 ὑπερβολήν.
977 3726 1015 3808 τί
1035 3724 1107 3831 γὰρ
1125 3724 1171 3828 ἦν
1187 3726 1238 3807 ἔτι
1262 3734 1336 3813 τοῖς

135 3851 327 3937 Ἰουδαίοις
352 3850 395 3931 τὸ
423 3849 703 3951 ἀνεπιτήδευτον,
729 3851 768 3931 τί
792 3850 831 3931 δέ
860 3857 933 3932 τῶν
964 3857 1012 3935 εἰς
1039 3849 1150 3956 ἀκρον
1179 3851 1336 3951 ἡκόντων

133 3976 395 4077 ἀπανθρωπίας
418 3974 460 4054 οὐ
484 3974 701 4075 μεμελέτητο
713 4005 725 4070 ;
755 3981 858 4060 ποῖος
881 3973 953 4078 γὰρ
978 3975 1091 4059 αἰκίας
1111 3975 1335 4079 παρελείφθη

132 4099 283 4201 τρόπος,
302 4101 438 4201 ὕβρεως
456 4096 494 4178 δέ
516 4102 579 4198 τῆς
598 4095 754 4202 ἐσχάτης
772 4097 811 4177 τί
828 4098 998 4199 παρέντες
1017 4099 1230 4203 ἐφαίνοντο;
1260 4131 1335 4176 τοι·

82 4258 120 4316 30
133 4221 267 4326 γάρτοι
290 4223 431 4304 δικαίως
453 4218 495 4301 τὸ
514 4221 723 4302 τετελέσθαι
748 4225 873 4324 φησὶν,
893 4221 978 4300 ἀλλ’
998 4217 1092 4322 ὥρας
1110 4219 1178 4320 ήδη
1198 4219 1335 4299 καλού-

133 4379 210 4446 σης
236 4349 302 4444 τῆς
328 4350 378 4429 εἰς
399 4341 442 4424 τδ
464 4345 523 4423 καὶ
544 4345 664 4429 αι’ποῖς
686 4339 820 4425 ἐθέλειν
848 4351 921 4429 τοῖς
949 4345 987 4424 ἐν
1014 4341 1101 4451 ᾅδου
1129 4342 1367 4451 διακηρόξαιθ

174 4537 200 4578 2.
218 4522 352 4612 τοιγάρτοι
364 4521 406 4576 καί
418 4520 527 4591 ίεζεκιήλ
540 4521 574 4576 Ε.
593 4591 600 4612 ,
657 4591 663 4610 ‚
717 4537 759 4578 ιο.
776 4522 802 4576 δ’
814 4523 847 4579 Ε.
860 4522 891 4593 δή
904 4519 956 4578 Εδ.
1112 4537 1153 4578 11.
1172 4522 1213 4577 καί
1226 4541 1280 4578 om.
1294 4523 1327 4580 Ε.

138 4611 182 4662 τ4.
200 4591 325 4664 ἐσχατοις
338 4591 370 4650 Ε.
525 4591 566 4649 18.
584 4593 764 4661 ακατοληπτον
777 4593 808 4648 Ε.
962 4609 1005 4665 31.
1022 4589 1087 4666 ᾅδου
1099 4593 1132 4650 Ε.
1144 4590 1193 4667 ᾅδη
1207 4593 1257 4650 Ed.
