3268 5130
107 299 179 365 viii.
194 317 298 382 τμη.
366 300 419 365 IN
444 301 705 366 EPISTOLAM
730 302 794 366 AD
821 302 1054 369 ιιονιλιιοο.
1242 305 1305 369 215

1358 413 1370 450 ι
1399 399 1438 452 M.

111 459 270 564 Πατρός,
289 463 539 564 ε’νεργουμένης
566 467 646 566 περὶ
673 463 739 564 τὴν
761 463 882 570 σάρκα
906 469 1014 547 αι’ττοῖι
1040 471 1104 567 τῆς
1131 465 1221 568 ζωῆς
1249 465 1309 547 διὰ
1333 401 1345 466 [
1375 411 1387 466 ⁷
1450 399 1463 466 l

109 593 178 664 τοῦ
204 583 320 686 Ἀγίου
346 583 565 684 Πνεόματος,
594 585 614 666 ὅ
642 589 741 667 ἔστιν
769 589 889 668 αι’ττοῖι·
930 587 985 669 ὅτι
1013 588 1084 694 γάρ
1112 589 1217 674 αὐτὸς
1244 587 1308 669 τόν

110 706 203 786 ἴδιον
234 707 408 810 ἐζωοποίει
438 707 534 806 ναόν,
563 708 660 813 λε’γει
697 708 788 815 πρὸς
815 712 1007 796 ’Ῑουδαίους
1036 712 1215 792 ίίΛόσατε
1244 711 1433 792 &vs-³⁰⁸²
1447 726 1475 778 fi·

112 839 136 876 “
155 826 242 909 ναόν
265 838 401 928 τοῦτον,
422 834 480 910 καὶ
504 835 542 910 ἐν
559 834 678 934 τρισὶν
697 831 842 936 ἡμέραις
868 835 978 937 ἐγερῶ
1001 832 1142 915 αότόν·”
1182 836 1310 914 οὐκοῦν
1322 806 1362 860 ¹⁹⁸

81 973 99 1032 5
114 948 185 1032 κάν
202 959 231 1031 εἰ
246 953 435 1054 ε’γηγέρθαι
450 954 593 1058 λέγοιτο
610 952 710 1057 παρά
723 964 786 1036 τοῦ
803 953 957 1058 Πατρός,
969 959 1054 1036 ἀλλ’
1070 959 1132 1037 οὖν
1146 955 1252 1040 αὐτὸς
1265 953 1311 1055 ἦν

116 1075 137 1153 ό
156 1075 306 1159 ἀνιστάς
324 1075 382 1154 διὰ
408 1083 472 1156 τοῦ
488 1077 615 1178 Ἀγίου
634 1075 855 1177 Πνειίματος·
885 1078 1005 1159 πάντα
1033 1077 1105 1181 γάρ
1123 1083 1312 1183 ἐνεργεῖται

116 1195 164 1277 τά
181 1202 360 1300 θεοπρεπῆ
378 1199 476 1301 παρὰ
493 1209 557 1280 τοῦ
577 1199 722 1302 Πατρός
741 1199 800 1280 διά
812 1206 902 1282 Υῖοῦ
921 1204 958 1281 ἐν
978 1202 1173 1302 Πνεόματι·
1200 1206 1366 1307 ε’γερεῖυε
1381 1224 1429 1284 Π.

117 1321 236 1401 τοίνυν
256 1327 315 1402 καὶ
335 1320 382 1402 τῖι
399 1322 500 1421 ἡμῶν
517 1323 670 1428 σάματιι
687 1325 726 1402 εἰς
745 1330 877 1425 νεκρῶν
895 1325 915 1403 ό
932 1323 1104 1427 Χριστός.

167 1538 264 1606 Ὀοοι
292 1539 352 1630 τὰρ
379 1538 541 1616 Πνεύμοτι
568 1539 652 1604 Θεοῦ
677 1539 820 1620 ἅτονται,
848 1536 937 1606 οὗτοι
964 1537 1044 1607 εἰσιν
1072 1538 1133 1606 υἰοὶ
1160 1541 1253 1606 Θεοῦ.
1329 1571 1423 1630 14sq,

69 1735 108 1775 10
177 1703 227 1780 Οῖ
255 1699 293 1780 δὲ
320 1699 494 1797 πνεύματι
521 1701 658 1805 ζῶντες,
686 1701 770 1782 οὗτοι
797 1703 855 1781 καὶ
876 1703 1047 1809 Πνεόμιιτι
1074 1701 1228 1805 ι’ίγινται,
1257 1701 1315 1782 διά

36 1851 38 1854 ·
120 1822 162 1904 τὸ
193 1823 507 1928 κατεσφραγίσθαι
535 1829 587 1932 τῷ
609 1823 724 1931 Ἀγίιρ
754 1823 947 1922 Πνεάμοτι,
976 1829 1033 1904 καὶ
1062 1825 1223 1907 δουλείας
1250 1822 1315 1924 μὲν

121 1944 358 2050 ἀπηλλάχθω
385 1949 449 2045 τῆς
476 1949 514 2025 ἐν
542 1944 639 2055 νόμιρ
668 1949 725 2025 καὶ
756 1947 950 2048 γράμματι,
981 1951 1244 2052 μεταφοιτῖησαι
1277 1945 1314 2026 δὲ

121 2075 266 2168 μᾶλλον
293 2075 341 2153 εἰς
368 2069 579 2171 ἐλευθερίαν,
608 2071 665 2148 καὶ
692 2075 948 2171 μαρτυρεῖσθαι
974 2073 1026 2176 τῷ
1052 2074 1115 2168 τῆς
1139 2071 1316 2154 υἱοθεσίας

123 2190 321 2289 Πνεόματι,
354 2190 409 2271 ὅτι
439 2225 478 2271 τε
505 2194 596 2271 εἰσὶν
626 2193 705 2270 υἱοί
726 2196 831 2288 Θεοῦ,
863 2193 921 2271 καὶ
958 2193 995 2270 ἐν
1032 2193 1128 2300 αὐτῷ
1165 2200 1216 2300 τῷ
1253 2199 1317 2293 τῆς

73 2343 109 2402 15
124 2315 300 2400 υἱοθεσίας
327 2314 501 2411 πνεύματι
529 2312 805 2416 διακεκράγασιν
832 2316 957 2410 Ἀββῖι
985 2323 1000 2395 ῖ
1029 2320 1150 2420 πατήρ.

302 2511 403 2605 Εἴπερ
431 2515 669 2602 ουμτιάοχομεν,
695 2514 748 2580 ἵνα
777 2515 829 2578 καὶ
857 2513 1137 2592 συνδοξασθῶμεν.
1333 2538 1368 2600 17

182 2681 430 2779 Κατορθοῖνται
457 2676 522 2775 μὲν
540 2678 617 2782 οά[κ
645 2676 729 2757 ἀνευ
749 2673 874 2782 πόνου]
903 2675 945 2756 τὸ
965 2675 1116 2781 ἀγαθὸν,
1144 2674 1243 2776 πλὴν
1260 2676 1318 2756 ε’πὶ

124 2799 298 2903 μεγάλαις
316 2802 441 2880 ἐλπίσι
460 2807 532 2884 τοῖς
550 2801 663 2902 ἁγίοις
681 2801 701 2878 ό
718 2797 836 2884 πόνος·
866 2805 938 2878 τῶν
956 2799 1025 2903 γὰρ
1043 2799 1204 2903 ἐπιγείων
1219 2797 1320 2880 οὐδὲν

126 2926 243 3006 αὐτοῖς
270 2920 501 3024 ἐπήγγελται,
520 2921 620 3002 ἀλλά
644 2919 734 3028 δόξα
758 2920 945 3024 ἀμήρυτος,
965 2926 1022 3002 καὶ
1040 2930 1112 3003 τῶν
1129 2921 1217 3025 ὑπὲρ
1236 2930 1320 3003 νοῦν

75 3087 113 3128 20
127 3050 184 3125 καὶ
201 3043 313 3148 λόγον
332 3043 354 3145 ἡ
373 3045 523 3152 με’θεξις.
552 3050 585 3124 οἱ
611 3044 681 3148 γάρ
699 3051 771 3124 τῶν
790 3048 846 3125 ἐπὶ
870 3049 935 3147 γῆς
959 3048 1207 3148 ὑπερορῶντες,
1226 3045 1321 3151 ἀξιον

127 3172 185 3249 καὶ
209 3176 282 3249 τῶν
301 3168 470 3248 ἀνωτάτω
496 3174 622 3271 γερῶν·
658 3170 716 3247 καὶ
738 3173 772 3246 οἱ
794 3167 1100 3271 προπεπονηκότες
1124 3171 1162 3247 ἐν
1180 3168 1322 3276 ἀνδρείᾳ

127 3294 187 3371 καὶ
211 3293 382 3396 ὑπομονῇ,
400 3287 583 3389 με’λλουσι
610 3286 801 3398 στεφάνου
820 3290 1013 3370 ἀπολαύειν
1037 3295 1075 3370 ἐν
1093 3293 1322 3394 ἀσυγκρίτοις

129 3416 331 3518 ὑπεροχαῖς·
369 3421 616 3512 μειονεκτεῖται
644 3412 715 3516 γάρ
732 3415 753 3493 ό
771 3421 820 3498 είς
848 3411 976 3516 ἀρετὴν
997 3413 1106 3498 πόνος
1133 3421 1205 3494 τῶν
1231 3412 1323 3513 μετά

129 3544 242 3617 ταῦτα
268 3543 393 3634 τιμῶν.
434 3537 546 3644 δόξαν
573 3535 611 3617 δὲ
638 3537 735 3640 λε’γει
762 3544 834 3617 τῶν
862 3536 986 3638 ἁγίων,
1016 3537 1156 3639 ἐπείπερ
1183 3535 1317 3636 ε’κλάμ·
1335 3549 1460 3665 {ffb

77 3697 115 3758 25
130 3663 269 3764 ψουσιν
288 3664 321 3738 οἱ
339 3661 463 3739 δίκαιοι
488 3658 578 3740 κατὰ
600 3659 740 3762 καιροὺς
763 3663 811 3744 ὡς
830 3661 849 3738 ὁ
869 3659 979 3760 ἥλιος,
997 3661 1034 3738 ἐν
1052 3664 1137 3765 τιμῇ
1157 3664 1213 3738 καὶ
1234 3659 1323 3765 δόξῃ
1383 3628 1444 3680 '⁴³'

130 3784 189 3861 καὶ
224 3785 414 3890 ἀφθαρσίᾳ
446 3781 642 3885 γεγονότες,
676 3785 713 3862 ε’ν
745 3786 796 3888 τῷ
827 3785 1097 3882 μεταβληθῆναι
1130 3783 1247 3862 αὐτῶν
1281 3780 1324 3860 τὸ

130 3911 250 4005 σῶμα,
269 3902 386 3990 καθὼς
404 3905 662 4012 μετεμορφώθη
681 3905 701 3983 ό
719 3903 881 4007 Χριστὸς
900 3907 937 3982 ἐν
955 3907 1007 4011 τῷ
1025 3902 1109 4007 ὄρει.

165 4105 192 4159 3.
210 4088 368 4156 ι’ζωοποίησε
380 4087 414 4142 A.
502 4087 529 4144 6.
547 4091 742 4159 &assumptum
756 4105 788 4142 ex
801 4088 835 4140 A.
848 4094 868 4141 ἱ.
881 4095 931 4142 cet.
1027 4087 1053 4141 8.
1073 4086 1137 4140 Post
1148 4085 1213 4141 haec
1225 4086 1326 4143 scholia

129 4159 190 4224 tria,
207 4175 303 4227 nempe
320 4161 351 4212 τὸ
365 4157 450 4213 τοίνυν
467 4158 664 4230 ῖσουργεῖυ-ἔν
675 4158 760 4227 ἧμῖνο
775 4157 823 4212 lib.
835 4157 879 4210 vii.
896 4155 930 4211 ad
947 4155 1041 4211 Herm.
1056 4155 1117 4223 648,
1135 4155 1195 4210 ἀλλ’
1212 4155 1283 4226 εἴπερ
1295 4155 1326 4225 ἢν

129 4227 365 4296 ὄντας-σημαίνοι
378 4228 536 4283 eTheaauro
545 4231 598 4300 338
611 4247 626 4283 a
637 4229 674 4296 b.‚
684 4229 707 4282 εἰ
719 4228 747 4282 δὲ
760 4225 1001 4297 ζωοποιεῖν-φάσιν
1022 4227 1137 4282 maxima
1150 4236 1223 4298 purte
1236 4245 1251 4282 e
1263 4227 1325 4282 dial.

129 4298 176 4352 vii.
189 4295 224 4351 ad
238 4297 332 4352 Herm.
345 4297 398 4368 656
410 4315 433 4360 ιι,
446 4297 551 4353 exhibet
564 4301 600 4353 A.
725 4316 751 4370 9.
772 4295 897 4351 Scholion
911 4296 961 4352 hoe
974 4266 1045 4352 edidi
1057 4297 1157 4368 exAp.
1166 4314 1224 4365 141.
1262 4297 1327 4354 Post

130 4367 197 4422 haec
209 4367 302 4422 οὐκοῦν
312 4367 336 4421 τί
345 4363 441 4422 τδ-ἃν
452 4367 552 4438 γένοιτο
561 4368 721 4424 οἸῚιεςαοτο
747 4381 803 4438 35e
813 4366 951 4422 exhibetA
962 4385 989 4436 p.
1000 4381 1059 4438 147.
1134 4369 1227 4439 17-28.
1242 4367 1327 4425 Scho-

130 4438 187 4492 lion
199 4437 252 4492 hoc
264 4455 319 4492 non
333 4437 440 4493 exhibet
452 4438 487 4491 A.
630 4455 672 4510 ιη.
691 4460 706 4494 κ
762 4461 777 4492 ν
792 4439 873 4492 πόνου
885 4437 992 4506 supplet
1003 4437 1103 4504 Maius,
1114 4438 1209 4494 lacuna
1222 4448 1327 4508 patente

131 4508 160 4563 in
175 4505 244 4563 God.
353 4509 395 4563 18.
413 4509 536 4579 μεγαλοις
549 4507 582 4564 Β.
629 4507 842 4580 τῶν-ἀμήρυτοτ
853 4524 907 4563 om.
920 4506 966 4576 (ab
979 4527 1019 4564 -ος
1031 4505 1065 4562 οδ
1078 4528 1118 4564 -ος
1129 4510 1279 4568 transiliens
1293 4509 1326 4566 B.
