3294 5130
169 329 287 409 xii.18‚
301 332 353 410 πό,
364 333 416 400 28.
462 333 515 398 IN
544 333 805 400 EPISTOLAM
833 337 897 400 AD
929 336 1180 402 HEBRAEOS.
1301 339 1364 402 415

169 491 269 573 δέδι’
289 501 380 577 Υὶοῦ
405 501 463 577 καὶ
488 495 559 578 σῦν
582 499 679 606 αὐτῷ
703 502 741 579 έν
765 500 946 598 Πνεύμαῃ
972 501 1038 601 ,ἦν
1064 501 1119 609 ἐφ’
1139 506 1275 612 ὁτῳοῦν
1293 509 1366 584 τῶν
1382 451 1450 516 [ιιι
1460 449 1524 515 u]

168 617 358 720 δμνωμένων
375 621 550 727 ἐνεργειάν
567 657 606 702 τε
625 626 683 702 καὶ
701 622 863 722 θέλησιν.

211 877 258 944 Οὐ
286 879 346 969 τὰρ
373 885 639 971 προσεληλύθατε
665 889 774 956 κ.τ.λ.
801 884 947 972 ἔμφοβὸο
974 881 1040 962 εἰμι
1067 885 1121 952 καὶ
1148 887 1315 978 ἔντρομος.
1381 899 1491 975 18sqq.

223 1056 367 1157 Ταύτης
393 1060 453 1137 καὶ
481 1067 544 1138 νῦν
570 1059 744 1159 μέμνηται
767 1064 916 1144 Παῦλος
937 1064 1002 1159 τῆς
1026 1061 1187 1164 ἱστορίας
1214 1065 1272 1141 καὶ
1300 1069 1364 1142 τοῦ

135 1187 305 1280 5καιροῦ,
326 1182 407 1261 καθ’
429 1178 471 1260 δν
494 1183 656 1262 καθίκετο
682 1181 748 1280 μέν
770 1184 808 1262 έν
833 1183 912 1262 εἴδει
940 1182 1053 1284 πυρὸς
1080 1186 1138 1264 ε’πὶ
1164 1183 1206 1263 τὸ
1226 1184 1314 1264 Σινὰ
1344 1186 1364 1264 ὁ

169 1300 274 1399 Θεὸς,
292 1306 351 1383 καὶ
374 1314 395 1351 “
410 1304 512 1409 φωνὴ
531 1309 594 1404 τῆς
613 1306 822 1409 σάλπιγγος
840 1305 919 1411 ἤχει
937 1306 1065 1410 μέγα.”
1098 1305 1143 1406 ἦν
1162 1305 1199 1387 δέ
1218 1307 1361 1411 ἀπρόσ·
1377 1329 1457 1380 Em
1469 1330 1522 1380 xix·

166 1434 306 1523 βλητος
330 1435 403 1511 τοῖς
428 1430 563 1530 ὁρῶσιν
581 1429 603 1528 ἡ
622 1429 695 1525 θέα,
714 1433 772 1510 καὶ
795 1430 988 1515 δῦσοιστος
1007 1431 1030 1530 ἦ
1054 1436 1127 1510 τῶν
1144 1433 1364 1534 σαλπίγγων
1379 1394 1418 1444 ¹⁶⁸

165 1549 250 1654 ἠχή·
281 1549 335 1630 διὸ
354 1551 516 1656 ἔφασκον
533 1561 556 1599 “
570 1553 624 1632 Τὸ
642 1561 715 1655 πῦρ
733 1550 776 1632 τδ
793 1557 887 1656 μέγα
904 1562 1009 1633 τοῦτο
1028 1556 1092 1635 οὐκ
1110 1555 1279 1661 ὀψόμεθα
1296 1555 1361 1653 ἔτι,

166 1681 189 1717 “
208 1675 266 1751 καὶ
285 1675 349 1752 οὐκ
366 1673 596 1773 ἀκουσόμεθα
614 1679 678 1773 τῆς
697 1681 818 1781 φωνῆς
839 1677 974 1780 Κυρίου
992 1685 1057 1758 τοῦ
1075 1684 1172 1759 Θεοῦ
1190 1678 1321 1778 ἦμῶν.”

112 1965 153 2006 10
186 1935 251 2002 Νῦν
279 1934 314 2002 δὲ
341 1935 390 2002 ἔτι
416 1935 613 2011 ἐπήττελται
639 1939 744 2013 λέτων
765 1937 839 2003 Ἔτι
864 1941 952 2008 ἅπαξ
978 1939 1045 2015 esd>
1073 1939 1153 2006 οείω
1179 1941 1217 2006 οὐ
1243 1941 1344 2018 μόνον
1380 1943 1417 2000 26

466 2061 526 2128 τιλν
553 2070 609 2137 τλν
636 2063 721 2128 ἀλλὰ
751 2063 804 2128 καὶ
830 2065 886 2130 τὸν
914 2064 1064 2154 οὐρανόν.

215 2230 342 2331 Ἔγνω
367 2230 433 2332 μέν
457 2232 529 2338 γὰρ
546 2235 566 2312 ό
586 2232 734 2334 οὐρανὸς
755 2232 797 2314 τὸ
821 2235 1031 2339 μυστήριον,
1052 2235 1143 2339 ἔγνω
1172 2234 1211 2315 δέ
1235 2237 1364 2334 ὁμοίως

166 2358 225 2436 καὶ
252 2357 274 2455 ῆ
302 2355 483 2455 σύμπασα
516 2361 577 2460 γῆ·
622 2356 686 2437 δύο
723 2357 795 2462 γὰρ
826 2357 1000 2461 γεγόνασι
1035 2357 1240 2458 μεταθέσεις
1272 2359 1364 2453 βίων

165 2481 346 2583 ἐπιφανεῖς
364 2483 403 2560 ε’κ
421 2490 484 2561 τοῦ
502 2478 637 2566 παντὸς
655 2487 791 2572 αἰῶνος,
812 2485 870 2562 καὶ
889 2487 1053 2582 διαθῆκαι
1070 2483 1134 2563 δύο
1153 2491 1361 2578 καλοῦνται,

107 2631 151 2692 15
166 2604 226 2681 καὶ
250 2606 397 2700 σεισμοὶ
426 2609 502 2706 γῆς,
521 2603 579 2684 διὰ
603 2603 645 2685 τὸ
671 2614 734 2684 τοῦ
761 2602 973 2708 πράγματος
999 2605 1224 2707 περιβόητον·
1258 2602 1364 2705 ἦμέν

166 2724 239 2806 ἀπὸ
266 2732 338 2806 τῶν
355 2727 511 2806 εἰδώλων
528 2730 585 2808 ἐπὶ
612 2728 676 2808 τὸν
692 2726 811 2826 νόμον,
834 2730 856 2828 ἡ
879 2727 917 2809 δέ
941 2728 1013 2809 ἀπὸ
1043 2738 1107 2809 τοῦ
1135 2727 1245 2827 νόμον
1272 2728 1362 2833 πρὸς
1374 2748 1433 2803 125
1449 2745 1496 2804 Μ·

166 2846 210 2928 τῦ
244 2849 463 2952 εὐαγγέλιον·
512 2855 571 2931 καὶ
604 2851 725 2954 τρίτον
761 2850 917 2950 σεισμόν
950 2850 1262 2955 εὐαγγελιζόμεθα,
1296 2851 1363 2951 τῆν

166 2975 327 3054 ἐντεῦθεν
357 2977 413 3055 ἐπὶ
446 2973 492 3053 τὰ
528 2978 640 3055 ἐκεῖσε
673 2972 912 3075 μετάστασιν,
944 2976 989 3055 τὰ
1020 2977 1145 3077 μηκέτι
1176 2977 1363 3075 κινούμενα

165 3095 256 3196 μηδὲ
278 3094 514 3196 σαλευόμενα.

108 3369 152 3410 20
224 3353 284 3424 Διὸ
314 3357 479 3433 βασιλείαν
506 3357 686 3423 ἀσάλευτον
714 3359 1026 3448 παραλαμβάνοντες
1051 3357 1178 3445 ἔχωμεν
1205 3358 1307 3447 χάριν.
1376 3364 1413 3420 28

219 3527 399 3606 Ἐνταῦθα
417 3526 526 3626 ἡδέως
543 3525 588 3607 ἂν
606 3529 750 3632 ἐροίμην
768 3527 850 3612 τοῦς
867 3529 1049 3626 πανθῆναί
1063 3564 1151 3610 ποτε
1169 3529 1234 3629 τὴν
1252 3537 1362 3626 βασι-

164 3650 266 3729 λείαν
282 3655 449 3752 Χριστοῦ
468 3652 680 3754 νομίζοντας,
699 3656 763 3751 τῆς
781 3653 874 3736 τίνος
891 3652 1082 3749 βασιλείας
1101 3656 1362 3752 διαμεμνῆσθαι

165 3782 229 3855 νῦν
255 3774 319 3854 τὸν
347 3773 555 3855 ἀπόστολον
576 3773 753 3880 φήσομεν,
772 3773 817 3874 ῆν
844 3778 902 3855 καὶ
930 3777 1184 3880 ἐρηρεισμένην
1212 3777 1362 3856 ἔσεσθαι

163 3897 271 4000 λέγει,
291 3903 349 3978 καὶ
377 3900 430 3977 ἀεὶ
459 3906 649 4004 λαχοῦσαν
666 3898 708 3978 τὸ
732 3897 1019 3994 ἀκατόσειστονς
1049 3903 1157 3999 δηλοῖ
1175 3898 1247 4002 γὰρ
1266 3895 1366 3998 οἶμαί

106 4057 147 4120 25
162 4055 234 4101 που
252 4026 348 4102 τουτὶ
362 4019 404 4102 τό
422 4024 638 4102 Ἀσαίλεοτιν
669 4021 803 4125 πότερα
821 4020 887 4121 τὴν
899 4028 990 4102 Υίοῦ
1008 4023 1202 4116 βασιλείαν
1219 4025 1257 4101 έν
1274 4021 1359 4101 τοῦ·

161 4178 236 4231 τοις
255 4148 380 4250 φησὶν,
395 4146 506 4248 ἤγουν
519 4144 585 4246 τὴν
605 4145 724 4230 αὐτοῖς
737 4151 811 4229 τοῖς
824 4147 939 4249 ἁγίοις
952 4143 1199 4245 δοθησομένην
1214 4178 1225 4242 ;
1249 4151 1279 4224 εί
1296 4142 1363 4244 μέν

201 4381 243 4416 το.
263 4361 324 4417 Hoc
336 4362 456 4417 scholion
468 4362 565 4417 retinui
577 4379 632 4416 non
645 4361 702 4417 uine
715 4361 890 4416 dubitatione.
1035 4375 1076 4423 12,
1090 4375 1131 4426 14.
1150 4358 1243 4414 Verba
1254 4360 1321 4430 ἔγνω
1333 4360 1361 4414 δι’

162 4433 257 4502 ὁμοίως
269 4443 295 4486 et
307 4433 334 4486 ίκ
346 4436 392 4486 τοῦ
403 4433 498 4488 παντὸς
510 4432 599 4488 αίῶνος
612 4431 707 4486 detrita
719 4441 783 4487 sunt
795 4432 822 4486 in
835 4431 934 4486 codice.
1084 4445 1125 4496 14.
1143 4432 1280 4484 καλοῦνται
1293 4429 1361 4485 Cod.

163 4507 286 4559 καλοῦσαι
299 4503 396 4571 Maius,
410 4503 456 4628 aui
471 4503 666 4558 “Vocabulum
679 4503 837 4573 ambiguum
855 4503 882 4557 in
900 4499 1001 4564 codice,
1014 4501 1096 4555 immo
1112 4510 1138 4554 et
1154 4501 1205 4554 alia
1221 4500 1278 4556 heic
1294 4518 1362 4558 non·

163 4575 238 4630 nulla
250 4591 326 4644 aegre
338 4574 365 4628 in
379 4591 411 4628 co
430 4575 469 4629 ice
481 4575 607 4644 leguntur
615 4575 631 4599 ’³
644 4573 762 4628 adnotat.
935 4587 977 4626 22.
996 4573 1041 4640 τῆς
1054 4571 1144 4626 omisit
1158 4571 1256 4628 Maius.
