3268 5130
111 387 271 457 v.13,14.
359 371 413 437 IN
439 372 700 438 EPISTOLAM
726 373 789 439 AD
817 373 1052 440 ROMANOS.
1244 375 1308 440 183

110 534 254 631 βάσεως
291 533 489 640 γεγόναμεν
524 539 673 637 μιμηταὶ
705 539 790 619 καθ’
825 537 845 618 ό
881 537 1009 627 πάντες
1043 542 1200 648 ἥμαρτον,
1232 545 1310 623 ταῖς
1343 473 1455 541 [⁶³2]

112 658 206 744 ’ίσαις
224 660 343 768 ἐκείνη)
362 661 473 747 δίκαις
491 661 768 764 ὑπενενήγμεθα·
803 664 888 743 ἀλλ’
909 664 951 742 οὐ
972 661 1164 764 μεμένηκεν
1182 666 1306 744 ἀνεπι-

112 783 280 887 κοιίρητος
298 784 321 884 ἡ
340 785 398 864 ὑπ’
418 783 579 888 οὐρανόν,
597 783 795 892 καθῄρηται
813 785 885 890 γάρ
903 787 925 887 ἡ
946 788 1112 889 ἁμαρτία,
1126 784 1311 868 πέπτωκεν

114 909 324 1004 ὁσατανᾶς,
344 905 565 1012 κατήργηται
583 906 622 989 δὲ
641 911 699 989 καὶ
718 911 739 990 ὁ
759 909 923 996 θάνατος.

334 1151 426 1241 Ἀχρι
452 1152 512 1242 τὰρ
539 1153 639 1230 νόμου
667 1152 810 1242 ἁμαρτία
833 1148 873 1220 ἦν
900 1154 936 1220 ἐν
963 1155 1085 1238 κόσμῳ.
1327 1176 1364 1234 13

170 1320 278 1403 0'
238 1358 345 1422 νομος
370 1325 391 1404 ό
416 1321 473 1404 διά
493 1327 693 1425 Μωυσέως,
712 1323 906 1432 ἐ’λεγχος’
884 1361 939 1428 ην,
959 1329 1007 1410 ὡς
1033 1325 1196 1434 ἔφην,
1152 1358 1216 1425 της
1241 1329 1313 1404 τῶν

116 1447 315 1527 πταιόντων
332 1451 584 1546 ἀσθενείας,’
545 1483 587 1529 ον
612 1448 803 1535 λυτικός“
782 1451 968 1600 αμαρτίας·
1009 1445 1254 1552 κατειργάζετο
1275 1443 1448 1596 δέθὲνηῑν·

116 1572 306 1720 μᾶλλον’
289 1570 413 1675 οργῆν·
453 1570 497 1673 ἦν
528 1571 601 1676 γάρ
633 1572 773 1676 ἀνάγκη
805 1608 887 1658 τους
919 1573 1210 1676 παραβαίνοντας
1238 1577 1315 1656 ταῖς

116 1693 270 1803 ἐννόμῳ
298 1695 546 1797 διωρισμέναις
575 1695 820 1802 ὑποφέρεσθαι
848 1699 972 1782 δίκαις·
1013 1731 1054 1776 ου
1037 1694 1120 1776 δὲ
1148 1694 1192 1796 δὴ
1221 1694 1316 1779 ὅλως

65 1855 105 1895 οο
118 1817 358 1921 παραβάσεως
395 1816 538 1922 τρόπος,
571 1822 643 1901 ἐκεῖ
670 1856 741 1901 που
773 1819 917 1907 πάισως
953 1823 1011 1903 καὶ
1044 1819 1211 1924 ἁμαρτία.
1257 1820 1315 1900 καὶ

119 1941 216 2044 εἴπερ
243 1945 343 2022 ε’στὶν
371 1943 527 2045 ἁμαρτία
555 1942 710 2025 θανάτου
734 1943 919 2052 πρόξενος,
937 1941 1043 2026 πᾶσά
1068 1977 1145 2027 πως
1173 1939 1314 2045 ἀνάγκη

118 2068 368 2170 σννερῤῶσθαι
392 2065 510 2168 λε’γειν
529 2068 618 2174 αὐτῇ
644 2068 784 2148 καὶτὸν
802 2068 847 2175 ἐξ
867 2069 975 2166 αι’πῆς
992 2065 1180 2171 ἀναφύντα
1199 2062 1314 2146 θάνα-

119 2219 195 2270 τον·
226 2191 451 2297 καθρρημένη
477 2224 516 2272 τε
544 2190 688 2275 πάντως
715 2192 1055 2300 σνγκατασείεσθαι,
1079 2193 1137 2270 καὶ
1165 2186 1223 2268 οἶά
1249 2223 1317 2291 περ

121 2314 192 2420 ἰδία
209 2315 498 2396 σννδιολλόσθαο
515 2317 639 2470 μητρί·
676 2353 710 2410 ην
728 2317 791 2396 οὖν
809 2315 890 2422 ἀχμ
910 2352 1006 2423 νομιυ
1025 2313 1182 2465 ηίμοιρτίοι
1201 2315 1317 2418 φησὶν

67 2463 107 2525 15
122 2438 151 2519 ἐν
171 2441 301 2546 κόσμῳ·
339 2472 498 2538 κειμενου
525 2437 597 2589 γάρ
615 2438 666 2519 ἔτι
683 2447 747 2520 τοῦ
772 2439 891 2536 νόμον,
911 2440 969 2518 καὶ
995 2434 1042 2518 τά
1065 2441 1128 2537 τῆς
1151 2434 1319 2539 παραβά-

121 2596 216 2646 σεως
233 2561 443 2662 ἐγκλήματα
460 2561 551 2642 κατὰ
569 2569 641 2642 τῶν
658 2560 859 2644 πταιόντων
878 2562 1094 2664 ἐκρατύνετο·
1124 2562 1319 2664 ἀργοῦντος

122 2682 161 2765 δὲ
192 2685 271 2786 ἤδη,
305 2686 482 2767 πέπανται
513 2685 584 2767 σὺν
615 2686 712 2794 αὐτῷ
748 2695 813 2767 τοῦ
847 2686 1083 2788 παραβαίνειν
1119 2685 1142 2784 ἡ
1178 2683 1316 2792 γραφή·

122 2809 347 2910 πεπαυμενης
375 2811 412 2890 δὲ
440 2813 504 2910 τῆς
531 2811 714 2913 ἁμαρτίας,
735 2813 783 2896 ὡς
809 2810 913 2916 ἔφην,
934 2808 1235 2909 σνμπεπαόσεται
1262 2811 1320 2888 καὶ

124 2929 329 3018 ὁθάνατος.

64 3199 110 3242 20
133 3176 220 3244 Ἀλλ’
251 3176 456 3258 ἐβασίλευσεν
483 3179 496 3246 ί
528 3181 668 3244 θάνατος
695 3176 760 3247 ἀπὸ
782 3177 888 3256 Ἀδὰμ
914 3180 1006 3268 μέχρι
1026 3175 1180 3245 Μωσὲωο
1206 3189 1307 3248 κ.τ.λ.
1332 3103 1416 3255 3⁴1.

180 3365 290 3447 Ἀλλ’
309 3371 340 3448 εί
361 3375 478 3466 τοῦτο,
495 3365 575 3447 τίνα
594 3363 728 3470 τρόπον
747 3366 836 3472 φαίη
855 3400 907 3452 τις
927 3366 971 3448 ἀν
988 3367 1232 3472 κατεκράτησε
1250 3373 1323 3448 τῶν

124 3493 184 3573 ε’πὶ
211 3495 274 3592 τῆς
300 3494 369 3594 γῆς
393 3494 451 3571 καὶ
475 3489 547 3594 πρὸ
570 3489 681 3590 νόριον
704 3488 884 3588 θάνατος;
923 3496 953 3570 εί
980 3490 1054 3594 γάρ
1076 3492 1137 3571 καί
1161 3526 1254 3577 τινες
1280 3492 1324 3572 οὔ

126 3612 302 3718 γεγόνασι
333 3619 410 3699 ταῖς
440 3622 505 3695 τοῦ
534 3613 644 3712 νόμον
674 3613 931 3717 παραβάσεσιν
956 3615 1084 3720 ἔνοχοι,
1112 3614 1171 3694 διά
1198 3648 1253 3694 τοι
1281 3612 1323 3695 τὸ

125 3737 238 3840 μήπω
264 3743 443 3819 τεθεῖσθαι
474 3736 539 3820 τόν
572 3736 692 3838 νόμον,
720 3736 806 3818 ἀλλ’
835 3740 1018 3820 ὑπέδυσαν
1044 3741 1104 3819 καὶ
1131 3739 1231 3818 αὐτοὶ
1260 3735 1327 3834 τὴν

64 3893 111 3956 25
127 3860 272 3974 φθορὰν
296 3863 352 3943 ἐπὶ
381 3870 428 3972 τῷ
456 3861 643 3969 ίμοιάματι
671 3861 729 3955 τῆς
759 3861 999 3968 παραβάσεως
1026 3858 1156 3970 Ἀθάμ·
1205 3860 1327 3959 ὅμοιον

125 3990 218 4068 ὡσεὶ
236 3987 337 4089 λε’γοι
354 3982 463 4092 τυχόν
481 3985 754 4090 Ἐπιτρέχοντος
773 3993 837 4064 τοῦ
855 3985 1011 4066 θανάτου
1030 3986 1114 4066 καθ’
1135 3985 1327 4083 ὁμοιότητα

124 4110 196 4213 τὴν
221 4107 342 4210 Ἀδάμ
367 4107 409 4190 τό
427 4109 471 4216 ἐξ
495 4111 604 4188 αὐτοῦ
632 4114 705 4190 πᾶν
723 4105 837 4210 γε’νος,
855 4106 981 4210 ὥσπερ
1007 4115 1124 4214 φυτοῦ
1149 4105 1329 4190 παθόντος

124 4232 274 4334 βλάβος
290 4240 338 4318 εἰς
355 4231 466 4338 ῥίζαν,
478 4231 582 4313 πάσά
601 4267 677 4316 πως
696 4231 835 4334 ἀνάγκη
852 4228 935 4314 τοὺς
952 4229 997 4336 ἐξ
1012 4231 1122 4309 αὐτοῦ
1136 4227 1329 4332 γεγονότας

125 4359 367 4464 μαραίνεσθαι
392 4363 543 4441 κλῶνας.
581 4355 694 4438 τόπον
711 4355 822 4460 γεμὴν
841 4351 949 4436 αὐτὸν
967 4355 1022 4435 τοῦ
1042 4350 1225 4460 με’λλιιτις
1243 4348 1335 4434 εἶναί

170 4611 195 4668 6.
216 4613 288 4668 dale.
301 4629 356 4667 om.
371 4609 405 4667 B.
525 4621 550 4679 7.
569 4611 737 4680 κατεργάζιτο
751 4607 783 4664 Β.
905 4621 946 4678 13.
966 4605 1106 4677 κατηρμίνη
1118 4605 1180 4678 (sic)
1194 4606 1296 4678 Migne.
