3284 5130
309 335 373 402 182
613 334 652 398 B.
677 331 886 397 CYRILLI
916 331 1208 396 ALEXANDR.
1325 354 1377 396 xx,
1392 349 1444 408 22,
1458 350 1509 415 23.

213 561 218 568 -
311 497 356 579 ἀν
379 532 413 578 τι
442 497 613 601 δράσειαν
637 504 710 577 τοῖν
735 495 963 602 ἀρεσκόντων
981 502 1074 604 Θεῷ,
1092 497 1176 575 ἀλλ’
1197 496 1271 575 οὐδ’
1292 493 1337 574 ἀν
1355 499 1429 574 τῶν
1446 497 1511 591 τῆς

141 639 237 719 apua.
312 623 486 726 ἁμαρτίας
504 619 1030 726 κατανεανιεύσαιντοβρόχων,
1049 619 1101 721 μὴ
1126 619 1191 720 τῆν
1209 618 1253 727 ἐξ
1276 621 1392 727 ὕψους
1415 615 1506 723 πρό·

141 721 212 757 mv.
224 721 265 773 ⁴⁹⁸
312 779 416 849 τερον
434 744 667 845 ἐνδυσάμενοι
686 743 845 846 δύναμιν,
863 749 922 825 καὶ
941 748 989 828 εἰς
1008 743 1127 848 ἕτερόν
1145 779 1179 824 τι
1197 745 1280 846 παρ’
1302 743 1389 847 ὅπερ
1413 740 1511 843 ἦσαν

282 907 300 950 ο
311 869 690 975 μεταστοιχειούμενοι.
743 867 798 950 διδ
834 872 893 950 καὶ
930 868 1020 972 πρός
1056 904 1136 949 τινα
1167 875 1239 949 τιῦν
1270 866 1511 972 ἀρχαιοτέρων

142 997 266 1113 β’·
312 995 467 1095 ἐλέγετο,
487 993 541 1074 ὅτι
560 1004 582 1042 “
596 995 734 1074 άλεῖται
753 996 809 1074 ἐπὶ
828 993 873 1072 σὲ
893 998 1040 1092 Πνεῦμα
1062 993 1207 1095 Κυρίου,
1225 995 1284 1072 καὶ
1306 987 1541 1095 στραφήσῃὸ

143 1129 231 1243 1pr
312 1127 334 1164 “
353 1123 402 1201 είς
435 1116 549 1220 ἀνδρα
581 1118 730 1216 ἀλλον,”
755 1116 932 1223 ἀλλάξειν
959 1116 997 1197 δὲ
1026 1115 1133 1222 ῖσχῦν
1161 1113 1242 1201 τοῦς
1270 1116 1510 1212 ὑπομένοντας

143 1208 183 1258 ³⁶
310 1238 375 1321 τὸν
412 1240 508 1322 Θεὸν
544 1244 602 1322 καὶ
644 1243 664 1321 ό
702 1240 893 1348 προφήτης
930 1242 1013 1341 ἡμῖν
1048 1239 1208 1324 Ἡσαΐας
1246 1238 1508 1341 ἐπηγγέλλετο·

312 1369 462 1450 Παῦλος
486 1364 524 1446 δέ
548 1367 569 1445 ό
595 1364 810 1470 σοφάτατος
836 1364 1078 1446 κεκοπιακέναι
1103 1364 1258 1469 φάσκων
1284 1362 1371 1464 ῦπέρ
1395 1396 1508 1459 τινας,

311 1490 350 1570 έν
386 1496 461 1572 τοῖς
498 1491 754 1574 ἀποστολικοῖς
791 1489 959 1589 δηλονότι
994 1488 1281 1593 κατορθώμασιν,
1319 1485 1510 1588 ἐπήνεγκεν

146 1629 266 1680 mom.
311 1610 423 1711 εῦθῦς,
452 1610 507 1692 ὅτι
534 1623 557 1660 “
572 1615 652 1694 Οῦκ
683 1611 754 1715 ε’γόι
788 1612 837 1711 δέ,
865 1615 949 1693 ἀλλ’
978 1615 1002 1714 ῆ
1032 1611 1135 1718 χάρις
1164 1622 1228 1694 τοῦ
1257 1617 1352 1692 Θεοῦ
1383 1611 1406 1709 ἡ
1438 1608 1511 1690 σῦν
1527 1643 1564 1685 ιο

146 1709 186 1746 ¹⁰⁰
311 1747 334 1784 ‘⁴
352 1736 464 1836 ε’μοί.”
492 1736 585 1838 πρὸς
609 1735 653 1816 δέ
672 1771 714 1840 γε
738 1736 854 1845 τούτῳ
878 1735 1017 1817 κάκεῖνό
1042 1744 1173 1842 φαμεν,
1190 1740 1237 1820 ὡς
1262 1737 1326 1816 οῦκ
1351 1731 1397 1813 ἀν
1415 1732 1511 1818 ὅλως

311 1862 473 1959 συνῆκαν
499 1858 541 1939 τό
569 1861 627 1940 ε’πὶ
656 1867 808 1968 Χριστῷ
834 1859 1043 1963 μυστήριον,
1073 1863 1147 1940 οὐδ’
1175 1861 1220 1940 ἀν
1248 1863 1403 1963 ἀκριβεῖς
1431 1857 1508 1960 ε’γέ-

278 1997 418 2064 δνοντο
439 1987 686 2088 μυσταγωγοῖ,
704 1989 734 2065 εἰ
758 1984 809 2084 μὴ
836 1984 894 2065 διά
920 1989 983 2084 τῆς
1007 1993 1071 2066 τοῦ
1092 1986 1301 2084 Πνεύματος
1319 1982 1510 2090 δᾳδουχίας

313 2106 424 2191 ίόντες
453 2112 502 2193 είς
529 2108 765 2216 ἀποκάλυψιν
792 2115 865 2189 τῶν
892 2107 978 2213 ὑπὲρ
1008 2118 1092 2190 νοῦν
1116 2111 1173 2190 καὶ
1201 2108 1324 2212 λόγον,
1348 2103 1438 2210 πρὸς
1467 2104 1510 2185 τὸ

312 2229 494 2312 διδάσκειν
522 2233 635 2316 οὕτως
662 2230 687 2310 ἀ
712 2237 805 2337 χρῆν
832 2233 1034 2328 ἀναβαίνειν
1063 2231 1276 2338 ἰσχύουσαν·
1311 2229 1411 2332 λέγει
1437 2228 1509 2333 γάρ
1526 2263 1562 2324 15

145 2367 268 2431 Μία·
313 2365 335 2402 “
354 2355 483 2439 Ούδεὶς
520 2354 665 2437 δύναται
701 2362 809 2437 εἰπεῖν
849 2356 980 2460 Κύριος
1012 2355 1185 2458 Ἰησοῦς,”
1215 2353 1306 2436 κατά
1342 2353 1409 2455 τῆν
1444 2363 1510 2435 τοῦ

314 2475 466 2559 Παύλου
491 2478 627 2586 φωνὴν,
646 2484 708 2559 “εἱ
731 2479 781 2580 μῆ
806 2483 844 2560 ἐν
864 2480 1047 2578 Πνεῦματι
1065 2481 1215 2588 Ἀγίιρ.”
1245 2477 1363 2580 ἐπειδὴ
1390 2479 1510 2559 τοίνυν

311 2602 466 2704 ἔμελλον
494 2605 584 2706 ἐρεῖν
611 2601 666 2708 ὅτι
696 2602 828 2706 Κύριος
854 2602 1006 2704 Ἰησοῦς,
1035 2604 1230 2702 τουτέστιν,
1259 2602 1511 2706 ἀνακηρύττειν

310 2723 419 2806 αὐτόν
443 2729 492 2811 ὡς
520 2726 615 2806 Θεὸν
641 2730 698 2808 καὶ
729 2728 871 2831 Κύριον,
890 2729 1090 2830 ἀναγκαίως
1117 2727 1185 2828 ἤδη
1213 2727 1343 2809 λοιπὸν
1369 2730 1421 2835 τῷ
1446 2731 1511 2826 τῆς

312 2851 522 2948 ἀποστολῆς
540 2849 716 2956 ἀξιώματι
734 2850 1018 2955 παρεζευγμένηυ
1036 2851 1198 2958 δέχονται
1220 2850 1287 2950 τὴν
1304 2859 1369 2931 τοῦ
1388 2850 1508 2931 Πνεύ-
1526 2888 1564 2928 ιο

311 3007 425 3074 ματος
453 2972 567 3077 χάριν,
591 2973 750 3059 διδόντος
778 2975 863 3054 αὐτὸ
891 2984 955 3056 τοῦ
980 2982 1155 3079 Χριστοῦ,
1179 2980 1237 3056 καὶ
1264 2978 1331 3081 οῦχ
1359 2979 1406 3060 ὡς
1433 2982 1513 3059 ταῖς

313 3095 433 3198 ἑτέρου
469 3098 691 3204 φιλοτιμίαις
728 3099 1000 3200 διακονουμένου
1037 3098 1156 3207 τυχόν,
1193 3109 1433 3205 χορηγοῦντος
1472 3097 1511 3178 δέ

313 3226 459 3318 μᾶλλον
476 3218 521 3327 ἐξ
533 3221 671 3301 ἑαυτοῦ·
711 3221 824 3322 διῆκοι
843 3224 914 3326 γάρ
931 3223 977 3304 ἀν
995 3226 1062 3329 οὐχ
1080 3226 1203 3327 ἑτέρως
1229 3230 1277 3308 εἰς
1302 3225 1394 3324 ἡμᾶς
1411 3221 1512 3325 παρὰ

316 3341 460 3446 Πατρός
483 3350 513 3424 εἰ
538 3343 589 3444 μὴ
615 3347 657 3424 δι’
678 3351 780 3426 Υῖοῦ.
821 3349 841 3426 ὁ
860 3346 925 3446 μὲν
943 3349 1005 3428 οὖν
1023 3351 1170 3454 ἀρχαῖος
1188 3353 1247 3428 καὶ
1265 3351 1303 3428 ἓν
1322 3348 1512 3452 γράμμασι

314 3463 432 3567 νόμος,
462 3466 568 3551 σκιάς
601 3469 693 3575 έχων
727 3473 784 3550 καὶ
816 3473 948 3555 τύπους
979 3479 1050 3553 τῶν
1080 3475 1271 3573 ἀληθινῶν,
1300 3505 1512 3570 σωματικω-
1527 3501 1566 3561 ι5

315 3590 432 3694 τέραν,
450 3591 492 3671 ’ἶν’
513 3592 625 3678 οὕτως
643 3593 740 3692 εἴπω,
758 3599 816 3674 καὶ
838 3598 877 3676 ε’ν
894 3598 1104 3702 παχυτέροις
1122 3597 1303 3699 ὁρωμένην
1319 3595 1512 3698 πράγμασι

313 3712 380 3816 τὴν
400 3722 473 3795 τῶν
491 3718 595 3818 ίεριῦν
611 3716 809 3822 ἀνάρρησιν
827 3727 1011 3802 τελεῖσθαι
1034 3720 1288 3825 προσέταττεν.
1328 3722 1348 3800 ό
1367 3719 1438 3823 γάρ
1457 3752 1513 3798 τοι

146 3839 486 3942 memmimus
511 3845 686 3940 Μωυσῆς,
707 3847 804 3922 Θεοῦ
830 3843 943 3925 πάλιν
962 3846 1059 3953 αύτῷ
1083 3843 1384 3949 προστάττοντος,
1404 3846 1513 3924 ὕδασι

145 3981 223 4098 ffik
313 3965 380 4066 μὲν
409 3963 639 4068 άπονίξεσθαι
675 3963 739 4047 τόν
771 4000 809 4046 τε
838 3965 983 4071 Ἀαρὼν
1015 3970 1123 4050 αὑτὸν
1156 3972 1213 4050 καῖ
1251 3966 1332 4052 τοῦς
1363 3966 1514 4051 Λευίτας

224 4083 231 4099 ’
314 4088 482 4172 ε’κελευεν·
514 4085 589 4172 εἶτα
611 4087 675 4168 τὸν
692 4094 756 4190 τῆς
778 4091 996 4177 τελειώσεως
1020 4092 1263 4202 κατασφάξας
1288 4089 1387 4196 κριὸν
1405 4092 1510 4172 κατέ·
1529 4127 1570 4185 30

352 4299 376 4335 1.
394 4282 499 4373 δράσειε
512 4283 573 4340 E..
631 4355 639 4376 ἱ
662 4355 669 4377 ἢ
699 4302 724 4341 2.
743 4285 996 4343 κατανεανιεύσαιντο
1008 4287 1126 4430 διμδθῑρ
1254 4304 1295 4370 ς3.
1314 4287 1339 4341 οἳ
1371 4287 1511 4358 τοείΕηρ

314 4353 539 4478 adingam&
556 4371 809 4496 ηιόοαῖῖίίῗθοςώο
825 4437 929 4483 errante
939 4359 1289 4501 ²e5'sfflgeszdrffiffic)
1302 4357 1512 4485 Παιόῦίδῦῦοὶῗιίιῗ

313 4490 491 4574 αδμοῑιιὶριιο
503 4492 574 4549 Aub.
666 4497 708 4552 28.
728 4498 796 4570 αὐτῷ
812 4497 948 4570 Ε.ρ.οι’πό
961 4499 1013 4555 Ed.
1064 4499 1137 4554 ὕδατι
1149 4518 1173 4554 α.
1266 4517 1309 4572 ²9·
1326 4499 1512 4555 ἀπονίπτεσθαι

315 4559 377 4634 (τις)
391 4581 418 4634 p.
525 4579 569 4634 30.
587 4563 722 4622 ι’κέλευσεν
733 4584 760 4638 p.
