3298 5138
319 335 382 400 102
622 333 662 398 B.
686 332 900 398 CYRILLI
929 331 1221 400 ALEXANDR.
1322 330 1389 394 xix.
1402 341 1520 416 31-35.

267 555 358 638 3101
388 553 447 625 οὖν
471 553 638 640 Ἰουδαῖοι,
668 557 741 625 έπεί
766 555 957 647 παρασκευιί
995 551 1045 638 ιίν,
1077 555 1131 622 ίνα
1162 555 1206 633 μιί
1243 552 1337 644 μείνη
1372 549 1428 617 ὲττί
1462 555 1520 615 τοῦ

370 689 510 774 σταυροῦ
529 682 569 750 τά
594 683 731 762 σῶματα
754 683 790 749 έν
809 687 858 769 τῷ
881 684 1042 768 σαββάτῳ·
1080 678 1120 749 ιίν
1139 682 1199 771 τάρ
1218 681 1343 758 μετάλη
1367 678 1386 744 ιλ
1412 677 1520 766 ἡμέρα

368 808 477 876 έκείνη
500 815 556 876 τοῦ
580 809 751 889 σαββάτου·
788 807 964 898 ἀρῶτησαν
985 806 1042 876 τὸν
1060 809 1214 889 Πιλάτον,
1238 807 1292 872 ἵνα
1318 803 1520 878 κατεατῶσιν

369 935 479 1002 αὐτῶν
506 934 546 1001 τὰ
574 936 675 1002 σκέλη
705 935 759 1001 καὶ
784 935 942 1024 ἀρθῶσιν.

376 1084 458 1163 Οὐκ
480 1083 671 1179 εὐλάβειαν
688 1085 937 1186 ἐπιμαρτυρῶν
954 1089 1027 1167 τοῖς
1046 1083 1177 1183 ἀγρίως
1195 1115 1234 1160 τε
1257 1082 1316 1160 καὶ
1337 1078 1519 1183 ἀνημέρως
1534 1105 1552 1166 5

288 1214 520 1314 ομιαιφονεΐν
548 1204 703 1306 εἰωθόσι,
729 1211 786 1288 καί
819 1210 876 1288 ε’πὶ
904 1214 978 1293 τοῖς
1002 1209 1115 1290 οὕτως
1145 1206 1304 1289 ἀνοσίοις
1336 1237 1517 1306 κατεγνω-

319 1328 474 1430 σμένοις,
493 1331 539 1411 τά
563 1329 710 1412 τοιαῦτά
735 1339 853 1438 φησιν
871 1333 891 1411 ό
913 1329 1084 1435 μακάριος
1104 1324 1391 1433 Εὐαγγελιστὴς,
1409 1329 1519 1408 έκεῖνο

318 1451 359 1535 δέ
381 1454 495 1535 πάλιν
512 1454 704 1541 ε’πιδεικνάο
727 1455 907 1540 ἀσυνέτως
928 1489 967 1536 τε
995 1458 1054 1535 καὶ
1081 1457 1228 1554 ἀμαθῶς
1256 1450 1512 1551 ὑπομείναντας,

150 1573 273 1704 ἓξὲξ
320 1577 408 1682 ἀπερ
425 1578 496 1686 ἔφη
515 1577 688 1682 Χριστός·
716 1576 913 1681 διυλίζουσι
931 1577 1004 1681 γάρ
1024 1589 1045 1626 “
1058 1574 1122 1657 τὸν
1137 1577 1300 1675 κώνωπα,
1314 1573 1381 1675 τὴν
1399 1572 1515 1674 κάμη-

319 1712 341 1751 “
359 1712 426 1782 λον
445 1702 727 1801 καταπίνοντες,”
747 1700 793 1782 τά
810 1700 876 1800 μέν
895 1701 967 1805 γὰρ
984 1708 1058 1782 τῶν
1075 1698 1317 1802 ἀσεβημάτων
1335 1702 1517 1804 ότερφερῆ
1536 1730 1574 1770 10

318 1859 358 1906 τε
376 1828 434 1906 καί
452 1825 623 1906 πάνδεινα
640 1822 754 1927 λόγου
771 1832 958 1910 παντελῶς
977 1822 1118 1909 οὐδενός
1142 1824 1323 1931 ἀξιοῦντες
1342 1825 1517 1903 ἁλίσκον-

318 1977 390 2031 ται·
428 1945 474 2029 τά
493 1949 536 2029 δέ
558 1982 604 2051 γε
624 1947 828 2029 λεπτότατά
855 1983 893 2028 τε
921 1951 979 2028 καί
1006 1948 1232 2051 σμικρότατα
1259 1945 1350 2047 μετὰ
1375 1950 1519 2046 πολλῆς

318 2105 414 2158 τινος
441 2076 505 2172 τῆς
532 2073 712 2176 ἀκριβείας
739 2071 1037 2176 περιεργάᾷννται,
1057 2074 1139 2154 καθ’
1169 2071 1335 2174 ἑκάτερον
1362 2071 1515 2170 ἀμαθαί-

319 2230 451 2280 νοντες.
491 2199 549 2278 καί
567 2197 694 2298 γείτων
713 2197 732 2276 ό
750 2193 911 2302 ἔλεγχος.
946 2194 1022 2277 ἰδοὺ
1040 2195 1111 2301 γὰρ
1141 2195 1216 2277 ἰδοὺ
1235 2193 1400 2300 Χριστὸν
1426 2197 1518 2275 άπο-

319 2322 515 2405 κτείναντες
535 2316 602 2421 τὴν
620 2321 650 2402 έν
669 2321 850 2430 σαββάτῳ
869 2318 956 2400 αἰδῶ
973 2329 1156 2402 ποιοῦνται
1178 2322 1261 2424 περὶ
1285 2327 1440 2418 πολλοῦ,
1459 2319 1515 2399 καί
1533 2349 1571 2408 15

284 2450 392 2530 ἀτοΐς
421 2441 508 2548 ὑπὲρ
535 2443 650 2546 λόγον
675 2444 887 2545 τολμήμασι
914 2443 978 2526 τόν
996 2446 1192 2546 νομοθέτην
1210 2446 1433 2548 ὑβρίσαντες,
1451 2442 1517 2543 τὴν

316 2571 367 2653 εἰς
390 2566 454 2649 τόν
478 2566 589 2668 νόμον
609 2567 799 2665 εὐλάβειαν
820 2567 1112 2674 σχηματίζονται·
1151 2569 1315 2675 μεγάλην
1339 2567 1378 2648 δέ
1403 2569 1518 2648 οὖσαν

317 2693 435 2773 ἐκείνου
454 2691 498 2792 δὴ
519 2691 683 2790 μάλιστα
710 2695 766 2774 τεά
793 2691 981 2788 σαββάτου
1008 2691 1075 2795 τὴν
1094 2693 1216 2802 ἡμέραν
1234 2701 1519 2795 προσποιοῦνται

316 2822 433 2916 τιμᾶν,
454 2821 487 2896 οί
509 2814 573 2896 τόν
590 2820 653 2916 τῆς
678 2815 839 2919 μεγάλης
857 2817 988 2920 ἡμέρας
1006 2815 1192 2902 ἀνελόντες
1212 2816 1356 2920 Κύριον,
1376 2817 1521 2898 αἰτοῦσί

318 2973 357 3020 τε
367 2937 474 3044 χάριν
484 2939 550 3039 τὴν
568 2940 686 3024 αὐτοῖς
700 2942 758 3020 καὶ
771 2940 892 3040 μόνοις
906 2941 1221 3043 πρεπωδεστάτην.
1249 2939 1517 3044 συνθραόεσθαι
1532 2970 1573 3010 ²0

319 3060 393 3166 γάρ
408 3067 515 3144 αὐτῶν
532 3059 705 3157 τάσκέλη
723 3062 1030 3167 παρακεκλήκασι,
1046 3065 1263 3169 θερμοτέραν
1279 3073 1344 3146 τοῦ
1362 3062 1517 3145 θανάτου

318 3185 385 3287 τὴν
399 3187 540 3295 ἔφοδον,
555 3185 614 3266 διὰ
631 3191 696 3287 τῆς
713 3186 898 3296 ἀφορήτου
916 3185 1046 3271 λοιπόν
1063 3191 1178 3276 αἰκίας
1191 3197 1262 3275 τοῖς
1277 3189 1346 3292 ἤδη
1361 3195 1517 3288 καμοῦσι

319 3305 651 3414 κατασκευάζοντες.

269 3524 439 3612 3οἨλθον
470 3524 527 3592 οὖν
559 3524 589 3592 οἰ
624 3527 833 3617 στρατιῶται,
860 3527 914 3594 καί
944 3535 1000 3596 τοῦ
1032 3529 1092 3608 μέν
1123 3528 1256 3620 πρῶτον
1288 3530 1450 3598 κατέαξαν
1476 3531 1516 3596 τά

269 3673 307 3731 33
370 3654 469 3721 σκέλει
498 3653 551 3718 καί
578 3660 635 3720 τοῦ
662 3655 764 3719 ἀλλου
790 3657 846 3720 τοῦ
870 3655 1156 3744 συσταυρωθέντοο
1185 3653 1285 3739 αὐτῷ,
1313 3653 1368 3719 ἐπὶ
1394 3653 1429 3719 δὲ
1458 3653 1516 3720 τάν
1533 3684 1573 3746 ²5

152 3853 214 3910 10⁹1
215 3851 239 3907 4
241 3849 272 3906 Δ
291 3865 310 3905 α
364 3780 494 3846 Ἰησοῦν
518 3779 671 3848 ἐλθόντες
694 3781 740 3846 ῶε
764 3773 854 3846 εἶδον
876 3781 974 3847 αὐτόν
997 3779 1060 3846 ιίδη
1083 3779 1331 3859 τεθνηκότα,οὐ
1354 3780 1516 3847 κατέαξαν

269 3947 307 4004 34
371 3905 471 3971 αὐτοῦ
498 3905 538 3971 τά
566 3909 675 3987 σκέλη,
701 3908 768 3972 ἀλλ’
800 3901 847 3973 εἷο
874 3907 940 3973 τῶν
968 3906 1179 3994 στρατιωτῶν
1206 3908 1304 3994 λότχη
1331 3904 1429 3971 αὐτοῦ
1460 3904 1518 3972 τάν

269 4053 306 4113 35
370 4029 515 4120 πλευράν
545 4030 650 4109 ε’νυξε,
682 4029 735 4094 καί
769 4031 904 4100 έξθλθεν
941 4031 1036 4096 εὐθὺς
1072 4024 1152 4106 αἷμα
1188 4028 1242 4094 καί
1273 4029 1373 4119 ὕδωρ.
1409 4029 1463 4094 καί
1499 4031 1518 4095 ὀ

368 4155 529 4245 έωρακῶε
555 4155 870 4245 μεμαρτύρηκε,καί
895 4158 1037 4223 ἀληθινιί
1063 4155 1151 4223 ὲστιν
1178 4155 1279 4222 αὐτοῦ
1303 4156 1322 4220 εἰ
1346 4155 1517 4244 μαρτυρία,

318 4321 380 4426 ⁶1:
398 4304 460 4428 μέρη
474 4305 578 4377 Migne.
686 4376 694 4397 ο
758 4375 766 4394 t
818 4320 845 4376 5.
871 4305 1129 4398 ’ρίαν-ἀνημέροις,
1138 4305 1170 4361 Ε.
1183 4303 1452 4396 ἀγρίοιςτάνημέροω
1465 4304 1517 4360 Ed.

321 4375 520 4534 ιρ.αάονε’σλδάτέζς.
527 4443 623 4516 Κόμων
633 4375 855 4501 ἀοσνόάάιίάένὲἰς
892 4415 899 4431 ·
913 4376 965 4433 Ed
978 4375 1518 4518 ωςῖδίοέέξλῖῗεῇτᾜάελῗὲαάίἷά

317 4513 417 4639 wa
433 4514 561 4640 Rocsspd.
576 4515 617 4572 καί
629 4515 723 4573 κάθέως
734 4515 844 4588 defixos»
857 4514 985 4589 (rubnce)
1000 4517 1022 4573 F
1033 4536 1089 4590 mg.
1207 4535 1250 4590 29.
1269 4519 1348 4573 αὐτοῦ
1360 4515 1375 4589 ἦ
1388 4519 1517 4588 μαρτυρία
