3284 5130
306 299 350 362 90
611 293 650 360 Β.
673 290 880 358 CYRILLI
910 289 1201 356 ALEXANDR.
1375 289 1439 352 xix.
1451 302 1504 373 25.

307 457 378 563 γάρ
402 493 479 543 πως
509 459 563 537 ἀεὶ
590 455 632 537 τὸ
660 462 815 556 θηλειῶν
832 457 912 536 ε’στι
940 455 1052 557 γένος,
1079 458 1137 534 καὶ
1159 453 1257 536 πολῦ
1282 452 1326 553 δὴ
1351 454 1435 532 λίαν
1457 456 1507 536 εἰς

307 579 458 685 θρήνους
486 578 638 680 εύπετές,
666 578 755 660 ὅταν
781 577 825 679 δὴ
853 577 1018 679 μάλιστα
1045 579 1104 658 καὶ
1131 578 1312 661 πλουσίας
1340 577 1414 681 ε”χοι
1441 583 1507 656 τοῦ

308 706 534 810 δακρυῤῥοεῖν
561 702 625 788 τὰς
651 701 830 811 ἀφορμάς.
871 704 910 783 τί
934 700 978 802 δὴ
1008 701 1071 782 οῦν
1098 700 1169 804 άρο
1198 699 1240 780 τὸ
1271 703 1508 799 λεπτομυθεῖν

277 831 506 910 οοῖναπεῖσαν
536 825 602 909 τὸν
634 825 808 930 μακάριον
840 824 1132 930 Εύαγγελισιὴν,
1167 828 1216 910 ὡς
1248 828 1307 905 καὶ
1336 827 1400 924 τῆς
1433 828 1507 902 τιῦν

306 953 461 1054 γυναίων
480 955 742 1051 διαμεμνῆσθαι
759 955 993 1055 παραμονῆς;
1018 949 1158 1035 σκοπδς
1175 947 1248 1052 γὰρ
1266 950 1363 1057 αύτῷ
1380 946 1506 1050 γέγονε
1520 978 1540 1040 5

307 1073 449 1182 διδάξαι
474 1077 623 1173 κάκεῖνο,
642 1073 697 1155 δτι
718 1078 777 1155 καὶ
795 1071 906 1174 αύτὴν
924 1071 1076 1156 κατὰτὸ
1094 1071 1185 1157 εῖκδς
1203 1071 1269 1173 τὴν
1286 1079 1351 1152 τοῦ
1370 1071 1506 1174 Κυρίου

305 1197 440 1300 μητέρα
468 1196 510 1278 τὸ
537 1197 718 1300 ἀδοκήτως
750 1197 982 1300 συμβεβηκὸς
1012 1195 1256 1279 ε’σκανδάλισε
1288 1196 1413 1292 πάθος,
1445 1198 1505 1274 καὶ

306 1330 433 1425 μικροῦ
457 1329 521 1403 τοῦ
544 1321 742 1426 πρέποντος
760 1321 936 1428 ἐξέστησε
962 1328 1144 1424 λογισμοῦ
1168 1316 1295 1424 πικρὸς
1313 1317 1363 1398 ὧν
1382 1318 1465 1398 λίαν
1483 1320 1504 1397 ὀ

305 1447 363 1525 ε’πὶ
381 1443 428 1552 rc}
446 1455 578 1554 σταυρῷ
594 1443 759 1529 θάνατος·
790 1448 848 1526 καὶ
866 1444 957 1549 πρός
975 1481 1017 1549 γε
1034 1444 1159 1553 τούτῳ,
1174 1443 1221 1526 τὰ
1237 1451 1311 1525 τῶν
1323 1443 1505 1524 Ἰουδαίων

306 1568 545 1669 ε’μπαίγματο,
570 1571 630 1648 καὶ
655 1568 755 1648 αὐτοὶ
781 1569 818 1649 δὲ
845 1569 940 1675 τάχα
966 1568 1265 1672 προσεδρεύοντες
1295 1575 1344 1676 τῷ
1376 1573 1506 1674 σταυρῷ
1521 1607 1563 1648 ιο

307 1693 364 1769 καὶ
386 1693 622 1792 διαγελῶυτες
649 1697 682 1772 οἱ
710 1699 927 1794 στρατιῶται
954 1691 1017 1774 τδν
1036 1692 1290 1800 ε’ξηρπημένον,
1311 1694 1370 1771 καὶ
1397 1690 1505 1788 αὐτῆς

306 1815 344 1892 έν
362 1811 446 1919 ὄψει
463 1817 527 1912 τῆς
545 1813 680 1918 μητρὸς
699 1815 763 1895 τὸν
778 1821 851 1895 τῶν
871 1817 1019 1916 ἱματίων
1042 1814 1292 1916 τολμήσαντες
1315 1813 1503 1916 μερισμόν.

273 1949 295 2012 d
305 1935 356 2036 μὴ
376 1936 448 2040 γὰρ
465 1937 662 2043 ε’νδοιάσης,
682 1936 737 2018 ὅτι
756 1939 934 2024 τοιούτους
956 1938 1056 2024 τινὰς
1081 1938 1285 2046 εἰσεδέξατο
1303 1938 1505 2041 λογισμούς

307 2060 509 2162 Γεγένυηκα
537 2061 602 2160 μὲν
631 2057 702 2162 ἐγὼ
730 2058 793 2140 τὸν
821 2063 879 2141 ε’πὶ
904 2060 1018 2169 ξύλου
1045 2062 1263 2165 γελώμενον·
1305 2063 1388 2142 ἀλλ’
1414 2059 1505 2141 Υῖὸν

305 2181 431 2265 ἑαυτὸν
448 2181 621 2284 ἀληθινὸν
647 2181 735 2265 εἶναι
763 2181 881 2287 λέγων
903 2196 967 2266 τοῦ
993 2187 1141 2267 πάντων
1157 2196 1372 2289 κρατοῦντος
1389 2191 1500 2281 θεοῦ,
1520 2220 1560 2282 15

304 2307 400 2412 τάχα
426 2342 497 2388 που
525 2311 583 2388 καὶ
611 2304 841 2414 διεσφάλετο,
863 2311 1043 2391 ἐπλανᾶτο
1069 2308 1161 2391 κατὰ
1188 2309 1231 2390 τὸ
1253 2309 1343 2396 εῖκύς
1369 2320 1391 2357 “
1404 2307 1503 2410 Ἐγώ

219 2437 226 2453 '
305 2441 327 2482 ‘⁶
345 2435 415 2531 εῖμι
434 2431 551 2536 λέγων
569 2433 592 2533 ἡ
611 2430 713 2535 ζωή·”
743 2439 820 2518 πῶς
840 2434 1075 2538 ε’σταυροῖθη;
1108 2433 1201 2514 κατὰ
1217 2434 1297 2515 τίνα
1315 2433 1353 2514 δὲ
1369 2431 1505 2536 τρόπον

304 2561 379 2640 τοῖς
407 2563 480 2636 τῶν
507 2557 703 2663 φονεύντων
733 2557 896 2660 ε’νεπνίγη
921 2557 1092 2663 βράχοις;
1134 2565 1211 2644 πῶς
1241 2559 1283 2639 ού
1312 2556 1502 2661 κεκράτηκε

303 2683 367 2778 τῆς
389 2686 462 2759 τῶν
480 2681 680 2762 διωκόντων
697 2683 893 2781 ἐπιβουλῆς
908 2715 919 2778 ;
951 2689 1028 2766 πῶς
1046 2681 1084 2761 δὲ
1107 2682 1149 2762 ού
1171 2680 1330 2763 κάτεισιν
1348 2679 1420 2762 άπὸ
1438 2687 1502 2760 τοῦ

303 2811 475 2904 σταυροῦ,
495 2804 606 2883 καίτοι
624 2809 676 2910 τῷ
696 2801 850 2912 Λαζάριρ
867 2807 1123 2908 παλινδρομεῖν
1141 2806 1312 2914 ἐπιτάξας
1332 2811 1380 2889 εἱς
1399 2801 1501 2906 ζωὴν,
1518 2843 1561 2888 νο

304 2929 363 3008 καὶ
381 2925 472 3027 ὅλην
489 2934 563 3011 τοῖς
582 2927 746 3025 θαύμασι
765 2928 1002 3038 καταπλήξας
1020 2928 1087 3030 τὴν
1104 2931 1303 3026 Ἰουδαίον;
1336 2932 1393 3008 καὶ
1412 2924 1503 3010 εῖκύς

275 3085 347 3154 ογε
374 3050 419 3151 δὴ
438 3051 587 3158 σφόδρα
611 3050 654 3131 τὸ
678 3052 878 3155 μυστήριον
897 3055 960 3132 ούκ
988 3053 1077 3138 εῖδὸς
1105 3055 1143 3133 ἐν
1161 3052 1333 3139 τοιούτοις
1359 3054 1435 3132 τισὶ
1458 3051 1501 3131 τὸ

304 3173 452 3278 γύναιον
469 3177 670 3275 ὀλισθῆσαι
694 3178 955 3279 διαλογισμοῖς·
989 3176 1058 3282 χρὴ
1077 3176 1149 3282 γάρ
1166 3180 1296 3260 ε’ννοεῖν
1313 3185 1503 3260 ποιοῦντας

303 3300 429 3402 ὀρθῶς,
448 3297 503 3379 δτι
521 3305 594 3379 τῶν
612 3298 897 3401 συμβεβηκότων
914 3301 937 3401 ἡ
957 3301 1067 3404 φύσις
1087 3302 1181 3404 δεινὴ
1205 3301 1297 3405 πρὸς
1321 3299 1363 3383 τδ
1388 3335 1498 3382 κατα-

303 3421 465 3529 στρέψαι
488 3423 548 3503 καὶ
571 3421 636 3502 τὸν
654 3423 816 3530 νήφοντα
840 3423 1032 3527 λογισμόν.
1061 3422 1273 3526 θαυμαστὸν
1291 3425 1329 3506 δέ
1354 3422 1455 3505 ούδέν
1472 3429 1501 3503 εί
1519 3461 1562 3523 ²5

302 3545 521 3649 παράλισθέ
542 3580 620 3630 πως
648 3553 697 3632 εἷς
723 3556 829 3629 τοῦτο
856 3548 959 3651 γυνή·
999 3553 1029 3628 εί
1056 3547 1128 3653 γάρ
1156 3549 1215 3629 καὶ
1246 3549 1351 3633 αὐτὸς
1381 3552 1503 3629 ὁτῶν

303 3669 415 3772 ἁγίων
460 3675 631 3770 μαθητῶν
677 3668 866 3774 πράκριτος
906 3669 1043 3774 Πέτρος
1088 3673 1358 3773 ε’σκανδολίσθη
1395 3670 1499 3768 ποτέ,

303 3793 474 3896 λέγοντος
498 3801 563 3873 τοῦ
581 3797 747 3895 Χριστοῦ
772 3796 831 3873 καὶ
857 3794 1088 3881 διδάσκοντος
1106 3800 1273 3898 ε’νοργῶς,
1293 3794 1348 3875 ὅτι
1371 3794 1503 3893 μέλλοι

133 3927 260 4059 ism}
302 3921 549 4021 παραδοθῆναι
578 3927 600 3964 “
614 3923 663 4001 εἷς
694 3925 815 4023 χεῖρας
843 3920 1099 4023 άμαρτωλῶν,”
1131 3925 1189 3999 καὶ
1222 3916 1381 4023 σταυρὸν
1409 3921 1498 4000 ύπο·

343 4042 355 4072 Ι
487 4044 500 4074 ἱ

135 4059 239 4112 ssmi-
301 4077 419 4143 μενειν
441 4075 501 4122 και
526 4041 691 4140 θάνατον,
710 4045 758 4127 ὡς
786 4043 1024 4149 ἀναφωνῆσαι
1046 4042 1315 4145 προολέστερον
1343 4039 1503 4127 “Ἴλεοῖς
1520 4073 1564 4132 30

134 4176 326 4256 1085ιῦ
343 4200 406 4247 σοι
431 4165 551 4270 Κύριε,
570 4165 611 4245 ού
637 4163 688 4264 μὴ
710 4166 812 4246 ἔσται
838 4200 901 4246 σοι
928 4168 1069 4247 τοῦτο·”
1098 4167 1138 4246 τί
1161 4164 1203 4246 τὸ
1228 4166 1446 4274 παράδοξον,
1472 4173 1504 4247 εἰ

338 4337 363 4379 2.
381 4323 438 4394 ίχοι
450 4321 483 4377 Ε.
495 4323 551 4394 ἔχει
564 4321 616 4376 Ed.
933 4335 957 4391 7.
977 4319 1156 4393 συμβεβηκὸς]
1169 4322 1277 4394 γεγονὸς
1289 4323 1456 4390 ωιμβεΒηκδς
1468 4323 1503 4379 Ε.

303 4392 344 4448 16.
364 4392 524 4464 διεσφάλιτο
542 4392 659 4463 Εἠτίυι
678 4391 818 4464 seriptum.
837 4392 1017 4463 διεσφάλλετο
1037 4390 1060 4445 Ε
1077 4409 1159 4446 manu
1177 4393 1263 4463 prima
1281 4391 1434 4462 castigatus.
1449 4393 1501 4447 Ed.

301 4463 398 4520 statim
411 4463 540 4518 ἐπλανᾶτο
552 4465 615 4518 κατὰ
627 4463 657 4516 τὸ
668 4461 735 4520 εἰκός
747 4472 918 4535 assumptum
931 4481 962 4517 ex
977 4461 1009 4517 E.
1229 4461 1272 4519 26.
1290 4462 1456 4532 παρώλισθαί
1469 4463 1501 4520 Ε.

302 4535 345 4589 28.
364 4533 460 4604 μέλλοι
474 4533 505 4588 E.
517 4535 611 4604 μέλλει
625 4531 677 4588 Ed.
