3280 5142
119 359 343 444 xviii.12-14.
372 362 430 428 IN
460 365 493 429 S.
518 364 776 431 JOANNEM.
821 365 916 430 LIB.
941 366 1002 430 XI.
1047 366 1245 432 CARXII.
1280 370 1322 432 27

120 527 429 632 σκανδαλίζεσθαι
450 529 499 628 μή
519 529 661 629 εἰδότος,
681 530 851 630 λαλήσας
873 530 937 628 μὲν
956 530 999 637 ἐξ
1017 528 1160 633 ἀγάπης
1176 536 1241 630 τῆς
1258 533 1323 610 οῦκ

122 649 354 752 ἀνεγκλήτως
382 653 473 758 ἔχειν
502 655 699 759 ίσχυοόσης
727 657 747 735 ὁ
773 654 921 758 Πέτρος,
944 654 1003 735 διά
1030 652 1074 735 τῦ
1101 653 1211 755 μόνον
1239 659 1352 736 ίδεῖνα

121 778 171 858 είς
190 775 233 854 τὸ
256 774 329 858 ἀπὸ
353 785 417 858 τοῦ
445 789 604 881 σταυροῦ
626 779 751 875 πάθος,
771 782 829 858 καὶ
854 781 933 884 σῦχί
961 778 1006 858 τά
1030 783 1069 859 ἐκ
1096 789 1159 859 τοῦ
1187 778 1323 862 πάθους

124 897 261 999 ἀγαθά·
294 902 502 1005 ἀνατρέπειν
520 901 590 1005 γάρ
605 906 767 1005 ε’πειράτο
784 902 826 984 τό
844 902 935 984 ὅσον
952 902 1009 1010 ἐφ’
1024 907 1147 1011 ἑαυτῷ,
1165 903 1207 983 τὸ
1227 907 1325 983 δεδο-

94 1020 260 1126 5γμένον
287 1059 326 1104 τε
358 1028 415 1105 καὶ
445 1027 591 1128 ὁρισθὲν
617 1026 705 1131 ῦπέρ
733 1032 797 1127 τῆς
825 1025 994 1108 ἁπάντων
1020 1027 1187 1130 γενέσθαι
1220 1027 1322 1132 ζωῆς·

125 1149 221 1226 οῦτω
239 1146 393 1230 κάνθάδε
411 1149 468 1230 διά
488 1152 597 1255 ζήλου
615 1155 671 1231 καί
690 1153 867 1256 μαχαίρας
886 1156 943 1231 καὶ
961 1158 1092 1252 θερμοῦ
1111 1151 1193 1230 λίαν
1212 1154 1327 1256 ε’γχει-

124 1269 287 1375 ρήματος
329 1283 435 1354 τοῦτο
474 1274 562 1355 αὐτὸ
601 1274 770 1377 πράττων
805 1277 942 1379 ὁρᾶται·
990 1272 1090 1373 πλὴν
1125 1277 1325 1374 ἐπιτιμᾶται

125 1395 251 1492 πάλιν,
271 1399 313 1477 οῦ
330 1398 440 1496 μόνον
458 1400 617 1484 ἀκούσας
635 1401 730 1480 Βάλε
752 1397 803 1493 τήν
821 1399 1001 1507 μάχαιράν
1021 1437 1080 1480 σου
1099 1407 1144 1486 εἰς
1164 1396 1217 1494 τήν
1235 1397 1327 1494 θήκην

128 1519 242 1618 αὐτάς,
271 1523 356 1601 ἀλλ’
386 1525 435 1606 ὡς
456 1523 572 1627 ἕτερός
600 1559 654 1608 τις
679 1524 749 1630 ἔφη
777 1530 849 1604 τῶν
877 1525 1144 1626 εῦαγγελιστῶν
1171 1556 1328 1628 προστε-

81 1644 287 1729 ῐοθεικότος
314 1652 479 1750 Χριστοῦ
508 1659 529 1694 “
544 1647 684 1731 Πάντες
711 1645 783 1750 γάρ
812 1652 846 1729 οἱ
878 1646 1054 1742 λαβόντες
1083 1645 1264 1753 μάχαιραν
1291 1650 1328 1727 ἐν
1373 1653 1498 1706 ΒΜ·

130 1781 152 1817 “
168 1771 330 1878 μαχαίρᾳ
351 1773 601 1854 ἀπολοῦνται.”
636 1772 711 1853 όδέ
730 1772 775 1871 δή
795 1771 1002 1879 φθάσαντες
1020 1773 1172 1870 εἴπαμεν,
1192 1774 1328 1852 ἀναλα-
1372 1732 1492 1852 ἔῦῦιᾶῃ

129 1893 257 1989 βάντες
282 1897 438 1998 ἐροῦμεν,
465 1898 529 1976 οῦκ
559 1894 779 1997 ἀνεθελήτως
811 1905 874 1976 τοῦ
903 1894 1040 1980 πάθους
1072 1897 1327 1992 εἷσβαίνοντας,
1340 1851 1500 1981 οίοοῦόοᾶα.

131 2021 213 2098 οὔτε
235 2018 309 2118 μήν
326 2023 365 2099 ἐκ
390 2020 601 2127 πλεονεξίας
618 2022 814 2120 Ἰουδαῖκῆς
835 2019 1121 2122 ε’πενηνεγμένον,
1142 2019 1233 2099 κατὰ
1252 2021 1330 2105 τίνα

132 2142 177 2242 δή
211 2143 348 2246 τρόπον
379 2143 576 2243 ἀμύνεσθαι
608 2145 678 2250 χρή
712 2149 770 2225 καὶ
802 2145 975 2247 ἀνείργειν
1007 2144 1102 2229 ὅλως
1137 2147 1195 2223 καὶ
1226 2151 1332 2223 τοῦτο

85 2297 119 2356 15
131 2271 296 2374 μαχαίρᾳ
318 2268 360 2348 τό
379 2267 470 2348 κατά
492 2269 727 2374 συγχώρησιν
744 2275 818 2348 τῶν
836 2265 1006 2348 ἐπιόντων
1024 2267 1172 2370 θράσος,
1192 2270 1249 2347 καί
1267 2265 1332 2350 τάς

132 2393 302 2476 ἀνοσίους
321 2399 392 2472 τῶν
410 2395 591 2473 Ἰουδαίων
609 2391 828 2487 ε’πιβουλάς;
858 2392 922 2472 τὸν
941 2392 978 2473 δὲ
996 2392 1143 2493 Πατέρα
1160 2395 1217 2471 καὶ
1237 2390 1333 2471 Θεὸν

133 2511 317 2596 δεδωκέναι
351 2521 444 2624 φησὶ
475 2523 512 2598 τὶ
547 2523 691 2624 ποτήριον
726 2519 832 2623 αὐτῷ,
860 2517 1034 2612 τουτέστι,
1065 2516 1129 2595 τὸν
1166 2512 1332 2610 θάνατον,

133 2640 248 2719 καίτοι
274 2640 332 2721 διά
356 2646 420 2740 τῆς
445 2649 517 2721 τῶν
535 2643 714 2722 Ἰουδαίων
733 2639 943 2748 ἀφιλοθεΐας
970 2638 1215 2745 ἐξηρτυμένον,
1235 2635 1336 2719 ε’πεί-”

132 2798 203 2866 περ
240 2766 318 2844 οὐδ’
349 2763 395 2844 ἀν
431 2765 525 2850 ῦλως
562 2766 711 2866 συνέβη,
743 2764 794 2865 μή
826 2766 906 2869 οῦχὶ
942 2767 1128 2862 συμβῆναι
1165 2764 1208 2842 δι’
1243 2763 1335 2861 ἡμᾶς

86 2917 122 2958 ²0
134 2886 282 2996 ἐφέντος
318 2890 436 2970 αῦτοῦ.
478 2889 660 2992 τοιγάρτοι
692 2894 751 2969 καὶ
786 2888 878 2990 πρὸς
915 2887 1023 2968 αὐτόν
1060 2887 1131 2991 ἔφη
1171 2883 1369 2977 Πιλάτονι)

133 3014 522 3116 μεγαλοῤῥημονοῦντα
539 3013 702 3115 Χριστός
725 3025 746 3060 “
761 3015 841 3093 Οῦκ
859 3009 949 3117 εἶχες
968 3013 1043 3091 κατ’
1063 3014 1149 3108 ἐμοῦ
1167 3008 1335 3115 ἐξουσίαν
1382 3025 1472 3140 ἓξῡη

135 3147 158 3184 “
176 3137 355 3235 οὐδεμίαν,
382 3143 411 3217 εί
439 3135 489 3237 μὴ
517 3133 563 3236 ἧν
589 3172 650 3218 σοι
680 3139 867 3235 δεδομένον
894 3137 1064 3217 όνωθεν.”
1104 3137 1142 3213 ἐν
1169 3133 1337 3240 ε’ξσυσίας
1427 3127 1434 3142 ’
1477 3125 1484 3141 ’

135 3259 208 3362 γάρ
227 3261 329 3370 λόγῳ
350 3261 501 3369 Πιλάτιρ
519 3261 688 3364 γενέσθαι
706 3265 801 3366 φησὶ
825 3263 891 3360 τὴν
915 3267 963 3344 είς
990 3259 1034 3340 τὸ
1052 3262 1181 3364 χρῆναι
1209 3262 1337 3337 παθεῖν

135 3384 347 3465 ἐθελούσιον
383 3385 498 3488 ὁρμήν
533 3395 597 3465 τοῦ
634 3391 736 3484 Υίαῦ,
776 3388 835 3466 καὶ
872 3383 937 3484 τήν
969 3384 1105 3464 ἀνωθεν
1142 3387 1201 3462 καὶ
1238 3379 1338 3483 παρά

85 3525 123 3588 ²5
138 3507 288 3611 Πατρός
315 3513 363 3594 είς
389 3517 497 3589 τοῦτο
524 3507 743 3590 συναίνεσιν.

131 3727 175 3792 Ἠ
203 3723 264 3793 οὖν
290 3722 408 3817 σπεῖρα
437 3727 490 3792 καὶ
516 3727 535 3795 ὁ
561 3727 725 3817 χιλίαρχοι
753 3726 806 3790 καὶ
833 3723 864 3792 οἱ
891 3727 1050 3816 ὑπηρέται
1079 3725 1142 3790 τῶν
1165 3719 1336 3788 Ἰουδαίων
1355 3747 1389 3790 12

188 3853 368 3932 συνέλαβον
391 3852 591 3920 τὸνἸπσοῡν
615 3852 669 3917 καί
695 3853 816 3919 ἔδεισαν
844 3851 952 3934 αὐτὸν,
980 3851 1033 3916 καί
1059 3851 1227 3924 ἀπείρατον
1253 3846 1337 3936 πρὸς
1354 3870 1391 3927 ¹3

182 3979 304 4044 Ἀνναν
323 3979 464 4068 πρῶτον·
495 3973 534 4044 ἦν
553 3978 613 4069 τὰρ
631 3978 789 4069 πενθερὸς
810 3985 867 4045 τοῦ
889 3978 1028 4066 Καϊάφα,
1047 3978 1084 4045 δι
1111 3971 1151 4042 νῦν
1169 3970 1370 4061 ἀρχιερεὺιο

188 4110 247 4170 τοῦ
267 4103 416 4169 ἐνιαυτοῦ
435 4103 573 4171 ἐκείνου.
601 4101 639 4170 νῦν
658 4105 694 4171 δὲ
716 4104 865 4193 Καϊάφας
883 4107 900 4171 ὁ
917 4104 1158 4181 συμβουλεύσας
1175 4097 1340 4165 τοῖσἸου-
1356 4122 1392 4178 ι4

88 4241 127 4297 30
189 4229 294 4296 δαίοιε
312 4231 362 4297 ὅτι
381 4232 540 4321 συμφέρει
558 4235 616 4297 ἕνα
635 4231 811 4322 ἄνθρωπον
830 4225 1008 4297 ἀποθανεῖν
1026 4229 1109 4320 ὑπὲρ
1127 4233 1184 4294 τοῦ
1203 4231 1295 4292 λαοῦ.

196 4404 504 4504 Συνεσταλμένων
522 4405 590 4506 ἤδη
608 4411 680 4486 τῶν
697 4401 1041 4509 παραποδισμάτων,
1060 4399 1341 4507 ἀποτινάξαντός

212 4630 258 4671 20.
277 4612 386 4684 ε’φίντος
399 4611 431 4668 Ε.
443 4612 555 4685 ἀφέντος
568 4610 619 4666 Ed.
719 4567 722 4574 *
855 4625 899 4684 σγ.
917 4613 959 4667 καὶ
971 4611 1069 4682 tamn
1081 4611 1159 4666 οῦτδν
1170 4626 1226 4665 om.
1238 4608 1273 4663 Ε.

715 4713 735 4758 Ε
752 4715 769 4760 2
