3284 5130
123 341 189 407 xxi.
204 359 318 428 15-17.
375 343 432 408 IN
462 343 496 408 S.
518 343 775 408 JOANNEM.
814 345 911 409 LIB.
931 345 1011 410 XII.
1049 346 1200 412 CARI.
1257 347 1318 410 165

123 507 256 614 ἐξαιτεῖ
280 508 317 589 δὲ
343 515 462 607 εἰπεῖν,
481 517 510 590 εὶ
535 514 594 590 καὶ
618 507 719 591 πλέον
737 517 809 590 τιῦν
827 511 956 591 άλλων
977 518 1123 620 ἀγαπᾷ.
1162 514 1221 593 καὶ
1247 512 1318 614 γάρ

124 665 180 710 τοι
205 630 295 712 κατά
318 632 498 734 ἀλήθειαν,
518 634 579 714 ἅτε
600 632 644 733 δὴ
662 637 721 714 καὶ
746 632 902 737 μειζονος
920 634 1176 719 ἀπολελαυκὼς
1194 625 1326 743 ἀνεξιῖ

124 753 258 853 κακίας,
272 759 330 836 καὶ
348 759 451 838 οἱονεὶ
468 758 720 864 πλουσιωτέρα
737 761 827 862 χειρὶ
845 757 912 858 τὴν
930 766 994 838 τοῦ
1010 758 1320 858 πλημμελήματος

125 877 363 976 κομισάμενος
377 880 521 986 ἀφεσιν,
533 885 597 981 τῆς
610 888 683 961 τῶν
699 881 828 960 ἀλλων
842 880 985 983 ἀγάπης
1002 879 1143 984 μείζονα
1159 887 1238 966 πῶς
1256 882 1321 962 οῦκ

90 1000 169 1081 5θιν
188 1001 329 1087 εἰκότως
349 1004 534 1112 συλλέξας
553 1007 591 1083 έν
608 1007 736 1112 ἑαυτῷ,
757 1012 834 1088 ταῖς
862 1010 909 1090 εῖς
935 1005 1045 1107 ἀκρον
1064 1005 1234 1105 ἡκούσαις
1258 1005 1351 1086 εῖν-ο

126 1126 235 1211 νοίαις
261 1124 325 1207 τὸν
342 1128 526 1229 εὐεργεπην
551 1127 753 1233 ἠμείψατο,
783 1129 901 1209 κοινὸν
929 1128 993 1227 μέν
1017 1127 1089 1232 γάρ
1107 1127 1223 1209 ἅπασι
1246 1134 1321 1212 τοῖς

124 1249 238 1350 ἁγίοις
267 1257 441 1350 μαθηταῖς
471 1250 513 1331 τὸ
544 1249 742 1356 τετράφθω
768 1250 859 1353 πρὸς
887 1250 1018 1358 φυγὴν,
1047 1256 1111 1351 τῆς
1140 1253 1321 1332 Ἰουδαίων

125 1375 381 1476 ἀπανθρωπίας
408 1373 592 1479 ἀφόρητον
608 1377 726 1460 αὐτοῖς
753 1376 948 1474 ἐντιθείσης
973 1375 1014 1455 τὸ
1040 1380 1154 1472 δεῖμα,
1174 1378 1232 1456 καὶ
1257 1378 1322 1473 τῆς

126 1504 199 1576 τῶν
216 1505 448 1598 στρατιωτῶν
470 1498 680 1601 ἀγριότητος
702 1497 767 1579 τὸν
791 1498 890 1597 ὠμὸν
912 1498 1132 1598 ἀπειλούσης
1155 1498 1320 1594 θάνατον,

70 1655 112 1698 το
127 1618 185 1700 ὅτε
213 1620 492 1728 συλληψόμενοι
518 1627 690 1725 παρῆσαν
707 1620 771 1700 τὸν
788 1622 945 1722 Ἰησοῦν·
987 1619 1186 1724 ἰδιαζόντως
1209 1620 1321 1724 γεμὴν

125 1743 217 1849 πρὸς
240 1744 355 1852 τούτῳ
373 1747 510 1847 συνέβη
527 1745 570 1827 τὸ
592 1755 655 1826 τοῦ
676 1744 818 1849 Πέτρου
840 1745 1101 1846 πλημμέλημα,
1120 1742 1163 1825 τὸ
1181 1743 1240 1825 διά
1257 1749 1329 1845 τῆς.

125 1874 175 1953 είς
192 1867 234 1949 τδ
250 1871 371 1973 τρίτον
389 1870 582 1974 ἀρνήσεως.

182 1994 336 2094 Οὐκοῦν,
354 1998 401 2079 ὡς
419 1993 569 2076 πλείονα
590 2000 663 2074 τῶν
680 1993 808 2074 ἄλλων
825 1990 892 2093 τὴν
910 1992 1044 2099 άφεσιν
1064 1994 1318 2095 κομισάμενος,

124 2122 312 2228 ἐξαιτεῖται
339 2121 456 2224 λέγειν
483 2127 512 2203 εἰ
538 2123 595 2202 καῖ
625 2127 751 2202 πλεῖον
775 2123 914 2228 ἀγαπᾷ·
948 2121 1040 2202 κατά
1064 2120 1137 2225 γάρ
1163 2121 1230 2222 τὴν
1257 2130 1357 2201 τοῦδ

71 2269 111 2330 15
127 2248 295 2347 Σωτῆρος
313 2244 447 2351 φωνὴν,
462 2241 491 2354 ᾧ
508 2243 606 2326 πολὺ
623 2245 776 2348 ἀφίεται,
790 2240 887 2325 πολὺ
905 2246 963 2324 καὶ
980 2245 1175 2346 ἀγαπήσει.
1210 2245 1321 2328 τύπος
1365 2260 1455 2376 &nnuc

126 2366 163 2448 δὲ
190 2367 304 2449 πάλιν
321 2375 398 2452 ταῖς
425 2367 491 2465 μέν
509 2371 715 2469 ἐκκλησίαις
733 2371 891 2449 ἐντεῦθεν
910 2374 958 2452 είς
982 2367 1024 2448 τὸ
1049 2373 1178 2476 χρῆναι
1201 2370 1321 2473 τρίτον
1402 2335 1458 2391 '⁴⁷'

125 2495 295 2595 διιρωτᾶν
324 2490 391 2592 τὴν
423 2499 471 2576 εῖς
498 2490 665 2596 Χριστὸν
693 2493 891 2594 ὁμολογίαν
923 2491 1005 2578 τοῦς
1036 2496 1182 2595 ἀγαπᾶν
1214 2491 1322 2573 αὐτὸν

125 2616 324 2715 ἑλομένους,
356 2614 414 2696 διά
446 2625 510 2696 τοῦ
539 2619 597 2697 καὶ
629 2622 846 2717 προσελθεῖν
877 2621 928 2724 τῷ
956 2607 1047 2723 ἀγάρ
1079 2618 1318 2716 βαπτίσματι.
1362 2703 1367 2708 ,

124 2740 357 2824 διδασκάλοις
384 2739 423 2820 δὲ
450 2747 585 2842 γνῶσις
609 2738 667 2821 διά
689 2744 752 2839 της
772 2746 846 2819 τῶν
862 2740 1101 2840 προκειμένων
1129 2739 1321 2840 εἱσβέβηκε

71 2895 113 2937 20
126 2863 282 2965 θεωρίας,
301 2867 349 2948 ὡς
374 2865 438 2944 οὐκ
463 2860 508 2942 ἀν
525 2863 650 2968 ἕτερος
674 2860 950 2966 εὐαρεστήσαιεν
971 2869 1023 2971 τῷ
1048 2862 1194 2946 πάντων
1212 2864 1316 2966 ἀρχι-
1366 2864 1491 2994 {ffi-

125 2985 275 3085 ποιμένι,
293 2986 456 3068 τοιπέστι
474 2992 636 3096 Χριστιρ,
654 3022 684 3068 ει
708 3023 758 3086 μη
776 3022 840 3085 της
861 2993 934 3067 τῶν
952 2994 1110 3090 λογικῶν
1126 2986 1321 3089 προβάτων

126 3111 321 3212 εῦρωστίας
334 3113 393 3190 καὶ
406 3115 470 3209 τῆς
484 3117 532 3197 είς
549 3109 592 3192 τὸ
611 3113 650 3192 εὖ
668 3108 754 3191 εἶναι
773 3115 942 3210 διαμονῆς
959 3118 1117 3191 ποιοῖντο
1135 3110 1352 3217 φροντίδα.ὀ

125 3231 284 3318 τοωῦτός
310 3268 364 3318 τις
385 3232 468 3334 ἦνὸ
493 3233 685 3320 θεσπέσιος
706 3241 867 3332 Παῦλος,
885 3240 959 3320 τοῖς
987 3236 1182 3314 ἀσθενοῦσι
1210 3267 1323 3314 συνα·
1366 3239 1454 3355 mg:

127 3362 278 3455 σθενῶν,
306 3357 472 3462 καύχημα
505 3356 542 3438 δὲ
573 3362 637 3455 τῆς
668 3357 757 3441 ίδίας
785 3360 997 3458 ἀποστολῆς
1029 3361 1087 3437 καὶ
1116 3355 1234 3464 χαράν
1263 3359 1321 3436 καὶ
1368 3370 1478 3486 fhiLiv.

73 3517 113 3578 ²5
126 3477 309 3585 στέφανον
337 3479 518 3583 ὀνομάζων
549 3481 631 3565 τοῦς
663 3483 705 3561 δι’
734 3482 844 3561 αὐτοῦ
870 3480 1147 3579 πιστεύσαντας,
1175 3488 1235 3561 καὶ
1263 3478 1322 3560 διὰ
1384 3473 1391 3488 ’

127 3608 190 3702 τῆς
210 3611 282 3684 τῶν
299 3592 414 3708 ἔργων
432 3603 684 3707 λαμπρότητος
707 3607 899 3701 εὐδοκιμεῖν
916 3604 1116 3704 ἑλομένους.
1157 3603 1233 3710 ᾔδει
1251 3603 1323 3707 γάρ

126 3725 202 3832 ᾔδει
229 3731 294 3827 τῆς
317 3735 365 3812 εἷς
392 3726 557 3831 Χριστὸν
583 3730 719 3813 τελείας
746 3727 890 3830 ἀγάπης
918 3727 1056 3831 καρπὸν
1083 3723 1170 3808 εῖναι
1196 3737 1324 3808 τοῦτον

126 3855 279 3958 ἐμφανῆ.
317 3858 487 3961 λογισμῷ
514 3850 680 3933 δὲτοῦτο
704 3859 805 3960 καλῷ
833 3887 872 3932 τε
901 3855 960 3932 καὶ
988 3855 1115 3959 ἀγαθῷ
1143 3851 1323 3955 θεωρῆσαι

125 4009 180 4060 τις
206 3976 263 4056 ἀν.
302 3981 330 4056 εί
360 3975 431 4080 γάρ
458 3975 633 4057 ἀπέθανεν
661 3975 748 4079 ῦπέρ
776 3976 888 4077 ἡμῶν,
906 3982 983 4060 πῶς
1011 3977 1074 4056 οῦκ
1103 3975 1147 4056 ἀν
1175 3975 1323 4074 ἀπάσης

70 4140 115 4198 30
128 4100 263 4208 ἠξίωσε
276 4101 466 4205 φροντίδος
485 4100 550 4200 τὴν
561 4097 730 4180 ἁπάντων
746 4099 847 4198 ἡμῶν
857 4099 1039 4201 σωτηρίαν
1053 4101 1111 4179 καὶ
1129 4097 1245 4201 {onim
1266 4101 1324 4178 καὶ

163 4369 190 4424 5.
208 4354 308 4410 ἑαυτοῖς
320 4353 352 4408 E.
519 4369 559 4408 ια.
577 4354 607 4409 τὸ
619 4362 787 4426 assumptum
801 4370 833 4406 ex
847 4350 880 4407 Ε.
1037 4370 1077 4419 14.
1095 4355 1187 4408 πλεῖον
1197 4351 1278 4406 habet
1291 4349 1324 4404 Ε.

127 4425 191 4478 κατὰ
203 4423 268 4479 RF.
283 4422 334 4478 Ed.
347 4441 403 4495 mg.
416 4423 458 4478 καί
471 4422 523 4478 Ed.
667 4441 708 4496 19.
728 4424 884 4479 διδάσκαλοι
897 4422 930 4476 Ε.
1074 4439 1117 4480 20.
1134 4423 1173 4478 ίσ.
1184 4420 1324 4494 είκιρεστὴ·

127 4515 201 4550 σιιιιν
213 4493 264 4550 M.
278 4511 305 4548 m
327 4532 334 4547 .
346 4492 547 4564 εὖορεστὴσαιεν
558 4493 639 4550 habet
652 4493 681 4551 F.
802 4507 845 4565 25.
864 4491 1025 4550 πιστιῦσασι
1038 4493 1071 4550 Ε.
1191 4492 1234 4550 26.
1251 4488 1321 4564 ᾔδει]

127 4565 223 4634 κατα
237 4563 299 4636 (ιιι)
337 4601 345 4618 .
