<?xml version="1.0" encoding="UTF-8"?>
<!DOCTYPE html PUBLIC "-//W3C//DTD XHTML 1.0 Transitional//EN"
    "http://www.w3.org/TR/xhtml1/DTD/xhtml1-transitional.dtd">
<html xmlns="http://www.w3.org/1999/xhtml" xml:lang="en" lang="en">
 <head>
  <title>
</title>
<meta http-equiv="Content-Type" content="text/html;charset=utf-8" />
  <meta name='ocr-system' content='tesseract 3.04.00' />
  <meta name='ocr-capabilities' content='ocr_page ocr_carea ocr_par ocr_line ocrx_word'/>
</head>
<body>
  <div class='ocr_page' id='page_1' title='image "./sanctipatrisnos01pusegoog_0279.png"; bbox 0 0 3294 5150; ppageno 0'>
   <div class='ocr_carea' id='block_1_1' title="bbox 160 300 1505 459">
    <p class='ocr_par' dir='ltr' id='par_1_1' title="bbox 160 300 1505 459">
     <span class='ocr_line' id='line_1_1' title="bbox 160 300 1505 459; baseline -0.002 -95"><span class='ocrx_word' id='word_1_1' title='bbox 160 391 172 458; x_wconf 74' lang='grc'>[</span> <span class='ocrx_word' id='word_1_2' title='bbox 199 393 288 459; x_wconf 57' lang='lat' dir='ltr'>m]</span> <span class='ocrx_word' id='word_1_3' title='bbox 315 301 380 364; x_wconf 84' lang='lat'>266</span> <span class='ocrx_word' id='word_1_4' title='bbox 488 300 739 368; x_wconf 81' lang='lat' dir='ltr'><strong>B.cYR1LLI</strong></span> <span class='ocrx_word' id='word_1_5' title='bbox 764 303 1027 368; x_wconf 82' lang='lat' dir='ltr'><strong>ALEXANDR.</strong></span> <span class='ocrx_word' id='word_1_6' title='bbox 1054 303 1338 369; x_wconf 76' lang='lat' dir='ltr'><strong>FRAGMENTA</strong></span> <span class='ocrx_word' id='word_1_7' title='bbox 1399 301 1440 364; x_wconf 85' lang='lat' dir='ltr'>vi.</span> <span class='ocrx_word' id='word_1_8' title='bbox 1457 319 1505 383; x_wconf 89' lang='lat'>19.</span> 
     </span>
     <span class='ocr_line' id='line_1_2' title="bbox 183 407 265 456; baseline 0 -10"><span class='ocrx_word' id='word_1_9' title='bbox 183 407 196 456; x_wconf 86' lang='lat'><strong>5</strong></span> <span class='ocrx_word' id='word_1_10' title='bbox 257 431 265 446; x_wconf 94' lang='lat'><strong>.</strong></span> 
     </span>
    </p>
   </div>
   <div class='ocr_carea' id='block_1_2' title="bbox 146 462 1631 2547">
    <p class='ocr_par' dir='ltr' id='par_1_2' title="bbox 146 462 1631 2547">
     <span class='ocr_line' id='line_1_3' title="bbox 314 462 1506 569; baseline -0.001 -26"><span class='ocrx_word' id='word_1_11' title='bbox 314 467 373 544; x_wconf 82' lang='grc' dir='ltr'>καὶ</span> <span class='ocrx_word' id='word_1_12' title='bbox 397 467 475 546; x_wconf 88' lang='grc' dir='ltr'>τίνα</span> <span class='ocrx_word' id='word_1_13' title='bbox 501 465 646 569; x_wconf 88' lang='grc' dir='ltr'>τρόπον,</span> <span class='ocrx_word' id='word_1_14' title='bbox 663 470 743 568; x_wconf 86' lang='grc' dir='ltr'>έρῶ.</span> <span class='ocrx_word' id='word_1_15' title='bbox 779 467 825 546; x_wconf 84' lang='grc' dir='ltr'>τὰ</span> <span class='ocrx_word' id='word_1_16' title='bbox 847 473 940 568; x_wconf 98' lang='grc' dir='ltr'>μέλη</span> <span class='ocrx_word' id='word_1_17' title='bbox 958 476 1022 548; x_wconf 82' lang='grc' dir='ltr'>τοῦ</span> <span class='ocrx_word' id='word_1_18' title='bbox 1040 467 1208 567; x_wconf 85' lang='grc' dir='ltr'>σώματος</span> <span class='ocrx_word' id='word_1_19' title='bbox 1234 468 1336 566; x_wconf 81' lang='grc' dir='ltr'>ἡμῶν</span> <span class='ocrx_word' id='word_1_20' title='bbox 1359 463 1417 545; x_wconf 85' lang='grc' dir='ltr'>διά</span> <span class='ocrx_word' id='word_1_21' title='bbox 1441 462 1506 562; x_wconf 83' lang='grc' dir='ltr'>μέν</span> 
     </span>
     <span class='ocr_line' id='line_1_4' title="bbox 314 587 1506 699; baseline 0.002 -28"><span class='ocrx_word' id='word_1_22' title='bbox 314 592 377 686; x_wconf 77' lang='grc' dir='ltr'>τῆς</span> <span class='ocrx_word' id='word_1_23' title='bbox 402 589 544 690; x_wconf 83' lang='grc' dir='ltr'>ἁγνείας</span> <span class='ocrx_word' id='word_1_24' title='bbox 573 595 738 692; x_wconf 80' lang='grc' dir='ltr'>Χριστοῦ</span> <span class='ocrx_word' id='word_1_25' title='bbox 765 592 862 691; x_wconf 86' lang='grc' dir='ltr'>μέλη</span> <span class='ocrx_word' id='word_1_26' title='bbox 890 590 1119 690; x_wconf 84' lang='grc' dir='ltr'>μεμενηκόπα,</span> <span class='ocrx_word' id='word_1_27' title='bbox 1147 591 1339 699; x_wconf 71' lang='grc' dir='ltr'>μεθέξουσι</span> <span class='ocrx_word' id='word_1_28' title='bbox 1362 587 1506 673; x_wconf 86' lang='grc' dir='ltr'>πάντως</span> 
     </span>
     <span class='ocr_line' id='line_1_5' title="bbox 146 711 1503 820; baseline 0.001 -32"><span class='ocrx_word' id='word_1_29' title='bbox 146 727 253 778; x_wconf 79' lang='lat' dir='ltr'>Phil-111</span> <span class='ocrx_word' id='word_1_30' title='bbox 264 743 301 780; x_wconf 81' lang='grc' dir='ltr'>ιιΙ</span> <span class='ocrx_word' id='word_1_31' title='bbox 314 715 377 808; x_wconf 79' lang='grc' dir='ltr'>τῆς</span> <span class='ocrx_word' id='word_1_32' title='bbox 394 713 478 815; x_wconf 78' lang='grc' dir='ltr'>παρ’</span> <span class='ocrx_word' id='word_1_33' title='bbox 492 714 600 792; x_wconf 80' lang='grc' dir='ltr'>αὐτοῦ</span> <span class='ocrx_word' id='word_1_34' title='bbox 618 712 708 816; x_wconf 82' lang='grc' dir='ltr'>ζωῆς</span> <span class='ocrx_word' id='word_1_35' title='bbox 726 748 763 794; x_wconf 95' lang='grc' dir='ltr'>τε</span> <span class='ocrx_word' id='word_1_36' title='bbox 783 717 840 794; x_wconf 83' lang='grc' dir='ltr'>καὶ</span> <span class='ocrx_word' id='word_1_37' title='bbox 859 713 978 820; x_wconf 88' lang='grc' dir='ltr'>δόξης·</span> <span class='ocrx_word' id='word_1_38' title='bbox 1007 725 1029 761; x_wconf 88' lang='grc'><strong>“</strong></span> <span class='ocrx_word' id='word_1_39' title='bbox 1043 715 1354 818; x_wconf 81' lang='grc' dir='ltr'>μετασχηματίσει</span> <span class='ocrx_word' id='word_1_40' title='bbox 1371 712 1444 815; x_wconf 87' lang='grc' dir='ltr'>γάρ</span> <span class='ocrx_word' id='word_1_41' title='bbox 1462 711 1503 790; x_wconf 85' lang='grc' dir='ltr'>τό</span> 
     </span>
     <span class='ocr_line' id='line_1_6' title="bbox 314 835 1503 945; baseline 0.006 -33"><span class='ocrx_word' id='word_1_42' title='bbox 314 846 335 881; x_wconf 89' lang='grc'><strong>“</strong></span> <span class='ocrx_word' id='word_1_43' title='bbox 351 842 460 931; x_wconf 85' lang='grc' dir='ltr'>σῶμα</span> <span class='ocrx_word' id='word_1_44' title='bbox 487 840 550 933; x_wconf 75' lang='grc' dir='ltr'>τῆς</span> <span class='ocrx_word' id='word_1_45' title='bbox 577 839 823 922; x_wconf 90' lang='grc' dir='ltr'>ταπεινώσεως</span> <span class='ocrx_word' id='word_1_46' title='bbox 844 838 945 937; x_wconf 79' lang='grc' dir='ltr'>ἡμῶν</span> <span class='ocrx_word' id='word_1_47' title='bbox 963 839 1182 943; x_wconf 82' lang='grc' dir='ltr'>σύμμορφον</span> <span class='ocrx_word' id='word_1_48' title='bbox 1200 841 1251 945; x_wconf 78' lang='grc' dir='ltr'>τῷ</span> <span class='ocrx_word' id='word_1_49' title='bbox 1273 835 1415 935; x_wconf 88' lang='grc' dir='ltr'>σώματι</span> <span class='ocrx_word' id='word_1_50' title='bbox 1439 839 1503 934; x_wconf 74' lang='grc' dir='ltr'>τῆς</span> 
     </span>
     <span class='ocr_line' id='line_1_7' title="bbox 313 956 1538 1066; baseline 0.002 -31"><span class='ocrx_word' id='word_1_51' title='bbox 313 969 334 1006; x_wconf 87' lang='grc'><strong>“</strong></span> <span class='ocrx_word' id='word_1_52' title='bbox 353 956 461 1066; x_wconf 92' lang='grc' dir='ltr'>δόξης</span> <span class='ocrx_word' id='word_1_53' title='bbox 480 959 618 1040; x_wconf 83' lang='grc' dir='ltr'>αότοῦ“”</span> <span class='ocrx_word' id='word_1_54' title='bbox 647 967 676 1040; x_wconf 89' lang='grc' dir='ltr'>εί</span> <span class='ocrx_word' id='word_1_55' title='bbox 694 961 732 1040; x_wconf 81' lang='grc' dir='ltr'>δέ</span> <span class='ocrx_word' id='word_1_56' title='bbox 751 959 795 1061; x_wconf 81' lang='grc' dir='ltr'>δὴ</span> <span class='ocrx_word' id='word_1_57' title='bbox 814 959 952 1062; x_wconf 87' lang='grc' dir='ltr'>γένοιτο</span> <span class='ocrx_word' id='word_1_58' title='bbox 970 961 1104 1065; x_wconf 89' lang='grc' dir='ltr'>πόρνης</span> <span class='ocrx_word' id='word_1_59' title='bbox 1122 962 1229 1062; x_wconf 83' lang='grc' dir='ltr'>μέλη,</span> <span class='ocrx_word' id='word_1_60' title='bbox 1240 968 1316 1045; x_wconf 87' lang='grc' dir='ltr'>πιῖς</span> <span class='ocrx_word' id='word_1_61' title='bbox 1331 960 1376 1039; x_wconf 86' lang='grc' dir='ltr'>ἀν</span> <span class='ocrx_word' id='word_1_62' title='bbox 1393 957 1502 1055; x_wconf 86' lang='grc' dir='ltr'>λάβοι</span> <span class='ocrx_word' id='word_1_63' title='bbox 1519 991 1538 1050; x_wconf 82' lang='grc'><strong>5</strong></span> 
     </span>
     <span class='ocr_line' id='line_1_8' title="bbox 311 1080 1503 1188; baseline 0.004 -28"><span class='ocrx_word' id='word_1_64' title='bbox 311 1080 375 1160; x_wconf 85' lang='grc' dir='ltr'>τὸν</span> <span class='ocrx_word' id='word_1_65' title='bbox 399 1083 745 1188; x_wconf 85' lang='grc' dir='ltr'>μετασχηματισμόν</span> <span class='ocrx_word' id='word_1_66' title='bbox 764 1089 821 1164; x_wconf 82' lang='grc' dir='ltr'>καὶ</span> <span class='ocrx_word' id='word_1_67' title='bbox 850 1085 915 1185; x_wconf 78' lang='grc' dir='ltr'>τὴν</span> <span class='ocrx_word' id='word_1_68' title='bbox 931 1089 994 1184; x_wconf 79' lang='grc' dir='ltr'>τῆς</span> <span class='ocrx_word' id='word_1_69' title='bbox 1021 1085 1113 1188; x_wconf 82' lang='grc' dir='ltr'>πρὸς</span> <span class='ocrx_word' id='word_1_70' title='bbox 1139 1084 1248 1166; x_wconf 82' lang='grc' dir='ltr'>αὐτόν</span> <span class='ocrx_word' id='word_1_71' title='bbox 1270 1084 1503 1188; x_wconf 86' lang='grc' dir='ltr'>συμμορφίας</span> 
     </span>
     <span class='ocr_line' id='line_1_9' title="bbox 311 1191 1627 1328; baseline -0.001 -42"><span class='ocrx_word' id='word_1_72' title='bbox 311 1205 548 1310; x_wconf 85' lang='grc' dir='ltr'>λαμπρότητα</span> <span class='ocrx_word' id='word_1_73' title='bbox 566 1208 717 1308; x_wconf 81' lang='grc' dir='ltr'>νοητήν;</span> <span class='ocrx_word' id='word_1_74' title='bbox 748 1209 993 1311; x_wconf 73' lang='grc' dir='ltr'>ἐγηγερμένον</span> <span class='ocrx_word' id='word_1_75' title='bbox 1011 1208 1082 1312; x_wconf 86' lang='grc' dir='ltr'>γάρ</span> <span class='ocrx_word' id='word_1_76' title='bbox 1099 1217 1171 1289; x_wconf 82' lang='grc' dir='ltr'>τῶν</span> <span class='ocrx_word' id='word_1_77' title='bbox 1190 1207 1261 1288; x_wconf 86' lang='grc' dir='ltr'>ἀπό</span> <span class='ocrx_word' id='word_1_78' title='bbox 1285 1212 1352 1310; x_wconf 74' lang='grc' dir='ltr'>γῆς</span> <span class='ocrx_word' id='word_1_79' title='bbox 1370 1206 1499 1304; x_wconf 87' lang='grc' dir='ltr'>σωμά·</span> <span class='ocrx_word' id='word_1_80' title='bbox 1625 1191 1627 1328; x_wconf 58' lang='grc' dir='ltr'>λ</span> 
     </span>
     <span class='ocr_line' id='line_1_10' title="bbox 311 1329 1627 1436; baseline -0.001 -27"><span class='ocrx_word' id='word_1_81' title='bbox 311 1364 384 1409; x_wconf 89' lang='grc' dir='ltr'>των</span> <span class='ocrx_word' id='word_1_82' title='bbox 401 1329 491 1410; x_wconf 79' lang='grc' dir='ltr'>κατὰ</span> <span class='ocrx_word' id='word_1_83' title='bbox 508 1332 571 1411; x_wconf 85' lang='grc' dir='ltr'>τὸν</span> <span class='ocrx_word' id='word_1_84' title='bbox 588 1336 651 1428; x_wconf 74' lang='grc' dir='ltr'>τῆς</span> <span class='ocrx_word' id='word_1_85' title='bbox 670 1330 905 1416; x_wconf 75' lang='grc' dir='ltr'>ἀναστάσεως</span> <span class='ocrx_word' id='word_1_86' title='bbox 927 1333 1049 1436; x_wconf 88' lang='grc' dir='ltr'>καιρόν</span> <span class='ocrx_word' id='word_1_87' title='bbox 1071 1345 1094 1380; x_wconf 89' lang='grc'><strong>“</strong></span> <span class='ocrx_word' id='word_1_88' title='bbox 1107 1333 1368 1436; x_wconf 76' lang='grc' dir='ltr'>Ἐκλάμψουσι</span> <span class='ocrx_word' id='word_1_89' title='bbox 1385 1330 1451 1428; x_wconf 81' lang='grc' dir='ltr'>μέν</span> <span class='ocrx_word' id='word_1_90' title='bbox 1468 1335 1502 1410; x_wconf 82' lang='grc' dir='ltr'>οἱ</span> <span class='ocrx_word' id='word_1_91' title='bbox 1626 1341 1627 1344; x_wconf 68' lang='grc'>’</span> 
     </span>
     <span class='ocr_line' id='line_1_11' title="bbox 312 1454 1502 1555; baseline 0 -22"><span class='ocrx_word' id='word_1_92' title='bbox 312 1463 333 1500; x_wconf 83' lang='grc'><strong>“</strong></span> <span class='ocrx_word' id='word_1_93' title='bbox 353 1457 477 1534; x_wconf 89' lang='grc' dir='ltr'>δίκαιοι</span> <span class='ocrx_word' id='word_1_94' title='bbox 506 1459 555 1538; x_wconf 81' lang='grc' dir='ltr'>ὡς</span> <span class='ocrx_word' id='word_1_95' title='bbox 580 1457 599 1533; x_wconf 88' lang='grc' dir='ltr'><strong>ὁ</strong></span> <span class='ocrx_word' id='word_1_96' title='bbox 629 1455 760 1555; x_wconf 84' lang='grc' dir='ltr'>ἥλιος,”</span> <span class='ocrx_word' id='word_1_97' title='bbox 795 1461 828 1535; x_wconf 84' lang='grc' dir='ltr'>οἱ</span> <span class='ocrx_word' id='word_1_98' title='bbox 856 1454 895 1534; x_wconf 80' lang='grc' dir='ltr'>δέ</span> <span class='ocrx_word' id='word_1_99' title='bbox 926 1459 1070 1551; x_wconf 81' lang='grc' dir='ltr'>ἀσεβεῖς</span> <span class='ocrx_word' id='word_1_100' title='bbox 1103 1491 1142 1536; x_wconf 89' lang='grc' dir='ltr'>τε</span> <span class='ocrx_word' id='word_1_101' title='bbox 1175 1460 1233 1534; x_wconf 86' lang='grc' dir='ltr'>καὶ</span> <span class='ocrx_word' id='word_1_102' title='bbox 1263 1454 1415 1553; x_wconf 77' lang='grc' dir='ltr'>βέβηλοι</span> <span class='ocrx_word' id='word_1_103' title='bbox 1444 1458 1502 1533; x_wconf 77' lang='grc' dir='ltr'>καὶ</span> 
     </span>
     <span class='ocr_line' id='line_1_12' title="bbox 310 1575 1628 1681; baseline 0.002 -26"><span class='ocrx_word' id='word_1_104' title='bbox 310 1576 522 1672; x_wconf 83' lang='grc' dir='ltr'>βεβιωκότες</span> <span class='ocrx_word' id='word_1_105' title='bbox 549 1576 715 1675; x_wconf 82' lang='grc' dir='ltr'>ἐκτόπως,</span> <span class='ocrx_word' id='word_1_106' title='bbox 734 1578 990 1681; x_wconf 79' lang='grc' dir='ltr'>ἐγερθήσονται</span> <span class='ocrx_word' id='word_1_107' title='bbox 1017 1580 1093 1679; x_wconf 80' lang='grc' dir='ltr'>μὲν,</span> <span class='ocrx_word' id='word_1_108' title='bbox 1112 1581 1154 1660; x_wconf 82' lang='grc' dir='ltr'>οὐ</span> <span class='ocrx_word' id='word_1_109' title='bbox 1181 1577 1252 1678; x_wconf 79' lang='grc' dir='ltr'>μὴν</span> <span class='ocrx_word' id='word_1_110' title='bbox 1273 1579 1323 1658; x_wconf 81' lang='grc' dir='ltr'>ἔτι</span> <span class='ocrx_word' id='word_1_111' title='bbox 1352 1584 1409 1657; x_wconf 84' lang='grc' dir='ltr'>καὶ</span> <span class='ocrx_word' id='word_1_112' title='bbox 1436 1577 1501 1677; x_wconf 76' lang='grc' dir='ltr'>την</span> <span class='ocrx_word' id='word_1_113' title='bbox 1516 1607 1557 1648; x_wconf 83' lang='lat'>10</span> <span class='ocrx_word' id='word_1_114' title='bbox 1627 1575 1628 1632; x_wconf 50' lang='lat' dir='ltr'><strong>A</strong></span> 
     </span>
     <span class='ocr_line' id='line_1_13' title="bbox 310 1699 1498 1808; baseline 0.004 -29"><span class='ocrx_word' id='word_1_115' title='bbox 310 1702 437 1780; x_wconf 81' lang='grc' dir='ltr'>εὐκλεᾶ</span> <span class='ocrx_word' id='word_1_116' title='bbox 462 1701 716 1797; x_wconf 80' lang='grc' dir='ltr'>διαβιώσονται</span> <span class='ocrx_word' id='word_1_117' title='bbox 743 1700 844 1805; x_wconf 80' lang='grc' dir='ltr'>ζωὴν,</span> <span class='ocrx_word' id='word_1_118' title='bbox 864 1701 1031 1808; x_wconf 83' lang='grc' dir='ltr'>ἀμέτοχοι</span> <span class='ocrx_word' id='word_1_119' title='bbox 1057 1703 1095 1783; x_wconf 78' lang='grc' dir='ltr'>δέ</span> <span class='ocrx_word' id='word_1_120' title='bbox 1116 1704 1264 1801; x_wconf 85' lang='grc' dir='ltr'>μένουσι</span> <span class='ocrx_word' id='word_1_121' title='bbox 1292 1704 1350 1780; x_wconf 81' lang='grc' dir='ltr'>καὶ</span> <span class='ocrx_word' id='word_1_122' title='bbox 1380 1699 1498 1808; x_wconf 63' lang='grc' dir='ltr'>δόξης</span> 
     </span>
     <span class='ocr_line' id='line_1_14' title="bbox 310 1823 1502 1929; baseline 0.001 -28"><span class='ocrx_word' id='word_1_123' title='bbox 310 1823 577 1924; x_wconf 82' lang='grc' dir='ltr'>ἀναστήσονται</span> <span class='ocrx_word' id='word_1_124' title='bbox 616 1823 685 1928; x_wconf 86' lang='grc' dir='ltr'>γάρ</span> <span class='ocrx_word' id='word_1_125' title='bbox 724 1828 787 1905; x_wconf 80' lang='grc' dir='ltr'>οὐκ</span> <span class='ocrx_word' id='word_1_126' title='bbox 825 1838 846 1874; x_wconf 85' lang='grc'><strong>“</strong></span> <span class='ocrx_word' id='word_1_127' title='bbox 860 1830 898 1905; x_wconf 88' lang='grc' dir='ltr'>έν</span> <span class='ocrx_word' id='word_1_128' title='bbox 934 1829 1049 1929; x_wconf 89' lang='grc' dir='ltr'>κρίσει</span> <span class='ocrx_word' id='word_1_129' title='bbox 1083 1829 1164 1908; x_wconf 74' lang='grc' dir='ltr'>οὔτε</span> <span class='ocrx_word' id='word_1_130' title='bbox 1202 1823 1274 1924; x_wconf 80' lang='grc' dir='ltr'>μὴν</span> <span class='ocrx_word' id='word_1_131' title='bbox 1310 1827 1347 1903; x_wconf 88' lang='grc' dir='ltr'>έν</span> <span class='ocrx_word' id='word_1_132' title='bbox 1383 1825 1502 1928; x_wconf 81' lang='grc' dir='ltr'>βουλῇ</span> 
     </span>
     <span class='ocr_line' id='line_1_15' title="bbox 309 1946 1502 2055; baseline 0.005 -31"><span class='ocrx_word' id='word_1_133' title='bbox 309 1958 331 1994; x_wconf 86' lang='grc'><strong>“</strong></span> <span class='ocrx_word' id='word_1_134' title='bbox 349 1947 526 2044; x_wconf 91' lang='grc' dir='ltr'>δικαίων,”</span> <span class='ocrx_word' id='word_1_135' title='bbox 547 1948 632 2028; x_wconf 82' lang='grc' dir='ltr'>ἀλλ’</span> <span class='ocrx_word' id='word_1_136' title='bbox 652 1951 709 2030; x_wconf 78' lang='grc' dir='ltr'>ε’πὶ</span> <span class='ocrx_word' id='word_1_137' title='bbox 734 1956 841 2054; x_wconf 82' lang='grc' dir='ltr'>ποινῇ</span> <span class='ocrx_word' id='word_1_138' title='bbox 865 1953 923 2029; x_wconf 79' lang='grc' dir='ltr'>καὶ</span> <span class='ocrx_word' id='word_1_139' title='bbox 948 1951 1037 2055; x_wconf 85' lang='grc' dir='ltr'>δίκη,</span> <span class='ocrx_word' id='word_1_140' title='bbox 1056 1949 1334 2054; x_wconf 84' lang='grc' dir='ltr'>κατοιχήσονται</span> <span class='ocrx_word' id='word_1_141' title='bbox 1358 1946 1427 2050; x_wconf 79' lang='grc' dir='ltr'>γὰρ</span> <span class='ocrx_word' id='word_1_142' title='bbox 1453 1953 1502 2030; x_wconf 86' lang='grc' dir='ltr'>είς</span> 
     </span>
     <span class='ocr_line' id='line_1_16' title="bbox 307 2067 1497 2180; baseline 0.001 -32"><span class='ocrx_word' id='word_1_143' title='bbox 307 2067 349 2148; x_wconf 84' lang='grc' dir='ltr'>τὸ</span> <span class='ocrx_word' id='word_1_144' title='bbox 368 2067 499 2156; x_wconf 85' lang='grc' dir='ltr'>σκότος</span> <span class='ocrx_word' id='word_1_145' title='bbox 527 2071 569 2152; x_wconf 85' lang='grc' dir='ltr'>τό</span> <span class='ocrx_word' id='word_1_146' title='bbox 597 2071 781 2179; x_wconf 79' lang='grc' dir='ltr'>ἐξώτερον·</span> <span class='ocrx_word' id='word_1_147' title='bbox 821 2079 898 2157; x_wconf 82' lang='grc' dir='ltr'>πῶς</span> <span class='ocrx_word' id='word_1_148' title='bbox 920 2074 992 2174; x_wconf 81' lang='grc' dir='ltr'>γὰρ</span> <span class='ocrx_word' id='word_1_149' title='bbox 1010 2076 1048 2153; x_wconf 86' lang='grc' dir='ltr'>έν</span> <span class='ocrx_word' id='word_1_150' title='bbox 1066 2072 1156 2180; x_wconf 83' lang='grc' dir='ltr'>δόξη</span> <span class='ocrx_word' id='word_1_151' title='bbox 1174 2072 1215 2153; x_wconf 88' lang='grc' dir='ltr'>τό</span> <span class='ocrx_word' id='word_1_152' title='bbox 1234 2069 1470 2172; x_wconf 90' lang='grc' dir='ltr'>κολαζόμενον</span> <span class='ocrx_word' id='word_1_153' title='bbox 1486 2103 1497 2164; x_wconf 88' lang='grc'><strong>;</strong></span> 
     </span>
     <span class='ocr_line' id='line_1_17' title="bbox 306 2193 1556 2300; baseline 0.001 -29"><span class='ocrx_word' id='word_1_154' title='bbox 306 2193 527 2296; x_wconf 80' lang='grc' dir='ltr'>προσεπάγει</span> <span class='ocrx_word' id='word_1_155' title='bbox 555 2195 597 2274; x_wconf 84' lang='grc' dir='ltr'>δέ</span> <span class='ocrx_word' id='word_1_156' title='bbox 617 2230 650 2276; x_wconf 93' lang='grc' dir='ltr'>τι</span> <span class='ocrx_word' id='word_1_157' title='bbox 676 2201 734 2276; x_wconf 86' lang='grc' dir='ltr'>καὶ</span> <span class='ocrx_word' id='word_1_158' title='bbox 762 2198 892 2300; x_wconf 81' lang='grc' dir='ltr'>ἕτερον,</span> <span class='ocrx_word' id='word_1_159' title='bbox 922 2199 985 2277; x_wconf 82' lang='grc' dir='ltr'>οὐκ</span> <span class='ocrx_word' id='word_1_160' title='bbox 1009 2197 1181 2280; x_wconf 87' lang='grc' dir='ltr'>ἀνικάνως</span> <span class='ocrx_word' id='word_1_161' title='bbox 1204 2196 1285 2300; x_wconf 81' lang='grc' dir='ltr'>ἔχον</span> <span class='ocrx_word' id='word_1_162' title='bbox 1310 2198 1499 2274; x_wconf 86' lang='grc' dir='ltr'>ἀναπεῖσαι</span> <span class='ocrx_word' id='word_1_163' title='bbox 1516 2219 1556 2280; x_wconf 84' lang='grc' dir='ltr'>ι5</span> 
     </span>
     <span class='ocr_line' id='line_1_18' title="bbox 305 2278 1631 2448; baseline 0.005 -53"><span class='ocrx_word' id='word_1_164' title='bbox 305 2325 424 2414; x_wconf 84' lang='grc' dir='ltr'>μισεῖν</span> <span class='ocrx_word' id='word_1_165' title='bbox 441 2318 507 2418; x_wconf 77' lang='grc' dir='ltr'>τὴν</span> <span class='ocrx_word' id='word_1_166' title='bbox 523 2319 700 2423; x_wconf 85' lang='grc' dir='ltr'>ἐπάρατον</span> <span class='ocrx_word' id='word_1_167' title='bbox 718 2329 782 2400; x_wconf 87' lang='grc' dir='ltr'>τοῦ</span> <span class='ocrx_word' id='word_1_168' title='bbox 801 2320 971 2418; x_wconf 86' lang='grc' dir='ltr'>σώματος</span> <span class='ocrx_word' id='word_1_169' title='bbox 988 2319 1130 2420; x_wconf 80' lang='grc' dir='ltr'>ἡδονήν.</span> <span class='ocrx_word' id='word_1_170' title='bbox 1628 2278 1631 2448; x_wconf 58' lang='grc' dir='ltr'>ζ</span> 
     </span>
     <span class='ocr_line' id='line_1_19' title="bbox 361 2439 1501 2547; baseline -0.002 -26"><span class='ocrx_word' id='word_1_171' title='bbox 361 2439 507 2540; x_wconf 81' lang='grc' dir='ltr'>Ἐπειδὴ</span> <span class='ocrx_word' id='word_1_172' title='bbox 533 2446 590 2522; x_wconf 84' lang='grc' dir='ltr'>καὶ</span> <span class='ocrx_word' id='word_1_173' title='bbox 610 2444 630 2522; x_wconf 91' lang='grc' dir='ltr'>ό</span> <span class='ocrx_word' id='word_1_174' title='bbox 649 2443 810 2542; x_wconf 83' lang='grc' dir='ltr'>Φονειίων</span> <span class='ocrx_word' id='word_1_175' title='bbox 828 2448 886 2524; x_wconf 83' lang='grc' dir='ltr'>καὶ</span> <span class='ocrx_word' id='word_1_176' title='bbox 910 2441 1087 2547; x_wconf 78' lang='grc' dir='ltr'>ἀτιμάζων</span> <span class='ocrx_word' id='word_1_177' title='bbox 1105 2446 1164 2523; x_wconf 87' lang='grc' dir='ltr'>καὶ</span> <span class='ocrx_word' id='word_1_178' title='bbox 1182 2447 1367 2544; x_wconf 81' lang='grc' dir='ltr'>λοιδορῶν,</span> <span class='ocrx_word' id='word_1_179' title='bbox 1387 2446 1417 2519; x_wconf 86' lang='grc' dir='ltr'>εί</span> <span class='ocrx_word' id='word_1_180' title='bbox 1442 2443 1501 2520; x_wconf 84' lang='grc' dir='ltr'>καὶ</span> 
     </span>
    </p>
   </div>
   <div class='ocr_carea' id='block_1_3' title="bbox 305 2549 1632 2670">
    <p class='ocr_par' dir='ltr' id='par_1_3' title="bbox 305 2549 1632 2670">
     <span class='ocr_line' id='line_1_20' title="bbox 305 2549 1632 2670; baseline 0.001 -27"><span class='ocrx_word' id='word_1_181' title='bbox 305 2563 446 2661; x_wconf 89' lang='grc' dir='ltr'>σώματι</span> <span class='ocrx_word' id='word_1_182' title='bbox 462 2567 633 2666; x_wconf 76' lang='grc' dir='ltr'>ποιεῖτὴν</span> <span class='ocrx_word' id='word_1_183' title='bbox 649 2567 835 2670; x_wconf 82' lang='grc' dir='ltr'>ἁμαρτίαν,</span> <span class='ocrx_word' id='word_1_184' title='bbox 855 2569 939 2646; x_wconf 91' lang='grc' dir='ltr'>ἀλλ’</span> <span class='ocrx_word' id='word_1_185' title='bbox 961 2566 1057 2664; x_wconf 84' lang='grc' dir='ltr'>ὅμως</span> <span class='ocrx_word' id='word_1_186' title='bbox 1075 2572 1124 2650; x_wconf 85' lang='grc' dir='ltr'>είς</span> <span class='ocrx_word' id='word_1_187' title='bbox 1137 2564 1273 2668; x_wconf 78' lang='grc' dir='ltr'>ἑτέρους</span> <span class='ocrx_word' id='word_1_188' title='bbox 1287 2562 1374 2644; x_wconf 79' lang='grc' dir='ltr'>αὐτὸ</span> <span class='ocrx_word' id='word_1_189' title='bbox 1388 2563 1501 2667; x_wconf 87' lang='grc' dir='ltr'>πράτ-</span> <span class='ocrx_word' id='word_1_190' title='bbox 1630 2549 1632 2628; x_wconf 72' lang='grc' dir='ltr'>λ</span> 
     </span>
    </p>
   </div>
   <div class='ocr_carea' id='block_1_4' title="bbox 305 2686 1570 3288">
    <p class='ocr_par' dir='ltr' id='par_1_4' title="bbox 305 2686 1570 3288">
     <span class='ocr_line' id='line_1_21' title="bbox 305 2686 1501 2796; baseline 0.001 -30"><span class='ocrx_word' id='word_1_191' title='bbox 305 2721 366 2784; x_wconf 93' lang='grc' dir='ltr'>τει,</span> <span class='ocrx_word' id='word_1_192' title='bbox 396 2689 531 2769; x_wconf 82' lang='grc' dir='ltr'>τούτων</span> <span class='ocrx_word' id='word_1_193' title='bbox 556 2696 628 2770; x_wconf 83' lang='grc' dir='ltr'>τῶν</span> <span class='ocrx_word' id='word_1_194' title='bbox 657 2690 801 2792; x_wconf 89' lang='grc' dir='ltr'>τρόπων</span> <span class='ocrx_word' id='word_1_195' title='bbox 831 2690 974 2791; x_wconf 89' lang='grc' dir='ltr'>λέγεται</span> <span class='ocrx_word' id='word_1_196' title='bbox 1004 2692 1078 2770; x_wconf 70' lang='grc' dir='ltr'>Πάν</span> <span class='ocrx_word' id='word_1_197' title='bbox 1106 2689 1298 2796; x_wconf 71' lang='grc' dir='ltr'>ἁμάρτημα</span> <span class='ocrx_word' id='word_1_198' title='bbox 1326 2686 1421 2774; x_wconf 84' lang='grc' dir='ltr'>εἰιτῖς</span> <span class='ocrx_word' id='word_1_199' title='bbox 1446 2691 1501 2768; x_wconf 75' lang='grc' dir='ltr'>τιό</span> 
     </span>
     <span class='ocr_line' id='line_1_22' title="bbox 306 2809 1554 2920; baseline 0 -30"><span class='ocrx_word' id='word_1_200' title='bbox 306 2812 476 2916; x_wconf 76' lang='grc' dir='ltr'>σώματος,</span> <span class='ocrx_word' id='word_1_201' title='bbox 497 2823 511 2895; x_wconf 76' lang='grc' dir='ltr'>ι’</span> <span class='ocrx_word' id='word_1_202' title='bbox 532 2809 566 2894; x_wconf 76' lang='grc' dir='ltr'>θῖ</span> <span class='ocrx_word' id='word_1_203' title='bbox 587 2812 736 2920; x_wconf 83' lang='grc' dir='ltr'>πορνείαν</span> <span class='ocrx_word' id='word_1_204' title='bbox 755 2811 841 2894; x_wconf 81' lang='grc' dir='ltr'>αὐτό</span> <span class='ocrx_word' id='word_1_205' title='bbox 860 2811 895 2892; x_wconf 75' lang='grc' dir='ltr'>τό</span> <span class='ocrx_word' id='word_1_206' title='bbox 913 2809 990 2893; x_wconf 81' lang='grc' dir='ltr'>ἴδιον</span> <span class='ocrx_word' id='word_1_207' title='bbox 1009 2815 1122 2893; x_wconf 80' lang='grc' dir='ltr'>ἀδικεῖ</span> <span class='ocrx_word' id='word_1_208' title='bbox 1140 2811 1256 2919; x_wconf 70' lang='grc' dir='ltr'>κώρι’</span> <span class='ocrx_word' id='word_1_209' title='bbox 1283 2810 1329 2891; x_wconf 80' lang='grc' dir='ltr'>τὰ</span> <span class='ocrx_word' id='word_1_210' title='bbox 1347 2811 1500 2908; x_wconf 85' lang='grc' dir='ltr'>σώματα</span> <span class='ocrx_word' id='word_1_211' title='bbox 1515 2845 1554 2884; x_wconf 83' lang='grc' dir='ltr'>ιο</span> 
     </span>
     <span class='ocr_line' id='line_1_23' title="bbox 305 2933 1501 3038; baseline 0.002 -26"><span class='ocrx_word' id='word_1_212' title='bbox 305 2933 405 3031; x_wconf 85' lang='grc' dir='ltr'>ἡμῶν</span> <span class='ocrx_word' id='word_1_213' title='bbox 423 2937 468 3014; x_wconf 90' lang='grc' dir='ltr'>δι’</span> <span class='ocrx_word' id='word_1_214' title='bbox 488 2937 628 3037; x_wconf 86' lang='grc' dir='ltr'>ἁγνείας</span> <span class='ocrx_word' id='word_1_215' title='bbox 646 2935 796 3034; x_wconf 87' lang='grc' dir='ltr'>μένουσι</span> <span class='ocrx_word' id='word_1_216' title='bbox 810 2938 903 3035; x_wconf 88' lang='grc' dir='ltr'>μέλη</span> <span class='ocrx_word' id='word_1_217' title='bbox 915 2941 1089 3038; x_wconf 82' lang='grc' dir='ltr'>Χριστοῦ,</span> <span class='ocrx_word' id='word_1_218' title='bbox 1105 2938 1162 3014; x_wconf 81' lang='grc' dir='ltr'>καὶ</span> <span class='ocrx_word' id='word_1_219' title='bbox 1180 2933 1501 3034; x_wconf 75' lang='grc' dir='ltr'>μεταλαμβάνουσι</span> 
     </span>
     <span class='ocr_line' id='line_1_24' title="bbox 305 3057 1570 3166; baseline -0.003 -25"><span class='ocrx_word' id='word_1_220' title='bbox 305 3059 369 3155; x_wconf 77' lang='grc' dir='ltr'>τῆς</span> <span class='ocrx_word' id='word_1_221' title='bbox 395 3061 478 3160; x_wconf 87' lang='grc' dir='ltr'>παρ’</span> <span class='ocrx_word' id='word_1_222' title='bbox 500 3061 607 3138; x_wconf 83' lang='grc' dir='ltr'>αὑτοῦ</span> <span class='ocrx_word' id='word_1_223' title='bbox 635 3064 724 3160; x_wconf 77' lang='grc' dir='ltr'>ζωῆς</span> <span class='ocrx_word' id='word_1_224' title='bbox 748 3064 807 3140; x_wconf 85' lang='grc' dir='ltr'>καὶ</span> <span class='ocrx_word' id='word_1_225' title='bbox 828 3058 949 3166; x_wconf 80' lang='grc' dir='ltr'>δόξης·</span> <span class='ocrx_word' id='word_1_226' title='bbox 985 3057 1046 3138; x_wconf 83' lang='grc' dir='ltr'>ε’ἀν</span> <span class='ocrx_word' id='word_1_227' title='bbox 1065 3057 1103 3138; x_wconf 80' lang='grc' dir='ltr'>δέ</span> <span class='ocrx_word' id='word_1_228' title='bbox 1131 3062 1306 3162; x_wconf 76' lang='grc' dir='ltr'>μολυνθῇ,</span> <span class='ocrx_word' id='word_1_229' title='bbox 1325 3065 1501 3162; x_wconf 91' lang='grc' dir='ltr'>στερεῖται</span> <span class='ocrx_word' id='word_1_230' title='bbox 1561 3151 1570 3166; x_wconf 46' lang='lat'><strong>·</strong></span> 
     </span>
     <span class='ocr_line' id='line_1_25' title="bbox 306 3181 685 3288; baseline -0.003 -26"><span class='ocrx_word' id='word_1_231' title='bbox 306 3183 368 3276; x_wconf 75' lang='grc' dir='ltr'>τῆς</span> <span class='ocrx_word' id='word_1_232' title='bbox 385 3182 548 3280; x_wconf 78' lang='grc' dir='ltr'>τοιαύτης</span> <span class='ocrx_word' id='word_1_233' title='bbox 567 3181 685 3288; x_wconf 85' lang='grc' dir='ltr'>δόξης.</span> 
     </span>
    </p>
   </div>
   <div class='ocr_carea' id='block_1_5' title="bbox 259 3434 1436 3532">
    <p class='ocr_par' dir='ltr' id='par_1_5' title="bbox 259 3434 1436 3532">
     <span class='ocr_line' id='line_1_26' title="bbox 259 3434 1436 3532; baseline 0.003 -32"><span class='ocrx_word' id='word_1_234' title='bbox 259 3477 293 3532; x_wconf 73' lang='grc'>,9</span> <span class='ocrx_word' id='word_1_235' title='bbox 369 3437 435 3501; x_wconf 86' lang='grc' dir='ltr'>Οὐκ</span> <span class='ocrx_word' id='word_1_236' title='bbox 463 3434 574 3504; x_wconf 81' lang='grc' dir='ltr'>οἴδατε</span> <span class='ocrx_word' id='word_1_237' title='bbox 601 3443 651 3506; x_wconf 85' lang='grc' dir='ltr'>ὅτι</span> <span class='ocrx_word' id='word_1_238' title='bbox 678 3441 714 3505; x_wconf 90' lang='grc' dir='ltr'>τὸ</span> <span class='ocrx_word' id='word_1_239' title='bbox 743 3441 836 3518; x_wconf 81' lang='grc' dir='ltr'>σῶμα</span> <span class='ocrx_word' id='word_1_240' title='bbox 865 3441 954 3518; x_wconf 84' lang='grc' dir='ltr'>ὑμῶν</span> <span class='ocrx_word' id='word_1_241' title='bbox 983 3441 1059 3507; x_wconf 79' lang='grc' dir='ltr'>ναός</span> <span class='ocrx_word' id='word_1_242' title='bbox 1087 3447 1143 3506; x_wconf 84' lang='grc' dir='ltr'>τοῦ</span> <span class='ocrx_word' id='word_1_243' title='bbox 1171 3441 1205 3505; x_wconf 83' lang='grc' dir='ltr'>ὲν</span> <span class='ocrx_word' id='word_1_244' title='bbox 1233 3435 1305 3516; x_wconf 88' lang='grc' dir='ltr'>ὑμῖν</span> <span class='ocrx_word' id='word_1_245' title='bbox 1327 3440 1436 3515; x_wconf 69' lang='grc' dir='ltr'>’λείου</span> 
     </span>
    </p>
   </div>
   <div class='ocr_carea' id='block_1_6' title="bbox 805 3563 1554 3642">
    <p class='ocr_par' dir='ltr' id='par_1_6' title="bbox 805 3563 1554 3642">
     <span class='ocr_line' id='line_1_27' title="bbox 805 3563 1554 3642; baseline 0.003 -14"><span class='ocrx_word' id='word_1_246' title='bbox 805 3567 1005 3642; x_wconf 79' lang='grc' dir='ltr'>Πυεύματοι.</span> <span class='ocrx_word' id='word_1_247' title='bbox 1516 3563 1554 3621; x_wconf 84' lang='lat'>²5</span> 
     </span>
    </p>
   </div>
   <div class='ocr_carea' id='block_1_7' title="bbox 139 3715 1502 4070">
    <p class='ocr_par' dir='ltr' id='par_1_7' title="bbox 139 3715 1502 4070">
     <span class='ocr_line' id='line_1_28' title="bbox 139 3715 1497 3845; baseline 0.001 -50"><span class='ocrx_word' id='word_1_248' title='bbox 139 3731 211 3845; x_wconf 50' lang='grc' dir='ltr'>ξονι·</span> <span class='ocrx_word' id='word_1_249' title='bbox 225 3732 276 3783; x_wconf 76' lang='lat' dir='ltr'><strong>viii.</strong></span> <span class='ocrx_word' id='word_1_250' title='bbox 366 3715 561 3825; x_wconf 78' lang='grc' dir='ltr'>Κατώκηκε</span> <span class='ocrx_word' id='word_1_251' title='bbox 575 3718 646 3821; x_wconf 82' lang='grc' dir='ltr'>γὰρ</span> <span class='ocrx_word' id='word_1_252' title='bbox 665 3721 702 3797; x_wconf 87' lang='grc' dir='ltr'>έν</span> <span class='ocrx_word' id='word_1_253' title='bbox 720 3719 803 3817; x_wconf 84' lang='grc' dir='ltr'>ἡμῖν</span> <span class='ocrx_word' id='word_1_254' title='bbox 821 3719 863 3798; x_wconf 82' lang='grc' dir='ltr'>τὸ</span> <span class='ocrx_word' id='word_1_255' title='bbox 881 3725 944 3818; x_wconf 84' lang='grc' dir='ltr'>τῆς</span> <span class='ocrx_word' id='word_1_256' title='bbox 963 3731 984 3766; x_wconf 92' lang='grc'><strong>“</strong></span> <span class='ocrx_word' id='word_1_257' title='bbox 1000 3721 1177 3804; x_wconf 84' lang='grc' dir='ltr'>υἱοθεσίας</span> <span class='ocrx_word' id='word_1_258' title='bbox 1193 3720 1372 3816; x_wconf 85' lang='grc' dir='ltr'>Πνεῦμα,”</span> <span class='ocrx_word' id='word_1_259' title='bbox 1392 3751 1497 3798; x_wconf 87' lang='grc' dir='ltr'>τουτ-</span> 
     </span>
     <span class='ocr_line' id='line_1_29' title="bbox 156 3809 1498 3950; baseline 0.001 -31"><span class='ocrx_word' id='word_1_260' title='bbox 156 3809 179 3858; x_wconf 80' lang='lat'>5·</span> <span class='ocrx_word' id='word_1_261' title='bbox 306 3841 384 3920; x_wconf 86' lang='grc' dir='ltr'>ε’στι</span> <span class='ocrx_word' id='word_1_262' title='bbox 417 3840 459 3920; x_wconf 84' lang='grc' dir='ltr'>τό</span> <span class='ocrx_word' id='word_1_263' title='bbox 481 3839 612 3943; x_wconf 85' lang='grc' dir='ltr'>Ἅγιον,</span> <span class='ocrx_word' id='word_1_264' title='bbox 640 3855 661 3890; x_wconf 87' lang='grc'>“</span> <span class='ocrx_word' id='word_1_265' title='bbox 678 3845 715 3922; x_wconf 83' lang='grc' dir='ltr'>ἐν</span> <span class='ocrx_word' id='word_1_266' title='bbox 744 3841 772 3950; x_wconf 81' lang='grc' dir='ltr'><strong><em>ᾧ</em></strong></span> <span class='ocrx_word' id='word_1_267' title='bbox 801 3842 972 3946; x_wconf 86' lang='grc' dir='ltr'>κράζομεν</span> <span class='ocrx_word' id='word_1_268' title='bbox 1001 3845 1116 3938; x_wconf 83' lang='grc' dir='ltr'>Ἀββᾶ</span> <span class='ocrx_word' id='word_1_269' title='bbox 1142 3843 1161 3920; x_wconf 85' lang='grc' dir='ltr'>ό</span> <span class='ocrx_word' id='word_1_270' title='bbox 1185 3841 1335 3944; x_wconf 80' lang='grc' dir='ltr'>πατήρ·”</span> <span class='ocrx_word' id='word_1_271' title='bbox 1377 3841 1498 3948; x_wconf 73' lang='grc' dir='ltr'>ἦγιριί·</span> 
     </span>
     <span class='ocr_line' id='line_1_30' title="bbox 305 3962 1502 4070; baseline 0.003 -29"><span class='ocrx_word' id='word_1_272' title='bbox 305 3962 418 4070; x_wconf 80' lang='grc' dir='ltr'>σμεθα</span> <span class='ocrx_word' id='word_1_273' title='bbox 442 3965 479 4046; x_wconf 82' lang='grc' dir='ltr'>δέ</span> <span class='ocrx_word' id='word_1_274' title='bbox 505 3970 562 4045; x_wconf 82' lang='grc' dir='ltr'>καὶ</span> <span class='ocrx_word' id='word_1_275' title='bbox 588 3966 696 4062; x_wconf 68' lang='grc' dir='ltr'>τιμῖς,</span> <span class='ocrx_word' id='word_1_276' title='bbox 719 3963 912 4050; x_wconf 87' lang='grc' dir='ltr'>τεθεικότος</span> <span class='ocrx_word' id='word_1_277' title='bbox 940 3965 1027 4068; x_wconf 85' lang='grc' dir='ltr'>όπέρ</span> <span class='ocrx_word' id='word_1_278' title='bbox 1057 3966 1156 4064; x_wconf 79' lang='grc' dir='ltr'>ἡμῶν</span> <span class='ocrx_word' id='word_1_279' title='bbox 1183 3964 1249 4065; x_wconf 77' lang='grc' dir='ltr'>τὴν</span> <span class='ocrx_word' id='word_1_280' title='bbox 1267 3967 1359 4044; x_wconf 88' lang='grc' dir='ltr'>ίδίαν</span> <span class='ocrx_word' id='word_1_281' title='bbox 1376 3963 1502 4070; x_wconf 77' lang='grc' dir='ltr'>ψυχὴν</span> 
     </span>
    </p>
   </div>
   <div class='ocr_carea' id='block_1_8' title="bbox 303 4216 1502 4569">
    <p class='ocr_par' dir='ltr' id='par_1_8' title="bbox 303 4216 1502 4569">
     <span class='ocr_line' id='line_1_31' title="bbox 344 4216 1501 4288; baseline 0 -18"><span class='ocrx_word' id='word_1_282' title='bbox 344 4231 401 4286; x_wconf 84' lang='lat'><strong>1-7.</strong></span> <span class='ocrx_word' id='word_1_283' title='bbox 420 4220 451 4272; x_wconf 82' lang='grc' dir='ltr'>τὰ</span> <span class='ocrx_word' id='word_1_284' title='bbox 463 4218 655 4288; x_wconf 78' lang='grc' dir='ltr'>μέλη-νοητήν</span> <span class='ocrx_word' id='word_1_285' title='bbox 668 4219 787 4274; x_wconf 82' lang='lat' dir='ltr'>exhibuit</span> <span class='ocrx_word' id='word_1_286' title='bbox 799 4229 825 4273; x_wconf 85' lang='lat' dir='ltr'>et</span> <span class='ocrx_word' id='word_1_287' title='bbox 839 4220 903 4274; x_wconf 86' lang='lat' dir='ltr'><strong>Mai.</strong></span> <span class='ocrx_word' id='word_1_288' title='bbox 1133 4238 1155 4274; x_wconf 84' lang='grc' dir='ltr'>ι.</span> <span class='ocrx_word' id='word_1_289' title='bbox 1174 4219 1220 4285; x_wconf 74' lang='grc' dir='ltr'>μέν</span> <span class='ocrx_word' id='word_1_290' title='bbox 1232 4225 1401 4288; x_wconf 70' lang='lat' dir='ltr'><strong>assumptum</strong></span> <span class='ocrx_word' id='word_1_291' title='bbox 1415 4235 1447 4271; x_wconf 81' lang='lat' dir='ltr'>ex</span> <span class='ocrx_word' id='word_1_292' title='bbox 1462 4216 1501 4271; x_wconf 85' lang='lat' dir='ltr'>H.</span> 
     </span>
     <span class='ocr_line' id='line_1_32' title="bbox 306 4288 1502 4360; baseline 0.002 -20"><span class='ocrx_word' id='word_1_293' title='bbox 306 4303 366 4356; x_wconf 81' lang='lat'><strong>3-5.</strong></span> <span class='ocrx_word' id='word_1_294' title='bbox 385 4291 720 4360; x_wconf 78' lang='grc' dir='ltr'>μετασχηματίσει-αὐτοῦ</span> <span class='ocrx_word' id='word_1_295' title='bbox 733 4308 786 4343; x_wconf 87' lang='lat' dir='ltr'>om.</span> <span class='ocrx_word' id='word_1_296' title='bbox 802 4290 838 4344; x_wconf 89' lang='lat' dir='ltr'>H.</span> <span class='ocrx_word' id='word_1_297' title='bbox 982 4305 1008 4358; x_wconf 84' lang='lat'>3.</span> <span class='ocrx_word' id='word_1_298' title='bbox 1026 4289 1205 4360; x_wconf 74' lang='grc' dir='ltr'>μετασχηματι</span> <span class='ocrx_word' id='word_1_299' title='bbox 1218 4289 1238 4342; x_wconf 87' lang='grc' dir='ltr'>έι</span> <span class='ocrx_word' id='word_1_300' title='bbox 1253 4289 1315 4357; x_wconf 79' lang='lat' dir='ltr'>(sic)</span> <span class='ocrx_word' id='word_1_301' title='bbox 1325 4289 1359 4342; x_wconf 92' lang='lat' dir='ltr'>A.</span> <span class='ocrx_word' id='word_1_302' title='bbox 1373 4288 1502 4342; x_wconf 77' lang='lat' dir='ltr'>Voluitne</span> 
     </span>
     <span class='ocr_line' id='line_1_33' title="bbox 303 4357 1502 4427; baseline 0.003 -18"><span class='ocrx_word' id='word_1_303' title='bbox 303 4363 523 4426; x_wconf 70' lang='grc' dir='ltr'>μετοσχηματιεῖῗ</span> <span class='ocrx_word' id='word_1_304' title='bbox 701 4375 726 4426; x_wconf 89' lang='lat'>5.</span> <span class='ocrx_word' id='word_1_305' title='bbox 745 4360 776 4427; x_wconf 77' lang='grc' dir='ltr'>δὴ</span> <span class='ocrx_word' id='word_1_306' title='bbox 789 4378 842 4414; x_wconf 86' lang='lat' dir='ltr'>om.</span> <span class='ocrx_word' id='word_1_307' title='bbox 856 4360 890 4413; x_wconf 89' lang='lat' dir='ltr'>A.</span> <span class='ocrx_word' id='word_1_308' title='bbox 1058 4378 1098 4414; x_wconf 89' lang='lat'>10.</span> <span class='ocrx_word' id='word_1_309' title='bbox 1118 4361 1231 4415; x_wconf 76' lang='grc' dir='ltr'>ἐκτόπως</span> <span class='ocrx_word' id='word_1_310' title='bbox 1243 4357 1323 4412; x_wconf 81' lang='lat' dir='ltr'><strong>edidi.</strong></span> <span class='ocrx_word' id='word_1_311' title='bbox 1336 4358 1450 4412; x_wconf 83' lang='grc' dir='ltr'>ε’κτόπων</span> <span class='ocrx_word' id='word_1_312' title='bbox 1463 4357 1502 4413; x_wconf 84' lang='grc' dir='ltr'>Η.</span> 
     </span>
     <span class='ocr_line' id='line_1_34' title="bbox 309 4426 1502 4500; baseline 0.004 -23"><span class='ocrx_word' id='word_1_313' title='bbox 309 4441 348 4493; x_wconf 85' lang='lat'>15.</span> <span class='ocrx_word' id='word_1_314' title='bbox 367 4426 486 4484; x_wconf 83' lang='grc' dir='ltr'>ἀνικάνως</span> <span class='ocrx_word' id='word_1_315' title='bbox 500 4430 561 4498; x_wconf 73' lang='grc' dir='ltr'>ἕχον</span> <span class='ocrx_word' id='word_1_316' title='bbox 573 4427 651 4483; x_wconf 79' lang='lat' dir='ltr'><strong>edidi.</strong></span> <span class='ocrx_word' id='word_1_317' title='bbox 665 4427 695 4483; x_wconf 85' lang='grc' dir='ltr'>ίιν</span> <span class='ocrx_word' id='word_1_318' title='bbox 706 4429 796 4485; x_wconf 82' lang='grc' dir='ltr'>’ίκανῶς</span> <span class='ocrx_word' id='word_1_319' title='bbox 808 4430 875 4500; x_wconf 77' lang='grc' dir='ltr'>ἔχων</span> <span class='ocrx_word' id='word_1_320' title='bbox 888 4427 956 4484; x_wconf 84' lang='lat' dir='ltr'><strong>Cod.</strong></span> <span class='ocrx_word' id='word_1_321' title='bbox 1149 4443 1190 4500; x_wconf 79' lang='lat'>17.</span> <span class='ocrx_word' id='word_1_322' title='bbox 1211 4428 1272 4483; x_wconf 85' lang='lat' dir='ltr'>Hoc</span> <span class='ocrx_word' id='word_1_323' title='bbox 1284 4427 1404 4484; x_wconf 75' lang='lat' dir='ltr'>scholion</span> <span class='ocrx_word' id='word_1_324' title='bbox 1422 4427 1502 4482; x_wconf 71' lang='lat' dir='ltr'>nobi!</span> 
     </span>
     <span class='ocr_line' id='line_1_35' title="bbox 306 4495 1358 4569; baseline 0.007 -22"><span class='ocrx_word' id='word_1_325' title='bbox 306 4495 456 4565; x_wconf 77' lang='lat' dir='ltr'>suppeditat</span> <span class='ocrx_word' id='word_1_326' title='bbox 471 4497 507 4551; x_wconf 86' lang='lat' dir='ltr'>H.</span> <span class='ocrx_word' id='word_1_327' title='bbox 647 4500 699 4553; x_wconf 85' lang='lat'><strong>⁰26.</strong></span> <span class='ocrx_word' id='word_1_328' title='bbox 721 4499 780 4554; x_wconf 89' lang='lat' dir='ltr'>Hoc</span> <span class='ocrx_word' id='word_1_329' title='bbox 793 4499 913 4555; x_wconf 72' lang='lat' dir='ltr'>scholion</span> <span class='ocrx_word' id='word_1_330' title='bbox 926 4499 1032 4557; x_wconf 81' lang='lat' dir='ltr'>exhibet</span> <span class='ocrx_word' id='word_1_331' title='bbox 1045 4509 1070 4556; x_wconf 81' lang='lat' dir='ltr'>et</span> <span class='ocrx_word' id='word_1_332' title='bbox 1084 4501 1122 4555; x_wconf 88' lang='lat' dir='ltr'>H.</span> <span class='ocrx_word' id='word_1_333' title='bbox 1177 4501 1235 4568; x_wconf 82' lang='grc' dir='ltr'>ὑμῖν</span> <span class='ocrx_word' id='word_1_334' title='bbox 1249 4497 1310 4569; x_wconf 77' lang='grc' dir='ltr'>(εἰς)</span> <span class='ocrx_word' id='word_1_335' title='bbox 1324 4499 1358 4554; x_wconf 88' lang='lat' dir='ltr'>A.</span> 
     </span>
    </p>
   </div>
   <div class='ocr_carea' id='block_1_9' title="bbox 0 0 1652 5150">
    <p class='ocr_par' dir='ltr' id='par_1_9' title="bbox 0 0 1652 5150">
     <span class='ocr_line' id='line_1_36' title="bbox 0 0 1652 5150; baseline 0 5"><span class='ocrx_word' id='word_1_336' title='bbox 0 0 1652 5150; x_wconf 95' lang='lat' dir='ltr'> </span> 
     </span>
    </p>
   </div>
  </div>
 </body>
</html>
