<?xml version="1.0" encoding="UTF-8"?>
<!DOCTYPE html PUBLIC "-//W3C//DTD XHTML 1.0 Transitional//EN"
    "http://www.w3.org/TR/xhtml1/DTD/xhtml1-transitional.dtd">
<html xmlns="http://www.w3.org/1999/xhtml" xml:lang="en" lang="en">
 <head>
  <title>
</title>
<meta http-equiv="Content-Type" content="text/html;charset=utf-8" />
  <meta name='ocr-system' content='tesseract 3.04.00' />
  <meta name='ocr-capabilities' content='ocr_page ocr_carea ocr_par ocr_line ocrx_word'/>
</head>
<body>
  <div class='ocr_page' id='page_1' title='image "./sanctipatrisnos01pusegoog_0139.png"; bbox 0 0 3284 5130; ppageno 0'>
   <div class='ocr_carea' id='block_1_1' title="bbox 313 322 1512 408">
    <p class='ocr_par' dir='ltr' id='par_1_1' title="bbox 313 322 1512 408">
     <span class='ocr_line' id='line_1_1' title="bbox 313 322 1512 408; baseline -0.002 -20"><span class='ocrx_word' id='word_1_1' title='bbox 313 322 376 389; x_wconf 82' lang='lat'>126</span> <span class='ocrx_word' id='word_1_2' title='bbox 595 323 635 388; x_wconf 90' lang='grc' dir='ltr'>Β.</span> <span class='ocrx_word' id='word_1_3' title='bbox 659 324 869 389; x_wconf 85' lang='lat' dir='ltr'>CYRILLI</span> <span class='ocrx_word' id='word_1_4' title='bbox 899 322 1193 390; x_wconf 79' lang='lat' dir='ltr'>ALEXANDR.</span> <span class='ocrx_word' id='word_1_5' title='bbox 1326 345 1380 386; x_wconf 85' lang='lat' dir='ltr'>xx.</span> <span class='ocrx_word' id='word_1_6' title='bbox 1396 343 1446 408; x_wconf 89' lang='lat'>19,</span> <span class='ocrx_word' id='word_1_7' title='bbox 1460 339 1512 388; x_wconf 88' lang='lat'>20.</span> 
     </span>
    </p>
   </div>
   <div class='ocr_carea' id='block_1_2' title="bbox 134 483 1567 4313">
    <p class='ocr_par' dir='ltr' id='par_1_2' title="bbox 310 483 1514 596">
     <span class='ocr_line' id='line_1_2' title="bbox 310 483 1514 596; baseline 0.002 -29"><span class='ocrx_word' id='word_1_8' title='bbox 310 489 527 592; x_wconf 86' lang='grc' dir='ltr'>ματουργίας</span> <span class='ocrx_word' id='word_1_9' title='bbox 555 491 592 568; x_wconf 87' lang='grc' dir='ltr'>ἐν</span> <span class='ocrx_word' id='word_1_10' title='bbox 619 486 768 596; x_wconf 76' lang='grc' dir='ltr'>ἐξουσίᾳ</span> <span class='ocrx_word' id='word_1_11' title='bbox 796 493 1005 591; x_wconf 89' lang='grc' dir='ltr'>θεοπρεπεῖ;</span> <span class='ocrx_word' id='word_1_12' title='bbox 1042 489 1127 567; x_wconf 88' lang='grc' dir='ltr'>ἀλλ’</span> <span class='ocrx_word' id='word_1_13' title='bbox 1157 489 1270 568; x_wconf 82' lang='grc' dir='ltr'>ἐκεῖνα</span> <span class='ocrx_word' id='word_1_14' title='bbox 1298 486 1342 588; x_wconf 84' lang='grc' dir='ltr'>δὴ</span> <span class='ocrx_word' id='word_1_15' title='bbox 1369 483 1514 570; x_wconf 84' lang='grc' dir='ltr'>πάντως</span> 
     </span>
    </p>

    <p class='ocr_par' dir='ltr' id='par_1_3' title="bbox 310 610 1513 716">
     <span class='ocr_line' id='line_1_3' title="bbox 310 610 1513 716; baseline -0.001 -27"><span class='ocrx_word' id='word_1_16' title='bbox 310 612 398 714; x_wconf 80' lang='grc' dir='ltr'>ἐρεῖς</span> <span class='ocrx_word' id='word_1_17' title='bbox 426 610 515 716; x_wconf 75' lang='grc' dir='ltr'>ὑπὲρ</span> <span class='ocrx_word' id='word_1_18' title='bbox 542 610 667 715; x_wconf 89' lang='grc' dir='ltr'>λόγον.</span> <span class='ocrx_word' id='word_1_19' title='bbox 708 613 835 692; x_wconf 89' lang='grc' dir='ltr'>οῦκοῦν</span> <span class='ocrx_word' id='word_1_20' title='bbox 857 612 945 692; x_wconf 90' lang='grc' dir='ltr'>τίθει</span> <span class='ocrx_word' id='word_1_21' title='bbox 972 613 1046 713; x_wconf 86' lang='grc' dir='ltr'>μετ’</span> <span class='ocrx_word' id='word_1_22' title='bbox 1067 613 1206 692; x_wconf 79' lang='grc' dir='ltr'>ἐκείνων</span> <span class='ocrx_word' id='word_1_23' title='bbox 1228 613 1287 692; x_wconf 80' lang='grc' dir='ltr'>καὶ</span> <span class='ocrx_word' id='word_1_24' title='bbox 1314 619 1432 710; x_wconf 89' lang='grc' dir='ltr'>τοῦτο,</span> <span class='ocrx_word' id='word_1_25' title='bbox 1454 612 1513 688; x_wconf 81' lang='grc' dir='ltr'>καὶ</span> 
     </span>
    </p>

    <p class='ocr_par' dir='ltr' id='par_1_4' title="bbox 310 733 1512 844">
     <span class='ocr_line' id='line_1_4' title="bbox 310 733 1512 844; baseline 0 -28"><span class='ocrx_word' id='word_1_26' title='bbox 310 733 361 835; x_wconf 79' lang='grc' dir='ltr'>μὴ</span> <span class='ocrx_word' id='word_1_27' title='bbox 393 734 554 840; x_wconf 81' lang='grc' dir='ltr'>καθάπερ</span> <span class='ocrx_word' id='word_1_28' title='bbox 584 735 692 844; x_wconf 79' lang='grc' dir='ltr'>ἔδοξέ</span> <span class='ocrx_word' id='word_1_29' title='bbox 717 770 815 816; x_wconf 86' lang='grc' dir='ltr'>τισιν</span> <span class='ocrx_word' id='word_1_30' title='bbox 843 737 883 816; x_wconf 90' lang='grc' dir='ltr'>ἐκ</span> <span class='ocrx_word' id='word_1_31' title='bbox 911 741 975 836; x_wconf 82' lang='grc' dir='ltr'>τῇς</span> <span class='ocrx_word' id='word_1_32' title='bbox 1006 735 1156 837; x_wconf 86' lang='grc' dir='ltr'>ἐνούσης</span> <span class='ocrx_word' id='word_1_33' title='bbox 1188 736 1306 819; x_wconf 83' lang='grc' dir='ltr'>αι’ποΐς</span> <span class='ocrx_word' id='word_1_34' title='bbox 1335 735 1512 842; x_wconf 88' lang='grc' dir='ltr'>ἐλαφρίας</span> 
     </span>
    </p>

    <p class='ocr_par' dir='ltr' id='par_1_5' title="bbox 141 858 1544 1089">
     <span class='ocr_line' id='line_1_5' title="bbox 311 858 1511 968; baseline -0.003 -28"><span class='ocrx_word' id='word_1_35' title='bbox 311 860 625 965; x_wconf 89' lang='grc' dir='ltr'>σννηρπασμένοις</span> <span class='ocrx_word' id='word_1_36' title='bbox 660 862 718 942; x_wconf 88' lang='grc' dir='ltr'>ἐπὶ</span> <span class='ocrx_word' id='word_1_37' title='bbox 753 859 796 940; x_wconf 82' lang='grc' dir='ltr'>τὸ</span> <span class='ocrx_word' id='word_1_38' title='bbox 832 859 1034 956; x_wconf 84' lang='grc' dir='ltr'>βούλεσθαι</span> <span class='ocrx_word' id='word_1_39' title='bbox 1070 867 1217 968; x_wconf 82' lang='grc' dir='ltr'>φρονεῖν</span> <span class='ocrx_word' id='word_1_40' title='bbox 1254 858 1345 964; x_wconf 83' lang='grc' dir='ltr'>ἅπερ</span> <span class='ocrx_word' id='word_1_41' title='bbox 1379 859 1511 959; x_wconf 85' lang='grc' dir='ltr'>ἥκιστα</span> 
     </span>
     <span class='ocr_line' id='line_1_6' title="bbox 141 982 1544 1089; baseline -0.001 -25"><span class='ocrx_word' id='word_1_42' title='bbox 141 987 412 1088; x_wconf 75' lang='grc' dir='ltr'>1091Δ.αχρῇν,</span> <span class='ocrx_word' id='word_1_43' title='bbox 440 989 563 1089; x_wconf 79' lang='grc' dir='ltr'>οἰηθῇς</span> <span class='ocrx_word' id='word_1_44' title='bbox 590 983 649 1063; x_wconf 87' lang='grc' dir='ltr'>διά</span> <span class='ocrx_word' id='word_1_45' title='bbox 675 991 781 1064; x_wconf 89' lang='grc' dir='ltr'>τοῦτο</span> <span class='ocrx_word' id='word_1_46' title='bbox 806 983 857 1085; x_wconf 86' lang='grc' dir='ltr'>μὴ</span> <span class='ocrx_word' id='word_1_47' title='bbox 881 982 972 1085; x_wconf 81' lang='grc' dir='ltr'>μετὰ</span> <span class='ocrx_word' id='word_1_48' title='bbox 999 987 1102 1065; x_wconf 88' lang='grc' dir='ltr'>τοῦδε</span> <span class='ocrx_word' id='word_1_49' title='bbox 1131 989 1196 1064; x_wconf 90' lang='grc' dir='ltr'>τοῦ</span> <span class='ocrx_word' id='word_1_50' title='bbox 1223 985 1392 1082; x_wconf 81' lang='grc' dir='ltr'>σώματος</span> <span class='ocrx_word' id='word_1_51' title='bbox 1424 985 1544 1085; x_wconf 83' lang='grc' dir='ltr'>ἐγη-5</span> 
     </span>
    </p>

    <p class='ocr_par' dir='ltr' id='par_1_6' title="bbox 311 1105 1510 1212">
     <span class='ocr_line' id='line_1_7' title="bbox 311 1105 1510 1212; baseline 0.001 -26"><span class='ocrx_word' id='word_1_52' title='bbox 311 1107 435 1210; x_wconf 87' lang='grc' dir='ltr'>γέρθαι</span> <span class='ocrx_word' id='word_1_53' title='bbox 468 1106 532 1188; x_wconf 84' lang='grc' dir='ltr'>τδν</span> <span class='ocrx_word' id='word_1_54' title='bbox 567 1105 713 1212; x_wconf 79' lang='grc' dir='ltr'>Κύριον,</span> <span class='ocrx_word' id='word_1_55' title='bbox 751 1105 890 1211; x_wconf 81' lang='grc' dir='ltr'>γυμνόν</span> <span class='ocrx_word' id='word_1_56' title='bbox 927 1105 965 1188; x_wconf 86' lang='grc' dir='ltr'>δέ</span> <span class='ocrx_word' id='word_1_57' title='bbox 1002 1106 1139 1211; x_wconf 81' lang='grc' dir='ltr'>σαρκὸς</span> <span class='ocrx_word' id='word_1_58' title='bbox 1175 1112 1232 1188; x_wconf 73' lang='grc' dir='ltr'>καὶ</span> <span class='ocrx_word' id='word_1_59' title='bbox 1271 1107 1510 1207; x_wconf 87' lang='grc' dir='ltr'>ἀσύμπλοκου</span> 
     </span>
    </p>

    <p class='ocr_par' dir='ltr' id='par_1_7' title="bbox 308 1231 1510 1338">
     <span class='ocr_line' id='line_1_8' title="bbox 308 1231 1510 1338; baseline 0 -27"><span class='ocrx_word' id='word_1_60' title='bbox 308 1237 495 1316; x_wconf 82' lang='grc' dir='ltr'>παντελῶς</span> <span class='ocrx_word' id='word_1_61' title='bbox 521 1241 586 1312; x_wconf 90' lang='grc' dir='ltr'>τοῦ</span> <span class='ocrx_word' id='word_1_62' title='bbox 613 1232 816 1338; x_wconf 72' lang='grc' dir='ltr'>ληφθέντος</span> <span class='ocrx_word' id='word_1_63' title='bbox 844 1240 943 1312; x_wconf 83' lang='grc' dir='ltr'>ναοῦ.</span> <span class='ocrx_word' id='word_1_64' title='bbox 995 1238 1024 1311; x_wconf 84' lang='grc' dir='ltr'>εί</span> <span class='ocrx_word' id='word_1_65' title='bbox 1057 1231 1129 1335; x_wconf 80' lang='grc' dir='ltr'>γὰρ</span> <span class='ocrx_word' id='word_1_66' title='bbox 1157 1231 1208 1333; x_wconf 79' lang='grc' dir='ltr'>μὴ</span> <span class='ocrx_word' id='word_1_67' title='bbox 1236 1231 1388 1312; x_wconf 89' lang='grc' dir='ltr'>δύνασαι</span> <span class='ocrx_word' id='word_1_68' title='bbox 1418 1236 1510 1311; x_wconf 88' lang='grc' dir='ltr'>νοεῖν</span> 
     </span>
    </p>

    <p class='ocr_par' dir='ltr' id='par_1_8' title="bbox 599 1351 1510 1462">
     <span class='ocr_line' id='line_1_9' title="bbox 599 1351 1510 1462; baseline 0.005 -28"><span class='ocrx_word' id='word_1_69' title='bbox 599 1354 745 1462; x_wconf 85' lang='grc' dir='ltr'>φύσεως</span> <span class='ocrx_word' id='word_1_70' title='bbox 782 1351 848 1455; x_wconf 78' lang='grc' dir='ltr'>τὴν</span> <span class='ocrx_word' id='word_1_71' title='bbox 885 1356 1072 1459; x_wconf 86' lang='grc' dir='ltr'>ἐνέργειαν,</span> <span class='ocrx_word' id='word_1_72' title='bbox 1105 1358 1144 1435; x_wconf 91' lang='grc' dir='ltr'>τί</span> <span class='ocrx_word' id='word_1_73' title='bbox 1177 1353 1228 1456; x_wconf 82' lang='grc' dir='ltr'>μὴ</span> <span class='ocrx_word' id='word_1_74' title='bbox 1264 1362 1410 1454; x_wconf 81' lang='grc' dir='ltr'>μᾶλλον</span> <span class='ocrx_word' id='word_1_75' title='bbox 1445 1358 1510 1453; x_wconf 78' lang='grc' dir='ltr'>τῆς</span> 
     </span>
    </p>

    <p class='ocr_par' dir='ltr' id='par_1_9' title="bbox 307 1477 1567 1710">
     <span class='ocr_line' id='line_1_10' title="bbox 307 1477 1510 1588; baseline 0 -28"><span class='ocrx_word' id='word_1_76' title='bbox 307 1480 532 1583; x_wconf 84' lang='grc' dir='ltr'>ἀνθρωπίνης</span> <span class='ocrx_word' id='word_1_77' title='bbox 550 1479 735 1563; x_wconf 79' lang='grc' dir='ltr'>ἀσθενείας</span> <span class='ocrx_word' id='word_1_78' title='bbox 754 1484 961 1586; x_wconf 69' lang='grc' dir='ltr'>καταβοᾷςς</span> <span class='ocrx_word' id='word_1_79' title='bbox 993 1488 1100 1561; x_wconf 89' lang='grc' dir='ltr'>τοῦτο</span> <span class='ocrx_word' id='word_1_80' title='bbox 1124 1479 1196 1584; x_wconf 80' lang='grc' dir='ltr'>γὰρ</span> <span class='ocrx_word' id='word_1_81' title='bbox 1221 1477 1312 1560; x_wconf 83' lang='grc' dir='ltr'>εἶναι’</span> <span class='ocrx_word' id='word_1_82' title='bbox 1335 1487 1429 1588; x_wconf 92' lang='grc' dir='ltr'>φημι</span> <span class='ocrx_word' id='word_1_83' title='bbox 1450 1481 1510 1560; x_wconf 89' lang='grc' dir='ltr'>καὶ</span> 
     </span>
     <span class='ocr_line' id='line_1_11' title="bbox 307 1599 1567 1710; baseline -0.001 -27"><span class='ocrx_word' id='word_1_84' title='bbox 307 1602 532 1710; x_wconf 82' lang='grc' dir='ltr'>σοφώτερον·</span> <span class='ocrx_word' id='word_1_85' title='bbox 571 1599 646 1682; x_wconf 83' lang='grc' dir='ltr'>εἶτα</span> <span class='ocrx_word' id='word_1_86' title='bbox 671 1603 833 1706; x_wconf 84' lang='grc' dir='ltr'>στέργεις</span> <span class='ocrx_word' id='word_1_87' title='bbox 862 1609 984 1709; x_wconf 88' lang='grc' dir='ltr'>σιωπῇ</span> <span class='ocrx_word' id='word_1_88' title='bbox 1009 1603 1051 1684; x_wconf 87' lang='grc' dir='ltr'>τδ</span> <span class='ocrx_word' id='word_1_89' title='bbox 1080 1602 1262 1706; x_wconf 89' lang='grc' dir='ltr'>διορισθέν</span> <span class='ocrx_word' id='word_1_90' title='bbox 1290 1636 1351 1683; x_wconf 93' lang='grc' dir='ltr'>σοι</span> <span class='ocrx_word' id='word_1_91' title='bbox 1378 1603 1509 1705; x_wconf 87' lang='grc' dir='ltr'>μέτρον</span> <span class='ocrx_word' id='word_1_92' title='bbox 1526 1635 1567 1675; x_wconf 82' lang='grc' dir='ltr'>ιο</span> 
     </span>
    </p>

    <p class='ocr_par' dir='ltr' id='par_1_10' title="bbox 305 1723 1509 1833">
     <span class='ocr_line' id='line_1_12' title="bbox 305 1723 1509 1833; baseline 0 -27"><span class='ocrx_word' id='word_1_93' title='bbox 305 1725 404 1830; x_wconf 79' lang='grc' dir='ltr'>παρὰ</span> <span class='ocrx_word' id='word_1_94' title='bbox 423 1735 487 1806; x_wconf 90' lang='grc' dir='ltr'>τοῦ</span> <span class='ocrx_word' id='word_1_95' title='bbox 510 1730 740 1828; x_wconf 82' lang='grc' dir='ltr'>δημιουργοῦ,</span> <span class='ocrx_word' id='word_1_96' title='bbox 758 1723 1014 1824; x_wconf 80' lang='grc' dir='ltr'>ἀποσειόμενος</span> <span class='ocrx_word' id='word_1_97' title='bbox 1035 1724 1073 1807; x_wconf 86' lang='grc' dir='ltr'>δέ</span> <span class='ocrx_word' id='word_1_98' title='bbox 1098 1726 1224 1829; x_wconf 82' lang='grc' dir='ltr'>ὥσπερ</span> <span class='ocrx_word' id='word_1_99' title='bbox 1248 1724 1312 1806; x_wconf 80' lang='grc' dir='ltr'>τὸν</span> <span class='ocrx_word' id='word_1_100' title='bbox 1332 1725 1509 1833; x_wconf 78' lang='grc' dir='ltr'>σώφρονα</span> 
     </span>
    </p>

    <p class='ocr_par' dir='ltr' id='par_1_11' title="bbox 306 1847 1506 1955">
     <span class='ocr_line' id='line_1_13' title="bbox 306 1847 1506 1955; baseline 0 -25"><span class='ocrx_word' id='word_1_101' title='bbox 306 1847 500 1951; x_wconf 77' lang='grc' dir='ltr'>λογισμὸν,</span> <span class='ocrx_word' id='word_1_102' title='bbox 518 1851 646 1933; x_wconf 82' lang='grc' dir='ltr'>ἀδυιεῖς</span> <span class='ocrx_word' id='word_1_103' title='bbox 673 1847 716 1930; x_wconf 84' lang='grc' dir='ltr'>τδ</span> <span class='ocrx_word' id='word_1_104' title='bbox 745 1849 839 1951; x_wconf 82' lang='grc' dir='ltr'>μέγα</span> <span class='ocrx_word' id='word_1_105' title='bbox 866 1854 930 1948; x_wconf 85' lang='grc' dir='ltr'>τῆς</span> <span class='ocrx_word' id='word_1_106' title='bbox 957 1850 1194 1936; x_wconf 81' lang='grc' dir='ltr'>ἀναστάσεως</span> <span class='ocrx_word' id='word_1_107' title='bbox 1220 1848 1431 1954; x_wconf 81' lang='grc' dir='ltr'>μυστήριον,</span> <span class='ocrx_word' id='word_1_108' title='bbox 1450 1851 1506 1955; x_wconf 86' lang='grc' dir='ltr'>ἐφ’</span> 
     </span>
    </p>

    <p class='ocr_par' dir='ltr' id='par_1_12' title="bbox 271 1969 1508 2081">
     <span class='ocr_line' id='line_1_14' title="bbox 271 1969 1508 2081; baseline 0.006 -30"><span class='ocrx_word' id='word_1_109' title='bbox 271 1969 335 2081; x_wconf 71' lang='grc' dir='ltr'><strong><em>υῷ</em></strong></span> <span class='ocrx_word' id='word_1_110' title='bbox 352 1981 479 2054; x_wconf 84' lang='grc' dir='ltr'>πᾶσαν</span> <span class='ocrx_word' id='word_1_111' title='bbox 496 1973 623 2078; x_wconf 81' lang='grc' dir='ltr'>ἔχομεν</span> <span class='ocrx_word' id='word_1_112' title='bbox 642 1971 708 2073; x_wconf 84' lang='grc' dir='ltr'>τὴν</span> <span class='ocrx_word' id='word_1_113' title='bbox 727 1973 868 2054; x_wconf 80' lang='grc' dir='ltr'>ἐλπίδα.</span> <span class='ocrx_word' id='word_1_114' title='bbox 908 1972 1164 2075; x_wconf 86' lang='grc' dir='ltr'>διαμεμνῆσθω</span> <span class='ocrx_word' id='word_1_115' title='bbox 1183 1975 1255 2078; x_wconf 84' lang='grc' dir='ltr'>γάρ</span> <span class='ocrx_word' id='word_1_116' title='bbox 1272 2009 1327 2058; x_wconf 87' lang='grc' dir='ltr'>τις</span> <span class='ocrx_word' id='word_1_117' title='bbox 1349 1981 1508 2069; x_wconf 82' lang='grc' dir='ltr'>βοῶντος</span> 
     </span>
    </p>

    <p class='ocr_par' dir='ltr' id='par_1_13' title="bbox 134 2095 1563 2326">
     <span class='ocr_line' id='line_1_15' title="bbox 134 2095 1504 2230; baseline 0.002 -54"><span class='ocrx_word' id='word_1_118' title='bbox 134 2099 258 2230; x_wconf 46' lang='lat' dir='ltr'>Qu·</span> <span class='ocrx_word' id='word_1_119' title='bbox 304 2105 369 2176; x_wconf 91' lang='grc' dir='ltr'>τοῦ</span> <span class='ocrx_word' id='word_1_120' title='bbox 391 2095 544 2178; x_wconf 77' lang='grc' dir='ltr'>Παύλου</span> <span class='ocrx_word' id='word_1_121' title='bbox 564 2107 586 2144; x_wconf 88' lang='grc'><strong>“</strong></span> <span class='ocrx_word' id='word_1_122' title='bbox 602 2102 648 2177; x_wconf 72' lang='lat' dir='ltr'>Ei</span> <span class='ocrx_word' id='word_1_123' title='bbox 673 2100 789 2201; x_wconf 85' lang='grc' dir='ltr'>νεκροὶ</span> <span class='ocrx_word' id='word_1_124' title='bbox 813 2098 877 2178; x_wconf 85' lang='grc' dir='ltr'>οῦκ</span> <span class='ocrx_word' id='word_1_125' title='bbox 903 2099 1107 2200; x_wconf 84' lang='grc' dir='ltr'>ἐγείρονται,</span> <span class='ocrx_word' id='word_1_126' title='bbox 1127 2099 1208 2180; x_wconf 85' lang='grc' dir='ltr'>οῦδέ</span> <span class='ocrx_word' id='word_1_127' title='bbox 1232 2097 1394 2202; x_wconf 80' lang='grc' dir='ltr'>Χριστὸς</span> <span class='ocrx_word' id='word_1_128' title='bbox 1419 2097 1504 2201; x_wconf 84' lang='grc' dir='ltr'>ἐγή-</span> 
     </span>
     <span class='ocr_line' id='line_1_16' title="bbox 304 2218 1563 2326; baseline -0.002 -26"><span class='ocrx_word' id='word_1_129' title='bbox 304 2230 327 2268; x_wconf 87' lang='grc'><strong>“</strong></span> <span class='ocrx_word' id='word_1_130' title='bbox 343 2255 479 2323; x_wconf 86' lang='grc' dir='ltr'>γερται·</span> <span class='ocrx_word' id='word_1_131' title='bbox 520 2227 549 2302; x_wconf 80' lang='grc' dir='ltr'>εἰ</span> <span class='ocrx_word' id='word_1_132' title='bbox 580 2218 619 2302; x_wconf 88' lang='grc' dir='ltr'>δέ</span> <span class='ocrx_word' id='word_1_133' title='bbox 647 2219 809 2324; x_wconf 82' lang='grc' dir='ltr'>Χριστὸς</span> <span class='ocrx_word' id='word_1_134' title='bbox 843 2222 907 2302; x_wconf 86' lang='grc' dir='ltr'>οῦκ</span> <span class='ocrx_word' id='word_1_135' title='bbox 939 2222 1139 2326; x_wconf 83' lang='grc' dir='ltr'>ἐγήγερται,</span> <span class='ocrx_word' id='word_1_136' title='bbox 1169 2224 1303 2322; x_wconf 89' lang='grc' dir='ltr'>ματαία</span> <span class='ocrx_word' id='word_1_137' title='bbox 1333 2225 1355 2324; x_wconf 85' lang='grc' dir='ltr'><strong><em>ἡ</em></strong></span> <span class='ocrx_word' id='word_1_138' title='bbox 1385 2225 1507 2308; x_wconf 89' lang='grc' dir='ltr'>πίστις</span> <span class='ocrx_word' id='word_1_139' title='bbox 1522 2253 1563 2314; x_wconf 85' lang='lat'>15</span> 
     </span>
    </p>

    <p class='ocr_par' dir='ltr' id='par_1_14' title="bbox 304 2343 1507 2450">
     <span class='ocr_line' id='line_1_17' title="bbox 304 2343 1507 2450; baseline 0.003 -26"><span class='ocrx_word' id='word_1_140' title='bbox 304 2353 326 2392; x_wconf 91' lang='lat'><strong>“</strong></span> <span class='ocrx_word' id='word_1_141' title='bbox 344 2346 444 2444; x_wconf 82' lang='grc' dir='ltr'>ὑμῶν</span> <span class='ocrx_word' id='word_1_142' title='bbox 471 2345 530 2424; x_wconf 82' lang='grc' dir='ltr'>καὶ</span> <span class='ocrx_word' id='word_1_143' title='bbox 558 2344 610 2424; x_wconf 85' lang='grc' dir='ltr'>ἐτι</span> <span class='ocrx_word' id='word_1_144' title='bbox 636 2343 719 2424; x_wconf 85' lang='grc' dir='ltr'>ἐστέ</span> <span class='ocrx_word' id='word_1_145' title='bbox 745 2345 783 2424; x_wconf 89' lang='grc' dir='ltr'>ἐν</span> <span class='ocrx_word' id='word_1_146' title='bbox 811 2353 887 2429; x_wconf 81' lang='grc' dir='ltr'>ταῖς</span> <span class='ocrx_word' id='word_1_147' title='bbox 917 2347 1103 2450; x_wconf 82' lang='grc' dir='ltr'>ἁμαρτίαις</span> <span class='ocrx_word' id='word_1_148' title='bbox 1132 2348 1262 2447; x_wconf 84' lang='grc' dir='ltr'>ῦμῶν,”</span> <span class='ocrx_word' id='word_1_149' title='bbox 1292 2345 1368 2428; x_wconf 81' lang='grc' dir='ltr'>εἶτα</span> <span class='ocrx_word' id='word_1_150' title='bbox 1394 2344 1507 2428; x_wconf 91' lang='grc' dir='ltr'>πάλιν</span> 
     </span>
    </p>

    <p class='ocr_par' dir='ltr' id='par_1_15' title="bbox 220 2466 1502 2576">
     <span class='ocr_line' id='line_1_18' title="bbox 220 2466 1502 2576; baseline 0.001 -26"><span class='ocrx_word' id='word_1_151' title='bbox 220 2520 226 2534; x_wconf 84' lang='grc'><em>·</em></span> <span class='ocrx_word' id='word_1_152' title='bbox 302 2477 325 2516; x_wconf 90' lang='grc'><strong>“</strong></span> <span class='ocrx_word' id='word_1_153' title='bbox 345 2466 598 2573; x_wconf 86' lang='grc' dir='ltr'>Εῦρισκόμεθα</span> <span class='ocrx_word' id='word_1_154' title='bbox 617 2467 731 2550; x_wconf 78' lang='grc' dir='ltr'>δὲκαὶ</span> <span class='ocrx_word' id='word_1_155' title='bbox 750 2467 1042 2576; x_wconf 77' lang='grc' dir='ltr'>ψευδομάρτυρες</span> <span class='ocrx_word' id='word_1_156' title='bbox 1063 2479 1128 2551; x_wconf 90' lang='grc' dir='ltr'>τοῦ</span> <span class='ocrx_word' id='word_1_157' title='bbox 1146 2477 1253 2570; x_wconf 84' lang='grc' dir='ltr'>Θεοῦ,</span> <span class='ocrx_word' id='word_1_158' title='bbox 1273 2471 1328 2552; x_wconf 81' lang='grc' dir='ltr'>ὅτι</span> <span class='ocrx_word' id='word_1_159' title='bbox 1350 2474 1502 2574; x_wconf 87' lang='grc' dir='ltr'>ἐμαρτυ-</span> 
     </span>
    </p>

    <p class='ocr_par' dir='ltr' id='par_1_16' title="bbox 303 2590 1508 2697">
     <span class='ocr_line' id='line_1_19' title="bbox 303 2590 1508 2697; baseline 0.001 -25"><span class='ocrx_word' id='word_1_160' title='bbox 303 2601 325 2639; x_wconf 87' lang='grc'><strong>“</strong></span> <span class='ocrx_word' id='word_1_161' title='bbox 343 2590 507 2695; x_wconf 87' lang='grc' dir='ltr'>ρήσαμεν</span> <span class='ocrx_word' id='word_1_162' title='bbox 532 2590 624 2674; x_wconf 77' lang='grc' dir='ltr'>κατὰ</span> <span class='ocrx_word' id='word_1_163' title='bbox 650 2600 714 2673; x_wconf 89' lang='grc' dir='ltr'>τοῦ</span> <span class='ocrx_word' id='word_1_164' title='bbox 743 2597 840 2673; x_wconf 86' lang='grc' dir='ltr'>Θεοῦ</span> <span class='ocrx_word' id='word_1_165' title='bbox 869 2591 925 2673; x_wconf 83' lang='grc' dir='ltr'>ότι</span> <span class='ocrx_word' id='word_1_166' title='bbox 951 2593 1070 2696; x_wconf 82' lang='grc' dir='ltr'>ἤγειρε</span> <span class='ocrx_word' id='word_1_167' title='bbox 1098 2595 1162 2674; x_wconf 81' lang='grc' dir='ltr'>τόν</span> <span class='ocrx_word' id='word_1_168' title='bbox 1180 2592 1356 2697; x_wconf 79' lang='grc' dir='ltr'>Χριστὸν,</span> <span class='ocrx_word' id='word_1_169' title='bbox 1380 2592 1422 2675; x_wconf 83' lang='grc' dir='ltr'>δν</span> <span class='ocrx_word' id='word_1_170' title='bbox 1443 2596 1508 2674; x_wconf 87' lang='grc' dir='ltr'>οῦκ</span> 
     </span>
    </p>

    <p class='ocr_par' dir='ltr' id='par_1_17' title="bbox 301 2715 1559 2944">
     <span class='ocr_line' id='line_1_20' title="bbox 303 2715 1506 2822; baseline 0.002 -27"><span class='ocrx_word' id='word_1_171' title='bbox 303 2725 325 2764; x_wconf 87' lang='grc'><strong>“</strong></span> <span class='ocrx_word' id='word_1_172' title='bbox 343 2717 482 2820; x_wconf 80' lang='grc' dir='ltr'>ἤγειρεν</span> <span class='ocrx_word' id='word_1_173' title='bbox 500 2715 598 2820; x_wconf 85' lang='grc' dir='ltr'>ε’ίπερ</span> <span class='ocrx_word' id='word_1_174' title='bbox 616 2716 687 2819; x_wconf 86' lang='grc' dir='ltr'>ἀρα</span> <span class='ocrx_word' id='word_1_175' title='bbox 706 2720 822 2821; x_wconf 74' lang='grc' dir='ltr'>νεκροὶ</span> <span class='ocrx_word' id='word_1_176' title='bbox 841 2718 904 2798; x_wconf 86' lang='grc' dir='ltr'>οῦκ</span> <span class='ocrx_word' id='word_1_177' title='bbox 930 2718 1158 2821; x_wconf 87' lang='grc' dir='ltr'>ἐγείρονται.”</span> <span class='ocrx_word' id='word_1_178' title='bbox 1188 2719 1226 2798; x_wconf 90' lang='grc' dir='ltr'>τί</span> <span class='ocrx_word' id='word_1_179' title='bbox 1247 2717 1319 2822; x_wconf 90' lang='grc' dir='ltr'>γάρ</span> <span class='ocrx_word' id='word_1_180' title='bbox 1345 2718 1440 2803; x_wconf 79' lang='grc' dir='ltr'>ὅλως</span> <span class='ocrx_word' id='word_1_181' title='bbox 1464 2716 1506 2799; x_wconf 85' lang='grc' dir='ltr'>τδ</span> 
     </span>
     <span class='ocr_line' id='line_1_21' title="bbox 301 2838 1559 2944; baseline 0.002 -24"><span class='ocrx_word' id='word_1_182' title='bbox 301 2839 444 2944; x_wconf 83' lang='grc' dir='ltr'>ἐγερθέν</span> <span class='ocrx_word' id='word_1_183' title='bbox 462 2845 492 2922; x_wconf 85' lang='grc' dir='ltr'>εί</span> <span class='ocrx_word' id='word_1_184' title='bbox 508 2838 559 2940; x_wconf 75' lang='grc' dir='ltr'>μὴ</span> <span class='ocrx_word' id='word_1_185' title='bbox 577 2838 619 2920; x_wconf 82' lang='grc' dir='ltr'>τὸ</span> <span class='ocrx_word' id='word_1_186' title='bbox 637 2839 765 2938; x_wconf 84' lang='grc' dir='ltr'>πεσδν,</span> <span class='ocrx_word' id='word_1_187' title='bbox 783 2839 806 2940; x_wconf 84' lang='grc' dir='ltr'>ἢ</span> <span class='ocrx_word' id='word_1_188' title='bbox 824 2841 863 2922; x_wconf 90' lang='grc' dir='ltr'>τί</span> <span class='ocrx_word' id='word_1_189' title='bbox 877 2840 919 2922; x_wconf 81' lang='grc' dir='ltr'>τό</span> <span class='ocrx_word' id='word_1_190' title='bbox 938 2841 1103 2923; x_wconf 81' lang='grc' dir='ltr'>ἀναστὰν</span> <span class='ocrx_word' id='word_1_191' title='bbox 1121 2847 1151 2922; x_wconf 83' lang='grc' dir='ltr'>εί</span> <span class='ocrx_word' id='word_1_192' title='bbox 1168 2842 1219 2942; x_wconf 78' lang='grc' dir='ltr'>μὴ</span> <span class='ocrx_word' id='word_1_193' title='bbox 1238 2842 1280 2923; x_wconf 82' lang='grc' dir='ltr'>τὸ</span> <span class='ocrx_word' id='word_1_194' title='bbox 1299 2843 1507 2942; x_wconf 79' lang='grc' dir='ltr'>κεκλιμένων</span> <span class='ocrx_word' id='word_1_195' title='bbox 1521 2883 1559 2922; x_wconf 82' lang='lat'>20</span> 
     </span>
    </p>

    <p class='ocr_par' dir='ltr' id='par_1_18' title="bbox 273 2961 1503 3072">
     <span class='ocr_line' id='line_1_22' title="bbox 273 2961 1503 3072; baseline 0.007 -33"><span class='ocrx_word' id='word_1_196' title='bbox 273 2968 352 3049; x_wconf 82' lang='grc' dir='ltr'>οείς</span> <span class='ocrx_word' id='word_1_197' title='bbox 377 2961 557 3063; x_wconf 81' lang='grc' dir='ltr'>θάνατον;</span> <span class='ocrx_word' id='word_1_198' title='bbox 588 2971 666 3050; x_wconf 83' lang='grc' dir='ltr'>πῶς</span> <span class='ocrx_word' id='word_1_199' title='bbox 691 2963 728 3046; x_wconf 82' lang='grc' dir='ltr'>δέ</span> <span class='ocrx_word' id='word_1_200' title='bbox 755 2965 854 3063; x_wconf 81' lang='grc' dir='ltr'>ἡμεῖς</span> <span class='ocrx_word' id='word_1_201' title='bbox 882 2964 1184 3069; x_wconf 86' lang='grc' dir='ltr'>προσδοκῆσομεν</span> <span class='ocrx_word' id='word_1_202' title='bbox 1202 2967 1269 3067; x_wconf 82' lang='grc' dir='ltr'>τὴν</span> <span class='ocrx_word' id='word_1_203' title='bbox 1286 2966 1503 3072; x_wconf 83' lang='grc' dir='ltr'>ἀνάστασιν,</span> 
     </span>
    </p>

    <p class='ocr_par' dir='ltr' id='par_1_19' title="bbox 303 3086 1506 3196">
     <span class='ocr_line' id='line_1_23' title="bbox 303 3086 1506 3196; baseline 0.003 -28"><span class='ocrx_word' id='word_1_204' title='bbox 303 3093 334 3168; x_wconf 85' lang='grc' dir='ltr'>εί</span> <span class='ocrx_word' id='word_1_205' title='bbox 370 3086 422 3188; x_wconf 85' lang='grc' dir='ltr'>μὴ</span> <span class='ocrx_word' id='word_1_206' title='bbox 453 3087 517 3168; x_wconf 81' lang='grc' dir='ltr'>τὸν</span> <span class='ocrx_word' id='word_1_207' title='bbox 547 3093 674 3168; x_wconf 81' lang='grc' dir='ltr'>οἰκεῖον</span> <span class='ocrx_word' id='word_1_208' title='bbox 705 3086 824 3191; x_wconf 82' lang='grc' dir='ltr'>ἤγειρε</span> <span class='ocrx_word' id='word_1_209' title='bbox 860 3086 945 3169; x_wconf 83' lang='grc' dir='ltr'>ναὸν</span> <span class='ocrx_word' id='word_1_210' title='bbox 978 3092 998 3169; x_wconf 87' lang='grc' dir='ltr'><strong>ὁ</strong></span> <span class='ocrx_word' id='word_1_211' title='bbox 1031 3089 1204 3193; x_wconf 81' lang='grc' dir='ltr'>Χριστὸς,</span> <span class='ocrx_word' id='word_1_212' title='bbox 1235 3089 1402 3196; x_wconf 80' lang='grc' dir='ltr'>ἀπαρχὴν</span> <span class='ocrx_word' id='word_1_213' title='bbox 1433 3098 1506 3172; x_wconf 80' lang='grc' dir='ltr'>τῶν</span> 
     </span>
    </p>

    <p class='ocr_par' dir='ltr' id='par_1_20' title="bbox 304 3210 1506 3318">
     <span class='ocr_line' id='line_1_24' title="bbox 304 3210 1506 3318; baseline 0.002 -26"><span class='ocrx_word' id='word_1_214' title='bbox 304 3211 575 3313; x_wconf 78' lang='grc' dir='ltr'>κεκοιμημένων,</span> <span class='ocrx_word' id='word_1_215' title='bbox 602 3213 660 3291; x_wconf 84' lang='grc' dir='ltr'>καὶ</span> <span class='ocrx_word' id='word_1_216' title='bbox 687 3210 915 3318; x_wconf 85' lang='grc' dir='ltr'>πρωτότοκον</span> <span class='ocrx_word' id='word_1_217' title='bbox 936 3216 975 3294; x_wconf 90' lang='grc' dir='ltr'>ἐκ</span> <span class='ocrx_word' id='word_1_218' title='bbox 1003 3220 1076 3294; x_wconf 82' lang='grc' dir='ltr'>τῶν</span> <span class='ocrx_word' id='word_1_219' title='bbox 1105 3220 1238 3317; x_wconf 84' lang='grc' dir='ltr'>νεκρῶν</span> <span class='ocrx_word' id='word_1_220' title='bbox 1263 3212 1388 3296; x_wconf 83' lang='grc' dir='ltr'>ἑαυτὸν</span> <span class='ocrx_word' id='word_1_221' title='bbox 1417 3213 1506 3318; x_wconf 82' lang='grc' dir='ltr'>ῦπέρ</span> 
     </span>
    </p>

    <p class='ocr_par' dir='ltr' id='par_1_21' title="bbox 136 3333 1559 3568">
     <span class='ocr_line' id='line_1_25' title="bbox 136 3333 1506 3445; baseline 0 -27"><span class='ocrx_word' id='word_1_222' title='bbox 136 3355 177 3406; x_wconf 83' lang='lat' dir='ltr'>lb·</span> <span class='ocrx_word' id='word_1_223' title='bbox 192 3367 233 3418; x_wconf 83' lang='lat'>5³·</span> <span class='ocrx_word' id='word_1_224' title='bbox 304 3337 405 3437; x_wconf 76' lang='grc' dir='ltr'>ἡμῶν</span> <span class='ocrx_word' id='word_1_225' title='bbox 431 3337 616 3421; x_wconf 85' lang='grc' dir='ltr'>καθιστάς.</span> <span class='ocrx_word' id='word_1_226' title='bbox 664 3333 688 3435; x_wconf 83' lang='grc' dir='ltr'>ἤ</span> <span class='ocrx_word' id='word_1_227' title='bbox 717 3343 794 3423; x_wconf 78' lang='grc' dir='ltr'>πῶς</span> <span class='ocrx_word' id='word_1_228' title='bbox 825 3337 1010 3418; x_wconf 86' lang='grc' dir='ltr'>ἐνδύσεται</span> <span class='ocrx_word' id='word_1_229' title='bbox 1042 3337 1085 3419; x_wconf 81' lang='grc' dir='ltr'>τό</span> <span class='ocrx_word' id='word_1_230' title='bbox 1113 3339 1278 3445; x_wconf 82' lang='grc' dir='ltr'>φθαρτὸν</span> <span class='ocrx_word' id='word_1_231' title='bbox 1305 3345 1411 3419; x_wconf 87' lang='grc' dir='ltr'>τοῦτο</span> <span class='ocrx_word' id='word_1_232' title='bbox 1440 3337 1506 3438; x_wconf 84' lang='grc' dir='ltr'>τὴν</span> 
     </span>
     <span class='ocr_line' id='line_1_26' title="bbox 304 3459 1559 3568; baseline -0.004 -26"><span class='ocrx_word' id='word_1_233' title='bbox 304 3461 526 3568; x_wconf 86' lang='grc' dir='ltr'>ἀφθαρσίαν,</span> <span class='ocrx_word' id='word_1_234' title='bbox 545 3466 575 3541; x_wconf 84' lang='grc' dir='ltr'>εί</span> <span class='ocrx_word' id='word_1_235' title='bbox 602 3459 764 3565; x_wconf 81' lang='grc' dir='ltr'>καθάπερ</span> <span class='ocrx_word' id='word_1_236' title='bbox 792 3460 927 3542; x_wconf 82' lang='grc' dir='ltr'>οἴονταί</span> <span class='ocrx_word' id='word_1_237' title='bbox 948 3498 1039 3548; x_wconf 93' lang='grc' dir='ltr'>τινες</span> <span class='ocrx_word' id='word_1_238' title='bbox 1066 3468 1114 3546; x_wconf 81' lang='grc' dir='ltr'>εἰς</span> <span class='ocrx_word' id='word_1_239' title='bbox 1139 3463 1322 3544; x_wconf 81' lang='grc' dir='ltr'>ἀπώλειαν</span> <span class='ocrx_word' id='word_1_240' title='bbox 1343 3466 1505 3562; x_wconf 78' lang='grc' dir='ltr'>παντελῆ</span> <span class='ocrx_word' id='word_1_241' title='bbox 1522 3492 1559 3552; x_wconf 81' lang='lat'>²5</span> 
     </span>
    </p>

    <p class='ocr_par' dir='ltr' id='par_1_22' title="bbox 305 3582 1506 3692">
     <span class='ocr_line' id='line_1_27' title="bbox 305 3582 1506 3692; baseline 0 -26"><span class='ocrx_word' id='word_1_242' title='bbox 305 3583 583 3690; x_wconf 82' lang='grc' dir='ltr'>κατοιχῆσεται;</span> <span class='ocrx_word' id='word_1_243' title='bbox 618 3592 696 3670; x_wconf 81' lang='grc' dir='ltr'>πῶς</span> <span class='ocrx_word' id='word_1_244' title='bbox 724 3582 796 3688; x_wconf 86' lang='grc' dir='ltr'>γάρ</span> <span class='ocrx_word' id='word_1_245' title='bbox 823 3586 865 3664; x_wconf 86' lang='grc' dir='ltr'>οῦ</span> <span class='ocrx_word' id='word_1_246' title='bbox 892 3594 998 3668; x_wconf 88' lang='grc' dir='ltr'>τοῦτο</span> <span class='ocrx_word' id='word_1_247' title='bbox 1026 3587 1200 3684; x_wconf 87' lang='grc' dir='ltr'>πείσεται,</span> <span class='ocrx_word' id='word_1_248' title='bbox 1220 3585 1396 3686; x_wconf 85' lang='grc' dir='ltr'>μηδεμίαν</span> <span class='ocrx_word' id='word_1_249' title='bbox 1423 3586 1506 3692; x_wconf 82' lang='grc' dir='ltr'>ἕχον</span> 
     </span>
    </p>

    <p class='ocr_par' dir='ltr' id='par_1_23' title="bbox 306 3707 1506 3817">
     <span class='ocr_line' id='line_1_28' title="bbox 306 3707 1506 3817; baseline -0.001 -26"><span class='ocrx_word' id='word_1_250' title='bbox 306 3715 354 3794; x_wconf 85' lang='grc' dir='ltr'>είς</span> <span class='ocrx_word' id='word_1_251' title='bbox 382 3709 581 3805; x_wconf 84' lang='grc' dir='ltr'>ἀναβίωσιν</span> <span class='ocrx_word' id='word_1_252' title='bbox 602 3707 669 3808; x_wconf 77' lang='grc' dir='ltr'>τὴν</span> <span class='ocrx_word' id='word_1_253' title='bbox 693 3710 847 3806; x_wconf 85' lang='grc' dir='ltr'>ἐλπίδα;</span> <span class='ocrx_word' id='word_1_254' title='bbox 883 3709 934 3810; x_wconf 82' lang='grc' dir='ltr'>μὴ</span> <span class='ocrx_word' id='word_1_255' title='bbox 960 3712 1080 3791; x_wconf 91' lang='grc' dir='ltr'>τοίνυν</span> <span class='ocrx_word' id='word_1_256' title='bbox 1100 3709 1167 3812; x_wconf 81' lang='grc' dir='ltr'>τὴν</span> <span class='ocrx_word' id='word_1_257' title='bbox 1188 3711 1226 3790; x_wconf 88' lang='grc' dir='ltr'>ἐν</span> <span class='ocrx_word' id='word_1_258' title='bbox 1247 3716 1298 3817; x_wconf 75' lang='grc' dir='ltr'>τῷ</span> <span class='ocrx_word' id='word_1_259' title='bbox 1325 3710 1506 3791; x_wconf 86' lang='grc' dir='ltr'>πιστεύειν</span> 
     </span>
    </p>

    <p class='ocr_par' dir='ltr' id='par_1_24' title="bbox 307 3831 1503 3942">
     <span class='ocr_line' id='line_1_29' title="bbox 307 3831 1503 3942; baseline 0 -28"><span class='ocrx_word' id='word_1_260' title='bbox 307 3831 486 3938; x_wconf 88' lang='grc' dir='ltr'>ὀρθότητα</span> <span class='ocrx_word' id='word_1_261' title='bbox 509 3832 686 3938; x_wconf 80' lang='grc' dir='ltr'>ζημιωθῇς</span> <span class='ocrx_word' id='word_1_262' title='bbox 711 3831 837 3913; x_wconf 81' lang='grc' dir='ltr'>διὰτὸ</span> <span class='ocrx_word' id='word_1_263' title='bbox 864 3833 1078 3942; x_wconf 81' lang='grc' dir='ltr'>παραδόξως</span> <span class='ocrx_word' id='word_1_264' title='bbox 1105 3832 1366 3933; x_wconf 87' lang='grc' dir='ltr'>τετελεσμένον,</span> <span class='ocrx_word' id='word_1_265' title='bbox 1384 3868 1503 3938; x_wconf 91' lang='grc' dir='ltr'>προσ-</span> 
     </span>
    </p>

    <p class='ocr_par' dir='ltr' id='par_1_25' title="bbox 273 3956 1299 4066">
     <span class='ocr_line' id='line_1_30' title="bbox 273 3956 1299 4066; baseline -0.005 -25"><span class='ocrx_word' id='word_1_266' title='bbox 273 3960 394 4041; x_wconf 77' lang='grc' dir='ltr'>ᾱτίθει</span> <span class='ocrx_word' id='word_1_267' title='bbox 412 3956 451 4038; x_wconf 90' lang='grc' dir='ltr'>δέ</span> <span class='ocrx_word' id='word_1_268' title='bbox 468 3963 541 4042; x_wconf 81' lang='grc' dir='ltr'>τοῖς</span> <span class='ocrx_word' id='word_1_269' title='bbox 558 3956 688 4060; x_wconf 81' lang='grc' dir='ltr'>ἑτέροις</span> <span class='ocrx_word' id='word_1_270' title='bbox 706 3957 868 4059; x_wconf 90' lang='grc' dir='ltr'>θαύμασι</span> <span class='ocrx_word' id='word_1_271' title='bbox 886 3961 945 4039; x_wconf 80' lang='grc' dir='ltr'>καὶ</span> <span class='ocrx_word' id='word_1_272' title='bbox 962 3967 1069 4040; x_wconf 90' lang='grc' dir='ltr'>τοῦτο</span> <span class='ocrx_word' id='word_1_273' title='bbox 1087 3956 1299 4066; x_wconf 80' lang='grc' dir='ltr'>σωφρόνως.</span> 
     </span>
    </p>

    <p class='ocr_par' dir='ltr' id='par_1_26' title="bbox 353 4078 1560 4190">
     <span class='ocr_line' id='line_1_31' title="bbox 353 4078 1560 4190; baseline 0 -28"><span class='ocrx_word' id='word_1_274' title='bbox 353 4080 484 4184; x_wconf 79' lang='grc' dir='ltr'>Ἀθρει</span> <span class='ocrx_word' id='word_1_275' title='bbox 511 4078 584 4183; x_wconf 78' lang='grc' dir='ltr'>γὰρ</span> <span class='ocrx_word' id='word_1_276' title='bbox 611 4078 708 4165; x_wconf 76' lang='grc' dir='ltr'>ὅπως</span> <span class='ocrx_word' id='word_1_277' title='bbox 736 4080 794 4163; x_wconf 81' lang='grc' dir='ltr'>διὰ</span> <span class='ocrx_word' id='word_1_278' title='bbox 820 4080 884 4178; x_wconf 86' lang='grc' dir='ltr'>μέν</span> <span class='ocrx_word' id='word_1_279' title='bbox 906 4090 971 4162; x_wconf 90' lang='grc' dir='ltr'>τοῦ</span> <span class='ocrx_word' id='word_1_280' title='bbox 995 4083 1210 4190; x_wconf 83' lang='grc' dir='ltr'>παραδόξως</span> <span class='ocrx_word' id='word_1_281' title='bbox 1235 4081 1426 4164; x_wconf 78' lang='grc' dir='ltr'>εἶσελάσαι</span> <span class='ocrx_word' id='word_1_282' title='bbox 1449 4119 1505 4164; x_wconf 87' lang='grc' dir='ltr'>ιιι-</span> <span class='ocrx_word' id='word_1_283' title='bbox 1520 4121 1560 4178; x_wconf 83' lang='grc' dir='ltr'>3ο</span> 
     </span>
    </p>

    <p class='ocr_par' dir='ltr' id='par_1_27' title="bbox 307 4201 1505 4313">
     <span class='ocr_line' id='line_1_32' title="bbox 307 4201 1505 4313; baseline -0.003 -23"><span class='ocrx_word' id='word_1_284' title='bbox 307 4205 510 4313; x_wconf 78' lang='grc' dir='ltr'>κλειομένων</span> <span class='ocrx_word' id='word_1_285' title='bbox 546 4203 606 4286; x_wconf 72' lang='grc' dir='ltr'>τάν</span> <span class='ocrx_word' id='word_1_286' title='bbox 637 4201 740 4312; x_wconf 73' lang='grc' dir='ltr'>θνράι,</span> <span class='ocrx_word' id='word_1_287' title='bbox 771 4205 901 4310; x_wconf 84' lang='grc' dir='ltr'>δέδειχε</span> <span class='ocrx_word' id='word_1_288' title='bbox 935 4205 1049 4286; x_wconf 83' lang='grc' dir='ltr'>πόλιν</span> <span class='ocrx_word' id='word_1_289' title='bbox 1079 4205 1136 4287; x_wconf 80' lang='grc' dir='ltr'>ὅτι</span> <span class='ocrx_word' id='word_1_290' title='bbox 1167 4204 1260 4291; x_wconf 86' lang='grc' dir='ltr'>Θεός</span> <span class='ocrx_word' id='word_1_291' title='bbox 1297 4208 1376 4287; x_wconf 86' lang='grc' dir='ltr'>ἐστι</span> <span class='ocrx_word' id='word_1_292' title='bbox 1413 4206 1505 4288; x_wconf 79' lang='grc' dir='ltr'>κατὰ</span> 
     </span>
    </p>
   </div>
   <div class='ocr_carea' id='block_1_3' title="bbox 306 4411 1506 4548">
    <p class='ocr_par' dir='ltr' id='par_1_28' title="bbox 306 4411 1506 4548">
     <span class='ocr_line' id='line_1_33' title="bbox 306 4411 1506 4548; baseline 0.003 -76"><span class='ocrx_word' id='word_1_293' title='bbox 306 4433 368 4548; x_wconf 42' lang='lat' dir='ltr'>EX.</span> <span class='ocrx_word' id='word_1_294' title='bbox 386 4419 480 4488; x_wconf 79' lang='grc' dir='ltr'>οἷηθεῐς</span> <span class='ocrx_word' id='word_1_295' title='bbox 492 4417 524 4471; x_wconf 89' lang='grc' dir='ltr'>Ε.</span> <span class='ocrx_word' id='word_1_296' title='bbox 607 4427 632 4540; x_wconf 61' lang='grc' dir='ltr'>ἤ.</span> <span class='ocrx_word' id='word_1_297' title='bbox 651 4411 761 4468; x_wconf 88' lang='grc' dir='ltr'>δύνασαι</span> <span class='ocrx_word' id='word_1_298' title='bbox 773 4413 864 4471; x_wconf 79' lang='lat' dir='ltr'><strong>E.F.a.</strong></span> <span class='ocrx_word' id='word_1_299' title='bbox 878 4417 929 4472; x_wconf 83' lang='lat' dir='ltr'>Ed.</span> <span class='ocrx_word' id='word_1_300' title='bbox 943 4437 998 4510; x_wconf 59' lang='lat' dir='ltr'>mg.</span> <span class='ocrx_word' id='word_1_301' title='bbox 1011 4419 1137 4475; x_wconf 85' lang='grc' dir='ltr'>δύνασθαι</span> <span class='ocrx_word' id='word_1_302' title='bbox 1150 4418 1202 4474; x_wconf 86' lang='lat' dir='ltr'>Ed.</span> <span class='ocrx_word' id='word_1_303' title='bbox 1286 4433 1329 4473; x_wconf 90' lang='lat'>10.</span> <span class='ocrx_word' id='word_1_304' title='bbox 1364 4418 1506 4506; x_wconf 61' lang='grc' dir='ltr'>μητίγεις</span> 
     </span>
    </p>
   </div>
   <div class='ocr_carea' id='block_1_4' title="bbox 305 4484 1506 4628">
    <p class='ocr_par' dir='ltr' id='par_1_29' title="bbox 305 4484 1506 4628">
     <span class='ocr_line' id='line_1_34' title="bbox 372 4484 1506 4576; baseline 0 -33"><span class='ocrx_word' id='word_1_305' title='bbox 372 4507 427 4572; x_wconf 65' lang='grc' dir='ltr'>ιρῇ.</span> <span class='ocrx_word' id='word_1_306' title='bbox 441 4486 560 4558; x_wconf 80' lang='grc' dir='ltr'>στέργεις</span> <span class='ocrx_word' id='word_1_307' title='bbox 572 4486 607 4540; x_wconf 79' lang='lat' dir='ltr'>ha</span> <span class='ocrx_word' id='word_1_308' title='bbox 626 4493 653 4540; x_wconf 76' lang='lat' dir='ltr'>et</span> <span class='ocrx_word' id='word_1_309' title='bbox 665 4484 695 4540; x_wconf 89' lang='lat' dir='ltr'>F.</span> <span class='ocrx_word' id='word_1_310' title='bbox 790 4555 804 4576; x_wconf 44' lang='lat' dir='ltr'><em>u</em></span> <span class='ocrx_word' id='word_1_311' title='bbox 847 4501 889 4559; x_wconf 87' lang='lat'>15.</span> <span class='ocrx_word' id='word_1_312' title='bbox 907 4488 1102 4562; x_wconf 70' lang='grc' dir='ltr'>εἶ-εγίγγερται</span> <span class='ocrx_word' id='word_1_313' title='bbox 1116 4489 1161 4562; x_wconf 74' lang='grc' dir='ltr'>(αδ</span> <span class='ocrx_word' id='word_1_314' title='bbox 1174 4487 1338 4562; x_wconf 76' lang='grc' dir='ltr'>ε’γῆγερταια</span> <span class='ocrx_word' id='word_1_315' title='bbox 1370 4489 1506 4561; x_wconf 76' lang='grc' dir='ltr'>ἐγηγερται</span> 
     </span>
     <span class='ocr_line' id='line_1_35' title="bbox 305 4555 963 4628; baseline -0.005 -10"><span class='ocrx_word' id='word_1_316' title='bbox 305 4558 469 4628; x_wconf 74' lang='grc' dir='ltr'>ικαιιςιίιοιιιι)</span> <span class='ocrx_word' id='word_1_317' title='bbox 483 4575 537 4612; x_wconf 89' lang='lat' dir='ltr'>om.</span> <span class='ocrx_word' id='word_1_318' title='bbox 552 4555 585 4611; x_wconf 83' lang='lat' dir='ltr'>E.</span> <span class='ocrx_word' id='word_1_319' title='bbox 728 4555 770 4610; x_wconf 79' lang='lat'>26.</span> <span class='ocrx_word' id='word_1_320' title='bbox 789 4577 851 4627; x_wconf 82' lang='grc' dir='ltr'>εχον</span> <span class='ocrx_word' id='word_1_321' title='bbox 863 4577 917 4614; x_wconf 86' lang='lat' dir='ltr'>om.</span> <span class='ocrx_word' id='word_1_322' title='bbox 931 4559 963 4614; x_wconf 88' lang='lat' dir='ltr'>E.</span> 
     </span>
    </p>
   </div>
   <div class='ocr_carea' id='block_1_5' title="bbox 0 0 1646 5130">
    <p class='ocr_par' dir='ltr' id='par_1_30' title="bbox 0 0 1646 5130">
     <span class='ocr_line' id='line_1_36' title="bbox 0 0 1646 5130; baseline 0 0"><span class='ocrx_word' id='word_1_323' title='bbox 0 0 1646 5130; x_wconf 95' lang='lat' dir='ltr'> </span> 
     </span>
    </p>
   </div>
  </div>
 </body>
</html>
