3280 5142
293 341 338 404 26
579 342 619 407 B.
643 339 855 408 CYRILLI
885 335 1175 405 ALEXANDR.
1339 332 1430 398 xviii.
1447 351 1500 396 11.

127 505 514 611 1019Δ.υάνεξικακεῖν
536 509 726 611 παρ’ἐμοῦ
754 505 940 606 διώρισται
968 501 1086 604 νόμος,
1111 507 1292 604 λογισμοῦ
1319 507 1384 579 τοῦ
1411 495 1501 600 πρέ-

297 663 429 714 ποντος
452 631 569 729 ὀσὸς,
587 629 616 711 ὦ
637 631 762 734 Πέτρε,
782 627 998 734 διέσφαλται
1023 629 1191 724 νοῦς,καῖ
1215 631 1260 729 τῇ
1284 630 1357 706 τῶν
1378 655 1502 724 πραγ-

297 751 421 852 μάτων
441 753 550 858 φύσει
575 753 671 835 πολὺ
696 753 740 854 δὴ
760 755 843 833 λίαν
861 751 1007 859 άπιρδδν
1034 749 1192 850 ἐποιήσω
1219 748 1262 828 τὸ
1291 746 1499 852 ἐγχείρημα.

299 877 512 978 δεδογμένου
543 913 581 959 τε
614 876 687 981 γάρ
717 881 775 958 καὶ
807 876 1074 976 συναρέσαντος
1100 879 1153 982 τῷ
1182 877 1264 980 Θεῷ
1293 871 1353 950 καὶ
1382 868 1503 967 Πατρῖ

298 1009 363 1080 τοῦ
381 1009 474 1081 πιεῖν
490 1006 589 1082 τουτὶ
614 1003 650 1083 τλ
670 1004 813 1108 ποτήριον
831 1000 901 1098 ε’μέ,
920 999 1113 1096 τουτέστιν,
1132 999 1291 1078 ε’θελοντὶ
1314 996 1501 1090 ῦπομεῖναι
1517 1017 1537 1078 5

299 1123 363 1202 τὸν
376 1122 501 1228 ὥσπερ
520 1132 568 1209 είς
588 1128 700 1206 ὕπνον
718 1133 894 1228 κυροῦντα
913 1124 1080 1218 θάνατον,
1096 1126 1154 1204 ε’πὶ
1173 1119 1368 1202 καταλύσει
1387 1112 1502 1196 θανά·

301 1282 365 1327 του
390 1252 449 1327 καῖ
475 1256 624 1353 φθορᾶς,
643 1256 720 1335 πῶς
740 1249 938 1330 ὑπεκνεύειν
955 1247 1165 1344 ἀκόλουθον,
1184 1245 1296 1325 καίτοι
1320 1237 1506 1338 τοσαύτης·

268 1365 450 1472 1)οἰγαθιῦν
484 1372 577 1458 ἰδέας
608 1375 770 1478 ἀνίσχειν
802 1374 1085 1470 πεπιστευμένος
1118 1375 1170 1476 τῷ
1198 1374 1271 1449 τῶν
1301 1363 1506 1465 ἀνθρώπων

302 1495 395 1597 γένει
414 1495 473 1575 διά
490 1506 554 1577 τοῦ
571 1504 664 1578 πιεῖν
682 1495 792 1592 αὐτό;
822 1497 843 1575 ὁ
861 1495 926 1596 μὲν
943 1497 1006 1576 οὖν
1022 1501 1095 1575 τῶν
1113 1489 1351 1598 προκειμένων
1364 1490 1402 1566 ἐν
1420 1484 1507 1566 ποεῖ-

302 1653 376 1702 τοις
416 1621 454 1698 εὖ
492 1619 593 1719 μάλα
630 1621 861 1724 περιορίζεται
901 1628 994 1704 νοῦς·
1051 1617 1134 1699 ’ίσον
1171 1616 1208 1698 δὲ
1249 1614 1364 1720 τούτῳ
1403 1613 1506 1691 ε’στῖν
1523 1646 1565 1690 10
1627 1603 1628 1670 ί

303 1745 413 1822 ε’κεῖνο
440 1741 561 1823 πάλιν·
601 1743 708 1842 ὁμέν
735 1743 807 1847 γὰρ
827 1744 960 1847 Κύριος
987 1744 1088 1842 ἡμῶν
1113 1745 1258 1840 Ἰησοῦς
1279 1741 1300 1818 ὁ
1325 1733 1505 1840 Χριστὸς,

304 1866 553 1970 βεβαιοτέρους
585 1874 633 1951 εἰς
663 1869 790 1949 πίστιν
820 1865 1084 1971 ἀπεργάζεσθαι
1116 1865 1234 1947 θέλων
1264 1861 1347 1946 τοῦς
1378 1863 1508 1941 ἑαυτοῦ
1627 1969 1628 1974 3

305 1987 467 2089 μαθητάς
488 1994 547 2069 καῖ
570 1991 613 2071 τὸ
637 1993 695 2072 ἐπὶ
720 1996 771 2099 τῷ
796 1993 900 2100 τιμίῳ
922 1996 1069 2097 σταυρῷ
1094 1985 1373 2093 προανατρέπων
1391 1983 1509 2064 σκάν-
1627 2003 1628 2098 3

138 2125 262 2175 SM·
306 2115 429 2209 δαλον,
443 2111 513 2217 ἔφη
527 2113 613 2194 ποτὲ
631 2112 722 2195 κατὰ
739 2114 852 2215 μόνας
869 2116 987 2200 αὐτοῖς
1004 2111 1356 2218 προσδιαλεγόμενος
1375 2119 1397 2156 “
1410 2107 1509 2188 Ἰδοῦ

138 2208 181 2240 xx.
194 2193 232 2248 18,
1265 2243 1281 2260 0
1327 2237 1336 2261 ς
1423 2231 1434 2259 ι

137 2257 256 2320 xxvi.45,
308 2246 329 2282 “
349 2237 586 2334 ἀναβαίνομεν
616 2244 665 2324 εἰς
695 2238 935 2342 Ἱεροσόλυμα
970 2242 1028 2319 καὶ
1061 2241 1082 2318 ὃ
1114 2237 1187 2322 υἱδς
1218 2270 1283 2316 του
1314 2239 1509 2337 ανθρωπῡυ
1525 2271 1567 2332 15

139 2333 254 2470 m&
310 2369 330 2405 “
347 2361 579 2462 παραδίδοται
616 2367 664 2447 είς
701 2370 821 2467 χεῖρας
866 2365 1093 2464 ἁμαρτωλῶν
1130 2364 1189 2441 καὶ
1228 2357 1511 2461 σταυρῶσουσιν

280 2491 332 2564 ο“
350 2481 469 2582 αὐτὸν,
489 2490 547 2564 καὶ
566 2488 802 2567 ἀποκτενοῦσι
828 2489 886 2567 καὶ
911 2493 956 2593 τῇ
981 2488 1083 2592 τρίτῃ
1108 2486 1221 2593 ἡμέρᾳ
1242 2480 1509 2586 ἐγερθήσεται.”

312 2607 449 2709 Πέτρος
472 2607 509 2688 δέ
527 2611 548 2689 ὁ
567 2611 770 2708 θεσπέσιος,
789 2613 830 2690 οὐ
854 2611 897 2691 τὸ
916 2615 954 2691 ἐκ
978 2619 1044 2690 τοῦ
1064 2608 1201 2693 πάθους
1222 2606 1395 2708 ἐννοήσας
1413 2609 1508 2706 ἀγα·

311 2729 386 2825 θὸν,
415 2734 634 2837 ἀποβλέψας
662 2733 699 2814 δὲ
727 2742 774 2818 εἰς
806 2734 920 2835 μόνην
949 2734 1015 2833 τὴν
1047 2738 1086 2814 ἐκ
1113 2741 1177 2813 τοῦ
1207 2739 1335 2814 παθεῖν
1363 2729 1515 2836 ἀδοξίαν

143 2856 185 2972 {¹²²2
197 2855 249 2906 ”¹-
313 2863 334 2898 “
347 2850 474 2938 Ἵλεώς
498 2890 560 2935 σοι
581 2857 704 2961 Κύριε,
726 2863 852 2963 φησὶν,
870 2860 912 2938 οὐ
931 2858 980 2957 μὴ
1003 2858 1107 2939 ἔσται
1130 2891 1192 2937 σοι
1215 2855 1355 2936 τοῦτο.”
1392 2857 1452 2932 καὶ
1478 2853 1518 2933 τί
1528 2893 1568 2935 ιο
1627 2865 1628 2958 3

145 2988 184 3037 lb·
197 3000 234 3050 ²³·
310 2975 403 3077 πρὸς
430 2987 535 3059 τοῦτο
553 2978 737 3082 Χριστός;
768 2981 946 3085 “’Ὕπαγε
975 2984 1093 3062 ὀπίσω
1120 3016 1201 3079 μου,
1224 2985 1377 3076 σατανᾶ,
1399 2975 1516 3058 σκάν-

315 3109 336 3146 “
354 3099 467 3180 δαλόν
493 3138 564 3200 μου
587 3101 629 3183 εἶ·
661 3104 715 3185 ὅτι
739 3107 782 3187 οῦ
800 3114 942 3211 φρονεῖς
965 3105 1012 3185 τὰ
1039 3114 1103 3186 τοῦ
1122 3111 1217 3186 Θεοῦ
1240 3102 1341 3184 ἀλλά
1367 3101 1413 3182 τά
1439 3109 1518 3184 τῶν

316 3231 338 3267 “
353 3224 585 3329 άνθρῶπων.”
619 3238 683 3310 τοῦ
707 3229 772 3331 μὲν
796 3229 869 3333 γὰρ
894 3237 1040 3337 φρονεῖν
1058 3227 1245 3314 ἐθέλοντος
1269 3226 1317 3308 τά
1340 3234 1518 3309 δοκοῦντα

317 3351 401 3453 Θεῷ
424 3347 529 3452 ἔργον
548 3350 592 3432 ἂν
611 3353 663 3453 εἴη
689 3358 747 3435 καὶ
772 3355 911 3440 σκοπὸς
932 3356 1017 3457 παρ’
1038 3353 1139 3434 οὐδέν
1160 3352 1226 3451 μὲν
1248 3358 1429 3434 ποιεῖσθαι
1450 3349 1519 3435 τὰς

285 3472 355 3549 ᾶέν
388 3469 514 3582 κόσμῳ
550 3474 666 3577 τιμάς,
700 3483 758 3558 καὶ
789 3483 852 3578 τῆς
884 3482 922 3559 ἐν
955 3479 1155 3582 ἀνθρώποις
1187 3478 1346 3561 εὐκλείας
1377 3475 1518 3559 οὐδενὸς
1532 3505 1575 3566 ²5

319 3594 473 3702 ἀξιῶσαι
495 3597 608 3701 λόγου
632 3601 698 3700 τὴν
715 3601 851 3704 ζημίαν,
871 3604 945 3684 ἔστ’
965 3602 1010 3683 ἂν
1029 3601 1087 3683 διά
1108 3611 1172 3683 τοῦ
1191 3605 1249 3682 καὶ
1265 3609 1372 3682 τοῦτο
1389 3606 1520 3682 παθεῖν
1627 3643 1628 3714 3

318 3719 362 3800 τὸ
389 3728 463 3805 τοῖς
490 3722 618 3828 ἑτέροις
645 3725 835 3832 ε’ξανύηται
861 3728 1054 3832 χρήσιμον·
1094 3725 1214 3830 ἡγάρ
1236 3724 1371 3830 ἀγάπη,
1390 3728 1520 3829 φησὶν,
1627 3715 1628 3766 3

151 3843 238 3973 ³33⁰?
321 3853 344 3891 “
362 3846 403 3924 οῦ
421 3843 518 3946 ζητεῖ
535 3845 581 3925 τά
602 3849 758 3950 ἑαυτῆς·”
795 3861 859 3932 τοῦ
886 3852 998 3955 γεμὴν
1016 3859 1063 3935 εἰς
1090 3851 1184 3950 μόνα
1211 3849 1452 3954 τετραμμένον
1479 3884 1520 3929 τε
1627 3829 1628 3862 ί

321 3973 380 4049 καὶ
406 3970 609 4064 βλέποντος
636 3971 683 4051 τά
710 3974 925 4078 ἀνθρώπινα,
957 3975 1000 4055 τὸ
1031 3974 1216 4080 ἀφόρητον
1247 3974 1414 4075 ἡγεῖσθαι
1446 3980 1521 4052 τῶν

320 4096 378 4173 ε’πὶ
402 4099 470 4196 γῆς
493 4095 670 4202 δοξαρίων
688 4096 753 4196 τὴν
772 4099 965 4197 ἀπώλειαν,
985 4103 1042 4179 καὶ
1062 4106 1110 4184 είς
1126 4097 1238 4197 μόνον
1257 4099 1345 4201 ὁρᾶν
1364 4095 1405 4177 τὸ
1430 4097 1520 4177 ’ίδιον
1533 4129 1579 4189 30

322 4219 469 4318 ἀγαθὸν,
488 4227 561 4303 τοῖς
580 4219 617 4300 δέ
639 4230 702 4302 τοῦ
719 4220 834 4306 πέλας
857 4222 908 4323 μὴ
928 4223 1196 4324 ε’παλγιίνεσθαι
1221 4229 1352 4304 κακοῖς.
1393 4219 1521 4325 ὥσπερ

323 4343 440 4424 τοίνυν
470 4347 507 4423 ἐν
534 4347 674 4430 ἐκείνοις
700 4343 909 4426 σκάνδαλον
941 4344 1084 4448 ε’λέγετο
1112 4357 1175 4426 τοῦ
1203 4351 1380 4450 Χριστοῦ,
1406 4347 1523 4427 καίτοι

314 4515 316 4520 ’
359 4527 384 4582 5.
402 4511 536 4584 ποτήριον]
549 4517 659 4583 πότερον
671 4515 702 4569 E.
800 4515 826 4570 6.
845 4520 971 4586 καροῦντα
984 4516 1015 4570 Ε.
1031 4519 1173 4585 κρατοῦντα
1186 4513 1238 4570 Ed.
1334 4531 1376 4568 10.
1395 4517 1473 4568 τοῦτο
1487 4515 1522 4571 Ε.

328 4597 368 4654 17.
387 4582 570 4655 ἀποκτενοῦσι]
587 4591 616 4648 -Ι-
630 4585 708 4639 πῦτδν
721 4585 772 4640 Ed.
785 4587 869 4641 invito
883 4587 915 4641 E.
1035 4603 1076 4656 19.
1094 4589 1141 4639 τοῦ
1152 4595 1322 4656 assumptum
1335 4603 1367 4638 ex
1382 4585 1414 4638 E.
