<?xml version="1.0" encoding="UTF-8"?>
<!DOCTYPE html PUBLIC "-//W3C//DTD XHTML 1.0 Transitional//EN"
    "http://www.w3.org/TR/xhtml1/DTD/xhtml1-transitional.dtd">
<html xmlns="http://www.w3.org/1999/xhtml" xml:lang="en" lang="en">
 <head>
  <title>
</title>
<meta http-equiv="Content-Type" content="text/html;charset=utf-8" />
  <meta name='ocr-system' content='tesseract 3.04.00' />
  <meta name='ocr-capabilities' content='ocr_page ocr_carea ocr_par ocr_line ocrx_word'/>
</head>
<body>
  <div class='ocr_page' id='page_1' title='image "./sanctipatrisnos01pusegoog_0173.png"; bbox 0 0 3298 5138; ppageno 0'>
   <div class='ocr_carea' id='block_1_1' title="bbox 320 333 1517 414">
    <p class='ocr_par' dir='ltr' id='par_1_1' title="bbox 320 333 1517 414">
     <span class='ocr_line' id='line_1_1' title="bbox 320 333 1517 414; baseline -0.002 -17"><span class='ocrx_word' id='word_1_1' title='bbox 320 333 383 398; x_wconf 80' lang='lat'>160</span> <span class='ocrx_word' id='word_1_2' title='bbox 492 351 496 358; x_wconf 85' lang='lat'>·</span> <span class='ocrx_word' id='word_1_3' title='bbox 621 333 1220 402; x_wconf 67' lang='lat' dir='ltr'><strong>ROYRILLIALEXANDR.</strong></span> <span class='ocrx_word' id='word_1_4' title='bbox 1341 333 1517 414; x_wconf 66' lang='grc' dir='ltr'>σταίη-14.</span> 
     </span>
    </p>
   </div>
   <div class='ocr_carea' id='block_1_2' title="bbox 151 497 1575 2830">
    <p class='ocr_par' dir='ltr' id='par_1_2' title="bbox 284 497 1518 973">
     <span class='ocr_line' id='line_1_2' title="bbox 284 497 1514 601; baseline -0.002 -24"><span class='ocrx_word' id='word_1_5' title='bbox 284 498 589 599; x_wconf 82' lang='grc' dir='ltr'>ἀκατακρίνοντος</span> <span class='ocrx_word' id='word_1_6' title='bbox 610 497 820 601; x_wconf 72' lang='grc' dir='ltr'>γράμματος</span> <span class='ocrx_word' id='word_1_7' title='bbox 837 499 861 598; x_wconf 84' lang='grc' dir='ltr'><em>ἡ</em></span> <span class='ocrx_word' id='word_1_8' title='bbox 879 503 1066 580; x_wconf 89' lang='grc' dir='ltr'>δικαιοῦσα</span> <span class='ocrx_word' id='word_1_9' title='bbox 1088 507 1151 580; x_wconf 90' lang='grc' dir='ltr'>τοῦ</span> <span class='ocrx_word' id='word_1_10' title='bbox 1171 497 1380 598; x_wconf 75' lang='grc' dir='ltr'>Πνεύματος</span> <span class='ocrx_word' id='word_1_11' title='bbox 1399 497 1514 601; x_wconf 84' lang='grc' dir='ltr'>χοίρις.</span> 
     </span>
     <span class='ocr_line' id='line_1_3' title="bbox 320 618 1518 730; baseline -0.002 -30"><span class='ocrx_word' id='word_1_12' title='bbox 320 624 358 700; x_wconf 83' lang='grc' dir='ltr'>έν</span> <span class='ocrx_word' id='word_1_13' title='bbox 383 620 509 728; x_wconf 76' lang='grc' dir='ltr'>δεξιοῖς</span> <span class='ocrx_word' id='word_1_14' title='bbox 532 621 595 702; x_wconf 85' lang='grc' dir='ltr'>οῦν</span> <span class='ocrx_word' id='word_1_15' title='bbox 618 622 689 730; x_wconf 79' lang='grc' dir='ltr'>ἄρα</span> <span class='ocrx_word' id='word_1_16' title='bbox 710 620 886 722; x_wconf 83' lang='grc' dir='ltr'>στήσεται</span> <span class='ocrx_word' id='word_1_17' title='bbox 912 621 958 703; x_wconf 88' lang='grc' dir='ltr'>τά</span> <span class='ocrx_word' id='word_1_18' title='bbox 980 621 1039 704; x_wconf 87' lang='grc' dir='ltr'>διά</span> <span class='ocrx_word' id='word_1_19' title='bbox 1056 627 1236 726; x_wconf 83' lang='grc' dir='ltr'><em>Χριστοῦ,</em></span> <span class='ocrx_word' id='word_1_20' title='bbox 1257 618 1323 721; x_wconf 79' lang='grc' dir='ltr'>τὴν</span> <span class='ocrx_word' id='word_1_21' title='bbox 1339 618 1518 725; x_wconf 71' lang='grc' dir='ltr'>ὑπεροχὴν</span> 
     </span>
     <span class='ocr_line' id='line_1_4' title="bbox 319 742 1505 853; baseline -0.001 -28"><span class='ocrx_word' id='word_1_22' title='bbox 319 743 403 844; x_wconf 83' lang='grc' dir='ltr'>ἡμῖν</span> <span class='ocrx_word' id='word_1_23' title='bbox 422 742 488 845; x_wconf 79' lang='grc' dir='ltr'>τὴν</span> <span class='ocrx_word' id='word_1_24' title='bbox 508 743 599 825; x_wconf 87' lang='grc' dir='ltr'>κατά</span> <span class='ocrx_word' id='word_1_25' title='bbox 618 744 728 844; x_wconf 84' lang='grc' dir='ltr'>νόμου</span> <span class='ocrx_word' id='word_1_26' title='bbox 747 748 804 826; x_wconf 79' lang='grc' dir='ltr'>καί</span> <span class='ocrx_word' id='word_1_27' title='bbox 822 752 1021 852; x_wconf 82' lang='grc' dir='ltr'>προφητῶν</span> <span class='ocrx_word' id='word_1_28' title='bbox 1039 754 1103 828; x_wconf 92' lang='grc' dir='ltr'>τοῦ</span> <span class='ocrx_word' id='word_1_29' title='bbox 1122 746 1240 853; x_wconf 83' lang='grc' dir='ltr'>δεξιοῦ</span> <span class='ocrx_word' id='word_1_30' title='bbox 1256 745 1505 846; x_wconf 86' lang='grc' dir='ltr'>σημαίνοντος.</span> 
     </span>
     <span class='ocr_line' id='line_1_5' title="bbox 375 864 1518 973; baseline -0.002 -23"><span class='ocrx_word' id='word_1_31' title='bbox 375 867 577 970; x_wconf 84' lang='grc' dir='ltr'>Ἀμελλητὶ</span> <span class='ocrx_word' id='word_1_32' title='bbox 606 878 798 973; x_wconf 84' lang='grc' dir='ltr'>τοιγαροῦν</span> <span class='ocrx_word' id='word_1_33' title='bbox 825 875 898 953; x_wconf 87' lang='grc' dir='ltr'>τοῖς</span> <span class='ocrx_word' id='word_1_34' title='bbox 916 878 979 950; x_wconf 89' lang='grc' dir='ltr'>τοῦ</span> <span class='ocrx_word' id='word_1_35' title='bbox 999 874 1165 972; x_wconf 76' lang='grc' dir='ltr'>Σωτῆρος</span> <span class='ocrx_word' id='word_1_36' title='bbox 1193 871 1294 970; x_wconf 85' lang='grc' dir='ltr'>ἡμιῦν</span> <span class='ocrx_word' id='word_1_37' title='bbox 1321 864 1518 970; x_wconf 86' lang='grc' dir='ltr'>διατάγμα-</span> 
     </span>
    </p>

    <p class='ocr_par' dir='ltr' id='par_1_3' title="bbox 319 986 1549 1594">
     <span class='ocr_line' id='line_1_6' title="bbox 319 986 1549 1098; baseline -0.002 -23"><span class='ocrx_word' id='word_1_38' title='bbox 319 1027 382 1075; x_wconf 87' lang='grc' dir='ltr'>σιν</span> <span class='ocrx_word' id='word_1_39' title='bbox 399 986 698 1092; x_wconf 64' lang='grc' dir='ltr'>ἀναπεπεισμένοι</span> <span class='ocrx_word' id='word_1_40' title='bbox 723 1000 870 1098; x_wconf 87' lang='grc' dir='ltr'>χαλῶσι</span> <span class='ocrx_word' id='word_1_41' title='bbox 891 996 927 1073; x_wconf 79' lang='grc' dir='ltr'>τλ</span> <span class='ocrx_word' id='word_1_42' title='bbox 947 989 1078 1074; x_wconf 82' lang='grc' dir='ltr'>ἀίκτνιν</span> <span class='ocrx_word' id='word_1_43' title='bbox 1096 1000 1130 1075; x_wconf 79' lang='grc' dir='ltr'>οἱ</span> <span class='ocrx_word' id='word_1_44' title='bbox 1147 992 1331 1074; x_wconf 88' lang='grc' dir='ltr'>θεσπέσιοι</span> <span class='ocrx_word' id='word_1_45' title='bbox 1350 992 1549 1094; x_wconf 78' lang='grc' dir='ltr'>μαθηταί.5</span> 
     </span>
     <span class='ocr_line' id='line_1_7' title="bbox 319 1115 1513 1223; baseline 0 -27"><span class='ocrx_word' id='word_1_46' title='bbox 319 1117 484 1217; x_wconf 84' lang='grc' dir='ltr'>σημαίνει</span> <span class='ocrx_word' id='word_1_47' title='bbox 512 1115 549 1198; x_wconf 75' lang='grc' dir='ltr'>δέ</span> <span class='ocrx_word' id='word_1_48' title='bbox 573 1120 630 1198; x_wconf 84' lang='grc' dir='ltr'>καί</span> <span class='ocrx_word' id='word_1_49' title='bbox 654 1125 760 1198; x_wconf 90' lang='grc' dir='ltr'>τοῦτο</span> <span class='ocrx_word' id='word_1_50' title='bbox 777 1117 860 1216; x_wconf 79' lang='grc' dir='ltr'>ἡμῖν</span> <span class='ocrx_word' id='word_1_51' title='bbox 880 1120 928 1204; x_wconf 78' lang='grc' dir='ltr'>ὡς</span> <span class='ocrx_word' id='word_1_52' title='bbox 947 1119 1014 1223; x_wconf 77' lang='grc' dir='ltr'>οὐχ</span> <span class='ocrx_word' id='word_1_53' title='bbox 1032 1121 1167 1202; x_wconf 79' lang='grc' dir='ltr'>ἑαυτοῖς</span> <span class='ocrx_word' id='word_1_54' title='bbox 1185 1119 1252 1216; x_wconf 77' lang='grc' dir='ltr'>τὴν</span> <span class='ocrx_word' id='word_1_55' title='bbox 1269 1121 1332 1215; x_wconf 80' lang='grc' dir='ltr'>τῆς</span> <span class='ocrx_word' id='word_1_56' title='bbox 1351 1119 1513 1197; x_wconf 85' lang='grc' dir='ltr'>ἀποστο-</span> 
     </span>
     <span class='ocr_line' id='line_1_8' title="bbox 319 1239 1518 1346; baseline -0.002 -24"><span class='ocrx_word' id='word_1_57' title='bbox 319 1244 388 1340; x_wconf 81' lang='grc' dir='ltr'>λῆς</span> <span class='ocrx_word' id='word_1_58' title='bbox 416 1242 585 1344; x_wconf 84' lang='grc' dir='ltr'>ἥρπασαν</span> <span class='ocrx_word' id='word_1_59' title='bbox 614 1240 731 1346; x_wconf 83' lang='grc' dir='ltr'>χάριν,</span> <span class='ocrx_word' id='word_1_60' title='bbox 749 1241 851 1321; x_wconf 86' lang='grc' dir='ltr'>ἀλλά</span> <span class='ocrx_word' id='word_1_61' title='bbox 877 1250 952 1328; x_wconf 86' lang='grc' dir='ltr'>τοῖς</span> <span class='ocrx_word' id='word_1_62' title='bbox 980 1243 1089 1322; x_wconf 79' lang='grc' dir='ltr'>αὑτοῦ</span> <span class='ocrx_word' id='word_1_63' title='bbox 1114 1241 1354 1344; x_wconf 82' lang='grc' dir='ltr'>διατάγμασιν</span> <span class='ocrx_word' id='word_1_64' title='bbox 1371 1242 1429 1322; x_wconf 84' lang='grc' dir='ltr'>έπί</span> <span class='ocrx_word' id='word_1_65' title='bbox 1452 1239 1518 1340; x_wconf 82' lang='grc' dir='ltr'>τὴν</span> 
     </span>
     <span class='ocr_line' id='line_1_9' title="bbox 320 1363 1518 1471; baseline -0.003 -23"><span class='ocrx_word' id='word_1_66' title='bbox 320 1363 434 1468; x_wconf 74' lang='grc' dir='ltr'>θήραν</span> <span class='ocrx_word' id='word_1_67' title='bbox 458 1364 612 1471; x_wconf 79' lang='grc' dir='ltr'>ἐξῆλθον</span> <span class='ocrx_word' id='word_1_68' title='bbox 641 1366 706 1465; x_wconf 80' lang='grc' dir='ltr'>τὴν</span> <span class='ocrx_word' id='word_1_69' title='bbox 733 1365 985 1466; x_wconf 87' lang='grc' dir='ltr'>πνευματικήν·</span> <span class='ocrx_word' id='word_1_70' title='bbox 1023 1377 1044 1413; x_wconf 86' lang='grc'><strong>“</strong></span> <span class='ocrx_word' id='word_1_71' title='bbox 1059 1365 1296 1470; x_wconf 77' lang='grc' dir='ltr'>Πορευθέντες</span> <span class='ocrx_word' id='word_1_72' title='bbox 1324 1365 1395 1468; x_wconf 85' lang='grc' dir='ltr'>γάρ</span> <span class='ocrx_word' id='word_1_73' title='bbox 1423 1371 1518 1470; x_wconf 83' lang='grc' dir='ltr'>φησι</span> 
     </span>
     <span class='ocr_line' id='line_1_10' title="bbox 319 1488 1516 1594; baseline -0.001 -26"><span class='ocrx_word' id='word_1_74' title='bbox 319 1498 342 1560; x_wconf 90' lang='lat'>‘.‘</span> <span class='ocrx_word' id='word_1_75' title='bbox 359 1488 607 1590; x_wconf 79' lang='grc' dir='ltr'>μαθητεύσατε</span> <span class='ocrx_word' id='word_1_76' title='bbox 634 1489 753 1570; x_wconf 85' lang='grc' dir='ltr'>πάντα</span> <span class='ocrx_word' id='word_1_77' title='bbox 774 1489 820 1570; x_wconf 85' lang='grc' dir='ltr'>τά</span> <span class='ocrx_word' id='word_1_78' title='bbox 839 1490 959 1589; x_wconf 85' lang='grc' dir='ltr'>έθνη·”</span> <span class='ocrx_word' id='word_1_79' title='bbox 999 1494 1057 1570; x_wconf 84' lang='grc' dir='ltr'>καὶ</span> <span class='ocrx_word' id='word_1_80' title='bbox 1076 1492 1175 1571; x_wconf 63' lang='lat' dir='ltr'>aino}</span> <span class='ocrx_word' id='word_1_81' title='bbox 1193 1490 1235 1570; x_wconf 91' lang='grc' dir='ltr'>δέ</span> <span class='ocrx_word' id='word_1_82' title='bbox 1249 1497 1376 1594; x_wconf 87' lang='grc' dir='ltr'>φασιν,</span> <span class='ocrx_word' id='word_1_83' title='bbox 1393 1491 1442 1572; x_wconf 86' lang='grc' dir='ltr'>ὡς</span> <span class='ocrx_word' id='word_1_84' title='bbox 1461 1491 1516 1568; x_wconf 79' lang='grc' dir='ltr'>ε’πί</span> 
     </span>
    </p>

    <p class='ocr_par' dir='ltr' id='par_1_4' title="bbox 319 1609 1575 2211">
     <span class='ocr_line' id='line_1_11' title="bbox 319 1609 1575 1722; baseline -0.003 -28"><span class='ocrx_word' id='word_1_85' title='bbox 319 1621 367 1722; x_wconf 74' lang='grc' dir='ltr'>τῷ</span> <span class='ocrx_word' id='word_1_86' title='bbox 385 1617 508 1722; x_wconf 68' lang='grc' dir='ltr'>ῥήματι</span> <span class='ocrx_word' id='word_1_87' title='bbox 525 1620 590 1693; x_wconf 91' lang='grc' dir='ltr'>τοῦ</span> <span class='ocrx_word' id='word_1_88' title='bbox 603 1617 768 1716; x_wconf 82' lang='grc' dir='ltr'>Χριστοῦ</span> <span class='ocrx_word' id='word_1_89' title='bbox 783 1621 928 1719; x_wconf 82' lang='grc' dir='ltr'>χαλῶσι</span> <span class='ocrx_word' id='word_1_90' title='bbox 941 1612 984 1695; x_wconf 82' lang='grc' dir='ltr'>τὸ</span> <span class='ocrx_word' id='word_1_91' title='bbox 1003 1614 1155 1695; x_wconf 88' lang='grc' dir='ltr'>δίκτυον.</span> <span class='ocrx_word' id='word_1_92' title='bbox 1186 1610 1428 1714; x_wconf 82' lang='grc' dir='ltr'>σαγηνεύουσι</span> <span class='ocrx_word' id='word_1_93' title='bbox 1446 1609 1517 1713; x_wconf 80' lang='grc' dir='ltr'>γὰρ</span> <span class='ocrx_word' id='word_1_94' title='bbox 1533 1647 1575 1692; x_wconf 79' lang='grc' dir='ltr'>το</span> 
     </span>
     <span class='ocr_line' id='line_1_12' title="bbox 320 1734 1518 1842; baseline -0.003 -20"><span class='ocrx_word' id='word_1_95' title='bbox 320 1737 388 1842; x_wconf 82' lang='grc' dir='ltr'>οὐχ</span> <span class='ocrx_word' id='word_1_96' title='bbox 400 1735 525 1839; x_wconf 77' lang='grc' dir='ltr'>ἑτέρως</span> <span class='ocrx_word' id='word_1_97' title='bbox 538 1734 560 1836; x_wconf 83' lang='grc' dir='ltr'>ἢ</span> <span class='ocrx_word' id='word_1_98' title='bbox 575 1743 648 1819; x_wconf 85' lang='grc' dir='ltr'>τοῖς</span> <span class='ocrx_word' id='word_1_99' title='bbox 661 1745 725 1817; x_wconf 90' lang='grc' dir='ltr'>τοῦ</span> <span class='ocrx_word' id='word_1_100' title='bbox 740 1742 909 1842; x_wconf 78' lang='grc' dir='ltr'>Σωτῆρος</span> <span class='ocrx_word' id='word_1_101' title='bbox 928 1739 1028 1838; x_wconf 80' lang='grc' dir='ltr'>ἡμῶν</span> <span class='ocrx_word' id='word_1_102' title='bbox 1045 1736 1183 1841; x_wconf 81' lang='grc' dir='ltr'>ῥήμασι</span> <span class='ocrx_word' id='word_1_103' title='bbox 1201 1740 1259 1818; x_wconf 86' lang='grc' dir='ltr'>καὶ</span> <span class='ocrx_word' id='word_1_104' title='bbox 1277 1737 1518 1840; x_wconf 85' lang='grc' dir='ltr'>εῦαγγελικοῐς</span> 
     </span>
     <span class='ocr_line' id='line_1_13' title="bbox 319 1858 1519 1965; baseline 0 -25"><span class='ocrx_word' id='word_1_105' title='bbox 319 1858 596 1961; x_wconf 84' lang='grc' dir='ltr'>προστάγμασι.</span> <span class='ocrx_word' id='word_1_106' title='bbox 634 1865 707 1941; x_wconf 85' lang='grc' dir='ltr'>τῶν</span> <span class='ocrx_word' id='word_1_107' title='bbox 734 1859 848 1963; x_wconf 78' lang='grc' dir='ltr'>γεμὴν</span> <span class='ocrx_word' id='word_1_108' title='bbox 875 1862 962 1943; x_wconf 84' lang='grc' dir='ltr'>ε’ίσω</span> <span class='ocrx_word' id='word_1_109' title='bbox 987 1862 1137 1942; x_wconf 80' lang='grc' dir='ltr'>δικτύων</span> <span class='ocrx_word' id='word_1_110' title='bbox 1163 1858 1363 1964; x_wconf 81' lang='grc' dir='ltr'>γεγονότων</span> <span class='ocrx_word' id='word_1_111' title='bbox 1387 1858 1519 1965; x_wconf 81' lang='grc' dir='ltr'>ἰχθύων</span> 
     </span>
     <span class='ocr_line' id='line_1_14' title="bbox 319 1980 1519 2090; baseline 0.005 -26"><span class='ocrx_word' id='word_1_112' title='bbox 319 1980 419 2064; x_wconf 90' lang='grc' dir='ltr'>πολύ</span> <span class='ocrx_word' id='word_1_113' title='bbox 436 2017 471 2064; x_wconf 92' lang='grc' dir='ltr'>τι</span> <span class='ocrx_word' id='word_1_114' title='bbox 495 1981 537 2062; x_wconf 86' lang='grc' dir='ltr'>τδ</span> <span class='ocrx_word' id='word_1_115' title='bbox 560 1985 702 2081; x_wconf 72' lang='grc' dir='ltr'>πλῆθος</span> <span class='ocrx_word' id='word_1_116' title='bbox 727 1981 783 2084; x_wconf 83' lang='grc' dir='ltr'>ἦν,</span> <span class='ocrx_word' id='word_1_117' title='bbox 802 1987 850 2068; x_wconf 85' lang='grc' dir='ltr'>ὡς</span> <span class='ocrx_word' id='word_1_118' title='bbox 875 1987 934 2064; x_wconf 84' lang='grc' dir='ltr'>καὶ</span> <span class='ocrx_word' id='word_1_119' title='bbox 960 1984 1119 2066; x_wconf 77' lang='grc' dir='ltr'>ἀνέλκειν</span> <span class='ocrx_word' id='word_1_120' title='bbox 1137 1983 1225 2064; x_wconf 82' lang='grc' dir='ltr'>αὐτὸ</span> <span class='ocrx_word' id='word_1_121' title='bbox 1242 1984 1366 2084; x_wconf 81' lang='grc' dir='ltr'>μηκέτι</span> <span class='ocrx_word' id='word_1_122' title='bbox 1390 1985 1519 2090; x_wconf 75' lang='grc' dir='ltr'>ῥαδίως</span> 
     </span>
     <span class='ocr_line' id='line_1_15' title="bbox 321 2102 1519 2211; baseline 0.002 -25"><span class='ocrx_word' id='word_1_123' title='bbox 321 2105 498 2188; x_wconf 89' lang='grc' dir='ltr'>δύνασθαι</span> <span class='ocrx_word' id='word_1_124' title='bbox 515 2102 597 2190; x_wconf 87' lang='grc' dir='ltr'>τοῦς</span> <span class='ocrx_word' id='word_1_125' title='bbox 615 2105 790 2207; x_wconf 87' lang='grc' dir='ltr'>μαθητάς.</span> <span class='ocrx_word' id='word_1_126' title='bbox 825 2111 1058 2211; x_wconf 82' lang='grc' dir='ltr'>ἀναρίθμητοι</span> <span class='ocrx_word' id='word_1_127' title='bbox 1074 2107 1147 2211; x_wconf 87' lang='grc' dir='ltr'>γάρ</span> <span class='ocrx_word' id='word_1_128' title='bbox 1165 2113 1199 2188; x_wconf 84' lang='grc' dir='ltr'>οἱ</span> <span class='ocrx_word' id='word_1_129' title='bbox 1216 2107 1519 2211; x_wconf 76' lang='grc' dir='ltr'>σεσαγηνευμένοι</span> 
     </span>
    </p>

    <p class='ocr_par' dir='ltr' id='par_1_5' title="bbox 151 2229 1574 2712">
     <span class='ocr_line' id='line_1_16' title="bbox 151 2229 1574 2335; baseline 0.008 -29"><span class='ocrx_word' id='word_1_130' title='bbox 151 2247 224 2306; x_wconf 80' lang='lat'>1110</span> <span class='ocrx_word' id='word_1_131' title='bbox 235 2248 275 2308; x_wconf 82' lang='grc' dir='ltr'>Δ.</span> <span class='ocrx_word' id='word_1_132' title='bbox 291 2233 380 2311; x_wconf 73' lang='grc' dir='ltr'>ικαὶ</span> <span class='ocrx_word' id='word_1_133' title='bbox 409 2230 680 2327; x_wconf 89' lang='grc' dir='ltr'>πιστεύσαντες,</span> <span class='ocrx_word' id='word_1_134' title='bbox 710 2236 768 2312; x_wconf 85' lang='grc' dir='ltr'>καί</span> <span class='ocrx_word' id='word_1_135' title='bbox 799 2236 863 2331; x_wconf 80' lang='grc' dir='ltr'>τῆς</span> <span class='ocrx_word' id='word_1_136' title='bbox 895 2239 967 2314; x_wconf 86' lang='grc' dir='ltr'>τῦν</span> <span class='ocrx_word' id='word_1_137' title='bbox 999 2235 1111 2335; x_wconf 83' lang='grc' dir='ltr'>ἁγίων</span> <span class='ocrx_word' id='word_1_138' title='bbox 1140 2229 1360 2312; x_wconf 82' lang='grc' dir='ltr'>ἀποστόλων</span> <span class='ocrx_word' id='word_1_139' title='bbox 1392 2230 1519 2334; x_wconf 90' lang='grc' dir='ltr'>ίσχύος</span> <span class='ocrx_word' id='word_1_140' title='bbox 1535 2269 1574 2330; x_wconf 84' lang='lat'>¹5</span> 
     </span>
     <span class='ocr_line' id='line_1_17' title="bbox 320 2352 1521 2463; baseline -0.001 -27"><span class='ocrx_word' id='word_1_141' title='bbox 320 2352 439 2460; x_wconf 78' lang='grc' dir='ltr'>μεῖζόν</span> <span class='ocrx_word' id='word_1_142' title='bbox 460 2389 499 2436; x_wconf 92' lang='grc' dir='ltr'>τε</span> <span class='ocrx_word' id='word_1_143' title='bbox 522 2355 590 2456; x_wconf 80' lang='grc' dir='ltr'>ἤδη</span> <span class='ocrx_word' id='word_1_144' title='bbox 615 2359 673 2436; x_wconf 83' lang='grc' dir='ltr'>καί</span> <span class='ocrx_word' id='word_1_145' title='bbox 695 2358 908 2459; x_wconf 88' lang='grc' dir='ltr'>ῦπερτεροῦν</span> <span class='ocrx_word' id='word_1_146' title='bbox 933 2357 1078 2456; x_wconf 84' lang='grc' dir='ltr'>ἀληθῶς</span> <span class='ocrx_word' id='word_1_147' title='bbox 1105 2353 1147 2437; x_wconf 82' lang='grc' dir='ltr'>τῦ</span> <span class='ocrx_word' id='word_1_148' title='bbox 1175 2358 1233 2438; x_wconf 87' lang='grc' dir='ltr'>ε’πὶ</span> <span class='ocrx_word' id='word_1_149' title='bbox 1261 2354 1376 2463; x_wconf 85' lang='grc' dir='ltr'>τούτῳ</span> <span class='ocrx_word' id='word_1_150' title='bbox 1400 2362 1521 2451; x_wconf 87' lang='grc' dir='ltr'>θαῦμα</span> 
     </span>
     <span class='ocr_line' id='line_1_18' title="bbox 322 2478 1520 2590; baseline -0.002 -30"><span class='ocrx_word' id='word_1_151' title='bbox 322 2480 496 2586; x_wconf 79' lang='grc' dir='ltr'>φαίνεται.</span> <span class='ocrx_word' id='word_1_152' title='bbox 526 2484 691 2582; x_wconf 88' lang='grc' dir='ltr'>Χριστοῦ</span> <span class='ocrx_word' id='word_1_153' title='bbox 709 2479 779 2584; x_wconf 88' lang='grc' dir='ltr'>γιίρ</span> <span class='ocrx_word' id='word_1_154' title='bbox 795 2483 896 2562; x_wconf 85' lang='grc' dir='ltr'>ε’στιν</span> <span class='ocrx_word' id='word_1_155' title='bbox 914 2481 936 2582; x_wconf 84' lang='grc' dir='ltr'><strong><em>ἡ</em></strong></span> <span class='ocrx_word' id='word_1_156' title='bbox 954 2481 1117 2586; x_wconf 82' lang='grc' dir='ltr'>ἐνέργεια,</span> <span class='ocrx_word' id='word_1_157' title='bbox 1135 2478 1201 2580; x_wconf 78' lang='grc' dir='ltr'>τὴν</span> <span class='ocrx_word' id='word_1_158' title='bbox 1219 2487 1291 2560; x_wconf 82' lang='grc' dir='ltr'>τῶν</span> <span class='ocrx_word' id='word_1_159' title='bbox 1308 2480 1520 2590; x_wconf 77' lang='grc' dir='ltr'>σωζομένων</span> 
     </span>
     <span class='ocr_line' id='line_1_19' title="bbox 319 2601 1515 2712; baseline -0.002 -28"><span class='ocrx_word' id='word_1_160' title='bbox 319 2601 464 2704; x_wconf 80' lang='grc' dir='ltr'>πληθύν</span> <span class='ocrx_word' id='word_1_161' title='bbox 483 2605 554 2712; x_wconf 77' lang='grc' dir='ltr'>ίδίρ</span> <span class='ocrx_word' id='word_1_162' title='bbox 572 2603 717 2704; x_wconf 78' lang='grc' dir='ltr'>δυνάμει</span> <span class='ocrx_word' id='word_1_163' title='bbox 734 2605 981 2706; x_wconf 84' lang='grc' dir='ltr'>συλλέγοντος</span> <span class='ocrx_word' id='word_1_164' title='bbox 999 2604 1159 2708; x_wconf 91' lang='grc' dir='ltr'>καθάπερ</span> <span class='ocrx_word' id='word_1_165' title='bbox 1173 2609 1220 2690; x_wconf 79' lang='grc' dir='ltr'>είς</span> <span class='ocrx_word' id='word_1_166' title='bbox 1239 2605 1340 2686; x_wconf 91' lang='grc' dir='ltr'>λίνον</span> <span class='ocrx_word' id='word_1_167' title='bbox 1353 2606 1515 2685; x_wconf 84' lang='grc' dir='ltr'>ἀποστο-</span> 
     </span>
    </p>

    <p class='ocr_par' dir='ltr' id='par_1_6' title="bbox 320 2725 925 2830">
     <span class='ocr_line' id='line_1_20' title="bbox 320 2725 925 2830; baseline 0 -23"><span class='ocrx_word' id='word_1_168' title='bbox 320 2726 425 2810; x_wconf 89' lang='grc' dir='ltr'>λικὸν</span> <span class='ocrx_word' id='word_1_169' title='bbox 442 2725 510 2827; x_wconf 75' lang='grc' dir='ltr'>τὴν</span> <span class='ocrx_word' id='word_1_170' title='bbox 528 2729 585 2809; x_wconf 77' lang='grc' dir='ltr'>ἐπὶ</span> <span class='ocrx_word' id='word_1_171' title='bbox 603 2732 671 2830; x_wconf 80' lang='grc' dir='ltr'>γῆς</span> <span class='ocrx_word' id='word_1_172' title='bbox 690 2728 925 2828; x_wconf 86' lang='grc' dir='ltr'>Ἐκκλησίαν.</span> 
     </span>
    </p>
   </div>
   <div class='ocr_carea' id='block_1_3' title="bbox 196 2967 1582 4066">
    <p class='ocr_par' dir='ltr' id='par_1_7' title="bbox 196 2967 1582 4066">
     <span class='ocr_line' id='line_1_21' title="bbox 196 2967 1582 3062; baseline 0.001 -26"><span class='ocrx_word' id='word_1_173' title='bbox 196 3030 198 3036; x_wconf 93' lang='grc'>.</span> <span class='ocrx_word' id='word_1_174' title='bbox 289 2973 409 3059; x_wconf 77' lang='grc' dir='ltr'>ηλέτει</span> <span class='ocrx_word' id='word_1_175' title='bbox 436 2967 492 3038; x_wconf 82' lang='grc' dir='ltr'>οὖν</span> <span class='ocrx_word' id='word_1_176' title='bbox 519 2971 538 3042; x_wconf 98' lang='lat'>6</span> <span class='ocrx_word' id='word_1_177' title='bbox 564 2971 712 3049; x_wconf 65' lang='grc' dir='ltr'>μοθιιτιίε</span> <span class='ocrx_word' id='word_1_178' title='bbox 738 2967 864 3038; x_wconf 75' lang='grc' dir='ltr'>ἐκείνου</span> <span class='ocrx_word' id='word_1_179' title='bbox 891 2971 928 3040; x_wconf 86' lang='grc' dir='ltr'>ὃν</span> <span class='ocrx_word' id='word_1_180' title='bbox 956 2972 1066 3047; x_wconf 72' lang='grc' dir='ltr'>τίτάπα</span> <span class='ocrx_word' id='word_1_181' title='bbox 1090 2973 1250 3040; x_wconf 77' lang='grc' dir='ltr'>ὁἸκσοῦα</span> <span class='ocrx_word' id='word_1_182' title='bbox 1272 2975 1320 3058; x_wconf 87' lang='grc' dir='ltr'>τῷ</span> <span class='ocrx_word' id='word_1_183' title='bbox 1341 2974 1458 3062; x_wconf 78' lang='grc' dir='ltr'>Πέτρῳ</span> <span class='ocrx_word' id='word_1_184' title='bbox 1473 2971 1518 3040; x_wconf 86' lang='lat'>‘0</span> <span class='ocrx_word' id='word_1_185' title='bbox 1536 2993 1582 3037; x_wconf 74' lang='grc' dir='ltr'>πο</span> 
     </span>
     <span class='ocr_line' id='line_1_22' title="bbox 374 3093 1519 3187; baseline 0.001 -25"><span class='ocrx_word' id='word_1_186' title='bbox 374 3098 483 3185; x_wconf 81' lang='grc' dir='ltr'>κίιριόο</span> <span class='ocrx_word' id='word_1_187' title='bbox 510 3096 588 3168; x_wconf 67' lang='grc' dir='ltr'>ἐστι</span> <span class='ocrx_word' id='word_1_188' title='bbox 633 3096 745 3174; x_wconf 89' lang='grc' dir='ltr'>Σίμων</span> <span class='ocrx_word' id='word_1_189' title='bbox 772 3093 829 3162; x_wconf 87' lang='grc' dir='ltr'>οὖν</span> <span class='ocrx_word' id='word_1_190' title='bbox 857 3097 982 3186; x_wconf 79' lang='grc' dir='ltr'>Πέτροα</span> <span class='ocrx_word' id='word_1_191' title='bbox 1009 3098 1151 3165; x_wconf 81' lang='grc' dir='ltr'>ἀκούσαα</span> <span class='ocrx_word' id='word_1_192' title='bbox 1178 3101 1227 3166; x_wconf 87' lang='grc' dir='ltr'>ὄτι</span> <span class='ocrx_word' id='word_1_193' title='bbox 1254 3099 1272 3166; x_wconf 93' lang='lat'>6</span> <span class='ocrx_word' id='word_1_194' title='bbox 1302 3097 1415 3187; x_wconf 68' lang='grc' dir='ltr'>Κύριός</span> <span class='ocrx_word' id='word_1_195' title='bbox 1441 3099 1519 3178; x_wconf 72' lang='grc' dir='ltr'>ἔστι,</span> 
     </span>
     <span class='ocr_line' id='line_1_23' title="bbox 372 3218 1519 3312; baseline -0.001 -23"><span class='ocrx_word' id='word_1_196' title='bbox 372 3221 429 3292; x_wconf 80' lang='grc' dir='ltr'>τὸν</span> <span class='ocrx_word' id='word_1_197' title='bbox 455 3221 634 3290; x_wconf 71' lang='grc' dir='ltr'>ἐπενδύτην</span> <span class='ocrx_word' id='word_1_198' title='bbox 662 3221 848 3312; x_wconf 74' lang='grc' dir='ltr'>διεζώσατο,</span> <span class='ocrx_word' id='word_1_199' title='bbox 875 3218 914 3288; x_wconf 80' lang='grc' dir='ltr'>ἀν</span> <span class='ocrx_word' id='word_1_200' title='bbox 942 3223 1002 3312; x_wconf 71' lang='grc' dir='ltr'>[ἀρ</span> <span class='ocrx_word' id='word_1_201' title='bbox 1029 3224 1156 3306; x_wconf 71' lang='grc' dir='ltr'>τυμνὸο,</span> <span class='ocrx_word' id='word_1_202' title='bbox 1184 3223 1236 3289; x_wconf 85' lang='grc' dir='ltr'>καί</span> <span class='ocrx_word' id='word_1_203' title='bbox 1262 3225 1378 3302; x_wconf 81' lang='grc' dir='ltr'>ἔβαλεν</span> <span class='ocrx_word' id='word_1_204' title='bbox 1402 3221 1519 3290; x_wconf 77' lang='grc' dir='ltr'>ἑαυτὸν</span> 
     </span>
     <span class='ocr_line' id='line_1_24' title="bbox 372 3345 1520 3438; baseline 0 -24"><span class='ocrx_word' id='word_1_205' title='bbox 372 3345 419 3414; x_wconf 74' lang='lat' dir='ltr'>eie</span> <span class='ocrx_word' id='word_1_206' title='bbox 440 3349 501 3414; x_wconf 78' lang='grc' dir='ltr'>τείν</span> <span class='ocrx_word' id='word_1_207' title='bbox 525 3349 700 3416; x_wconf 81' lang='grc' dir='ltr'>θάλασσαν·</span> <span class='ocrx_word' id='word_1_208' title='bbox 740 3346 770 3414; x_wconf 88' lang='grc' dir='ltr'>οί</span> <span class='ocrx_word' id='word_1_209' title='bbox 795 3348 831 3416; x_wconf 83' lang='grc' dir='ltr'>δὲ</span> <span class='ocrx_word' id='word_1_210' title='bbox 854 3349 951 3417; x_wconf 75' lang='grc' dir='ltr'>ἀλλον</span> <span class='ocrx_word' id='word_1_211' title='bbox 977 3351 1121 3426; x_wconf 71' lang='grc' dir='ltr'>μαθηταί</span> <span class='ocrx_word' id='word_1_212' title='bbox 1148 3353 1195 3436; x_wconf 84' lang='grc' dir='ltr'>τῷ</span> <span class='ocrx_word' id='word_1_213' title='bbox 1219 3349 1383 3438; x_wconf 84' lang='grc' dir='ltr'>πλοιαρίῳ</span> <span class='ocrx_word' id='word_1_214' title='bbox 1409 3345 1520 3428; x_wconf 67' lang='grc' dir='ltr'>ἦλθον,</span> 
     </span>
     <span class='ocr_line' id='line_1_25' title="bbox 374 3467 1522 3562; baseline 0 -22"><span class='ocrx_word' id='word_1_215' title='bbox 374 3473 411 3540; x_wconf 86' lang='grc' dir='ltr'>οὐ</span> <span class='ocrx_word' id='word_1_216' title='bbox 435 3473 494 3562; x_wconf 78' lang='grc' dir='ltr'>τάρ</span> <span class='ocrx_word' id='word_1_217' title='bbox 514 3467 596 3541; x_wconf 72' lang='grc' dir='ltr'>εἷσαν</span> <span class='ocrx_word' id='word_1_218' title='bbox 614 3474 742 3562; x_wconf 88' lang='grc' dir='ltr'>μακράν</span> <span class='ocrx_word' id='word_1_219' title='bbox 761 3473 826 3544; x_wconf 84' lang='grc' dir='ltr'>ἀπὸ</span> <span class='ocrx_word' id='word_1_220' title='bbox 845 3482 903 3541; x_wconf 67' lang='grc' dir='ltr'>τῆς</span> <span class='ocrx_word' id='word_1_221' title='bbox 928 3481 996 3556; x_wconf 69' lang='grc' dir='ltr'>τῆς,</span> <span class='ocrx_word' id='word_1_222' title='bbox 1014 3475 1083 3540; x_wconf 85' lang='grc' dir='ltr'>ἀλλ’</span> <span class='ocrx_word' id='word_1_223' title='bbox 1106 3475 1153 3540; x_wconf 71' lang='grc' dir='ltr'>ὡς</span> <span class='ocrx_word' id='word_1_224' title='bbox 1171 3475 1238 3541; x_wconf 84' lang='grc' dir='ltr'>ἀπὸ</span> <span class='ocrx_word' id='word_1_225' title='bbox 1260 3474 1392 3562; x_wconf 87' lang='grc' dir='ltr'>πιίχεων</span> <span class='ocrx_word' id='word_1_226' title='bbox 1411 3472 1522 3540; x_wconf 84' lang='grc' dir='ltr'>διακο-</span> 
     </span>
     <span class='ocr_line' id='line_1_26' title="bbox 373 3597 1582 3688; baseline -0.003 -22"><span class='ocrx_word' id='word_1_227' title='bbox 373 3598 464 3684; x_wconf 86' lang='grc' dir='ltr'>σίων,</span> <span class='ocrx_word' id='word_1_228' title='bbox 482 3602 634 3688; x_wconf 83' lang='grc' dir='ltr'>σύραντεο</span> <span class='ocrx_word' id='word_1_229' title='bbox 659 3599 699 3668; x_wconf 86' lang='grc' dir='ltr'>τὸ</span> <span class='ocrx_word' id='word_1_230' title='bbox 725 3598 853 3667; x_wconf 87' lang='grc' dir='ltr'>δίκτυον</span> <span class='ocrx_word' id='word_1_231' title='bbox 880 3601 948 3667; x_wconf 83' lang='grc' dir='ltr'>τῶν</span> <span class='ocrx_word' id='word_1_232' title='bbox 975 3597 1105 3688; x_wconf 84' lang='grc' dir='ltr'>ἰχθύων.</span> <span class='ocrx_word' id='word_1_233' title='bbox 1140 3601 1186 3666; x_wconf 83' lang='grc' dir='ltr'>ὡα</span> <span class='ocrx_word' id='word_1_234' title='bbox 1209 3597 1266 3666; x_wconf 83' lang='grc' dir='ltr'>οὖν</span> <span class='ocrx_word' id='word_1_235' title='bbox 1285 3601 1447 3679; x_wconf 76' lang='grc' dir='ltr'>ἐπέβασαν</span> <span class='ocrx_word' id='word_1_236' title='bbox 1466 3597 1520 3666; x_wconf 82' lang='grc' dir='ltr'>ὲπί</span> <span class='ocrx_word' id='word_1_237' title='bbox 1538 3617 1582 3678; x_wconf 80' lang='lat'>²5</span> 
     </span>
     <span class='ocr_line' id='line_1_27' title="bbox 372 3722 1523 3815; baseline -0.002 -24"><span class='ocrx_word' id='word_1_238' title='bbox 372 3722 433 3791; x_wconf 79' lang='grc' dir='ltr'>τείν</span> <span class='ocrx_word' id='word_1_239' title='bbox 464 3728 523 3800; x_wconf 76' lang='grc' dir='ltr'>τάν</span> <span class='ocrx_word' id='word_1_240' title='bbox 552 3725 724 3803; x_wconf 80' lang='grc' dir='ltr'>βλέπουσιν</span> <span class='ocrx_word' id='word_1_241' title='bbox 753 3724 934 3813; x_wconf 82' lang='grc' dir='ltr'>ἀνθρακιὰν</span> <span class='ocrx_word' id='word_1_242' title='bbox 966 3727 1117 3803; x_wconf 79' lang='grc' dir='ltr'>κειμὲνιιν</span> <span class='ocrx_word' id='word_1_243' title='bbox 1149 3725 1201 3791; x_wconf 89' lang='grc' dir='ltr'>καί</span> <span class='ocrx_word' id='word_1_244' title='bbox 1232 3726 1371 3815; x_wconf 83' lang='grc' dir='ltr'>ὀψάριον</span> <span class='ocrx_word' id='word_1_245' title='bbox 1401 3722 1523 3792; x_wconf 76' lang='grc' dir='ltr'>ἐπικεί-</span> 
     </span>
     <span class='ocr_line' id='line_1_28' title="bbox 372 3845 1521 3938; baseline 0 -22"><span class='ocrx_word' id='word_1_246' title='bbox 372 3871 470 3928; x_wconf 83' lang='grc' dir='ltr'>μενον</span> <span class='ocrx_word' id='word_1_247' title='bbox 498 3849 552 3914; x_wconf 88' lang='grc' dir='ltr'>καί</span> <span class='ocrx_word' id='word_1_248' title='bbox 575 3849 684 3938; x_wconf 89' lang='grc' dir='ltr'>ἀρτον·</span> <span class='ocrx_word' id='word_1_249' title='bbox 722 3849 775 3914; x_wconf 90' lang='grc' dir='ltr'>καί</span> <span class='ocrx_word' id='word_1_250' title='bbox 802 3850 890 3927; x_wconf 78' lang='grc' dir='ltr'>λὲτει</span> <span class='ocrx_word' id='word_1_251' title='bbox 916 3845 1027 3917; x_wconf 81' lang='grc' dir='ltr'>αὐτοῖς</span> <span class='ocrx_word' id='word_1_252' title='bbox 1054 3851 1071 3916; x_wconf 92' lang='lat'>6</span> <span class='ocrx_word' id='word_1_253' title='bbox 1095 3850 1221 3916; x_wconf 81' lang='grc' dir='ltr'>Ἰιισοῦο</span> <span class='ocrx_word' id='word_1_254' title='bbox 1249 3849 1425 3925; x_wconf 80' lang='grc' dir='ltr'>Ἐνὲτκατε</span> <span class='ocrx_word' id='word_1_255' title='bbox 1453 3849 1521 3916; x_wconf 87' lang='grc' dir='ltr'>ἀπὸ</span> 
     </span>
     <span class='ocr_line' id='line_1_29' title="bbox 371 3972 1522 4066; baseline -0.003 -23"><span class='ocrx_word' id='word_1_256' title='bbox 371 3974 438 4043; x_wconf 83' lang='grc' dir='ltr'>τῶν</span> <span class='ocrx_word' id='word_1_257' title='bbox 463 3974 614 4063; x_wconf 79' lang='grc' dir='ltr'>ὀψαρίων</span> <span class='ocrx_word' id='word_1_258' title='bbox 637 3972 684 4042; x_wconf 83' lang='grc' dir='ltr'>ὧν</span> <span class='ocrx_word' id='word_1_259' title='bbox 703 3976 861 4044; x_wconf 83' lang='grc' dir='ltr'>ἐπιάσατε</span> <span class='ocrx_word' id='word_1_260' title='bbox 886 3979 950 4043; x_wconf 79' lang='grc' dir='ltr'>νῦν.</span> <span class='ocrx_word' id='word_1_261' title='bbox 984 3976 1085 4054; x_wconf 75' lang='grc' dir='ltr'>ἀνέβα</span> <span class='ocrx_word' id='word_1_262' title='bbox 1108 3973 1164 4042; x_wconf 84' lang='grc' dir='ltr'>οὖν</span> <span class='ocrx_word' id='word_1_263' title='bbox 1182 3974 1294 4053; x_wconf 87' lang='grc' dir='ltr'>Σίμων</span> <span class='ocrx_word' id='word_1_264' title='bbox 1318 3976 1443 4066; x_wconf 69' lang='grc' dir='ltr'>Πέτρου</span> <span class='ocrx_word' id='word_1_265' title='bbox 1468 3976 1522 4040; x_wconf 90' lang='grc' dir='ltr'>καί</span> 
     </span>
    </p>
   </div>
   <div class='ocr_carea' id='block_1_4' title="bbox 323 4229 1521 4374">
    <p class='ocr_par' dir='ltr' id='par_1_8' title="bbox 323 4229 1521 4374">
     <span class='ocr_line' id='line_1_30' title="bbox 356 4229 1521 4306; baseline 0.001 -19"><span class='ocrx_word' id='word_1_266' title='bbox 356 4247 383 4300; x_wconf 79' lang='grc'>5.</span> <span class='ocrx_word' id='word_1_267' title='bbox 401 4229 516 4306; x_wconf 68' lang='grc' dir='ltr'>δίκαιον]</span> <span class='ocrx_word' id='word_1_268' title='bbox 534 4239 561 4296; x_wconf 82' lang='lat'>÷</span> <span class='ocrx_word' id='word_1_269' title='bbox 576 4231 813 4306; x_wconf 76' lang='grc' dir='ltr'>σαγηνεύουσιγάρ</span> <span class='ocrx_word' id='word_1_270' title='bbox 828 4231 964 4304; x_wconf 71' lang='lat' dir='ltr'>(oxinfn)</span> <span class='ocrx_word' id='word_1_271' title='bbox 978 4230 1011 4286; x_wconf 83' lang='lat' dir='ltr'>E.</span> <span class='ocrx_word' id='word_1_272' title='bbox 1074 4229 1101 4287; x_wconf 87' lang='lat'>6.</span> <span class='ocrx_word' id='word_1_273' title='bbox 1117 4233 1159 4288; x_wconf 86' lang='grc' dir='ltr'>καί</span> <span class='ocrx_word' id='word_1_274' title='bbox 1171 4249 1225 4288; x_wconf 85' lang='lat' dir='ltr'>om.</span> <span class='ocrx_word' id='word_1_275' title='bbox 1239 4233 1272 4288; x_wconf 80' lang='grc' dir='ltr'>Ε.</span> <span class='ocrx_word' id='word_1_276' title='bbox 1334 4231 1360 4286; x_wconf 87' lang='grc'>8.</span> <span class='ocrx_word' id='word_1_277' title='bbox 1378 4230 1473 4302; x_wconf 67' lang='grc' dir='ltr'>ἐξῆλθε</span> <span class='ocrx_word' id='word_1_278' title='bbox 1486 4230 1521 4288; x_wconf 82' lang='grc' dir='ltr'>Ε.</span> 
     </span>
     <span class='ocr_line' id='line_1_31' title="bbox 323 4299 1521 4374; baseline 0.001 -18"><span class='ocrx_word' id='word_1_279' title='bbox 323 4317 365 4356; x_wconf 85' lang='lat'>11.</span> <span class='ocrx_word' id='word_1_280' title='bbox 384 4303 493 4374; x_wconf 74' lang='grc' dir='ltr'>τίνογγελ</span> <span class='ocrx_word' id='word_1_281' title='bbox 523 4303 626 4374; x_wconf 81' lang='grc' dir='ltr'>“τ(ρι·α</span> <span class='ocrx_word' id='word_1_282' title='bbox 639 4302 774 4374; x_wconf 82' lang='grc' dir='ltr'>αιοτε)Ε.</span> <span class='ocrx_word' id='word_1_283' title='bbox 901 4318 942 4356; x_wconf 81' lang='grc' dir='ltr'>ιο.</span> <span class='ocrx_word' id='word_1_284' title='bbox 961 4299 1065 4356; x_wconf 77' lang='grc' dir='ltr'>δικτύου</span> <span class='ocrx_word' id='word_1_285' title='bbox 1078 4303 1111 4357; x_wconf 87' lang='grc' dir='ltr'>Ε.</span> <span class='ocrx_word' id='word_1_286' title='bbox 1237 4305 1279 4359; x_wconf 89' lang='lat'>18.</span> <span class='ocrx_word' id='word_1_287' title='bbox 1297 4301 1521 4358; x_wconf 81' lang='grc' dir='ltr'>ἀποστολικὸνΕ.</span> 
     </span>
    </p>
   </div>
   <div class='ocr_carea' id='block_1_5' title="bbox 319 4369 1522 4482">
    <p class='ocr_par' dir='ltr' id='par_1_9' title="bbox 319 4369 1522 4482">
     <span class='ocr_line' id='line_1_32' title="bbox 319 4369 1522 4482; baseline 0 -54"><span class='ocrx_word' id='word_1_288' title='bbox 319 4369 497 4443; x_wconf 75' lang='grc' dir='ltr'>ἀποστολικην</span> <span class='ocrx_word' id='word_1_289' title='bbox 534 4372 561 4428; x_wconf 86' lang='lat' dir='ltr'>d.</span> <span class='ocrx_word' id='word_1_290' title='bbox 736 4390 780 4429; x_wconf 77' lang='grc' dir='ltr'>τι.</span> <span class='ocrx_word' id='word_1_291' title='bbox 798 4376 1039 4482; x_wconf 43' lang='lat' dir='ltr'>mmmm&amp;</span> <span class='ocrx_word' id='word_1_292' title='bbox 1053 4371 1085 4427; x_wconf 83' lang='grc' dir='ltr'>Ε.</span> <span class='ocrx_word' id='word_1_293' title='bbox 1264 4387 1308 4444; x_wconf 86' lang='lat'>25.</span> <span class='ocrx_word' id='word_1_294' title='bbox 1325 4395 1369 4445; x_wconf 88' lang='grc' dir='ltr'>γρ.</span> <span class='ocrx_word' id='word_1_295' title='bbox 1382 4373 1522 4440; x_wconf 79' lang='grc' dir='ltr'>ἀπέβησαν</span> 
     </span>
    </p>
   </div>
   <div class='ocr_carea' id='block_1_6' title="bbox 318 4487 1521 4635">
    <p class='ocr_par' dir='ltr' id='par_1_10' title="bbox 318 4487 1521 4635">
     <span class='ocr_line' id='line_1_33' title="bbox 318 4487 1521 4563; baseline 0.005 -19"><span class='ocrx_word' id='word_1_296' title='bbox 318 4487 423 4546; x_wconf 70' lang='lat' dir='ltr'>rubrio·</span> <span class='ocrx_word' id='word_1_297' title='bbox 436 4489 457 4545; x_wconf 84' lang='lat' dir='ltr'>F</span> <span class='ocrx_word' id='word_1_298' title='bbox 468 4508 523 4563; x_wconf 73' lang='lat' dir='ltr'>mg.</span> <span class='ocrx_word' id='word_1_299' title='bbox 696 4493 737 4548; x_wconf 82' lang='lat'>28.</span> <span class='ocrx_word' id='word_1_300' title='bbox 755 4492 834 4563; x_wconf 80' lang='grc' dir='ltr'>ἀνέβη</span> <span class='ocrx_word' id='word_1_301' title='bbox 847 4493 880 4550; x_wconf 81' lang='grc' dir='ltr'>Ε.</span> <span class='ocrx_word' id='word_1_302' title='bbox 893 4492 969 4560; x_wconf 77' lang='grc' dir='ltr'>ίνίβη</span> <span class='ocrx_word' id='word_1_303' title='bbox 983 4492 1012 4548; x_wconf 83' lang='lat' dir='ltr'>F.</span> <span class='ocrx_word' id='word_1_304' title='bbox 1024 4489 1099 4559; x_wconf 81' lang='grc' dir='ltr'>ίνίβη</span> <span class='ocrx_word' id='word_1_305' title='bbox 1112 4489 1174 4554; x_wconf 87' lang='grc' dir='ltr'>Εά.,</span> <span class='ocrx_word' id='word_1_306' title='bbox 1186 4509 1236 4546; x_wconf 73' lang='lat' dir='ltr'>nec</span> <span class='ocrx_word' id='word_1_307' title='bbox 1248 4490 1327 4562; x_wconf 87' lang='grc' dir='ltr'>ἀνίβη</span> <span class='ocrx_word' id='word_1_308' title='bbox 1340 4494 1396 4549; x_wconf 75' lang='grc' dir='ltr'>εἰπε</span> <span class='ocrx_word' id='word_1_309' title='bbox 1413 4489 1521 4550; x_wconf 80' lang='lat' dir='ltr'>dubita-</span> 
     </span>
     <span class='ocr_line' id='line_1_34' title="bbox 319 4559 1431 4635; baseline 0.005 -23"><span class='ocrx_word' id='word_1_310' title='bbox 319 4559 391 4614; x_wconf 79' lang='lat' dir='ltr'>tione</span> <span class='ocrx_word' id='word_1_311' title='bbox 403 4559 473 4616; x_wconf 85' lang='lat' dir='ltr'>edidi</span> <span class='ocrx_word' id='word_1_312' title='bbox 486 4563 551 4632; x_wconf 81' lang='grc' dir='ltr'>ίριε.</span> <span class='ocrx_word' id='word_1_313' title='bbox 588 4561 684 4618; x_wconf 73' lang='grc' dir='ltr'>διετίαν</span> <span class='ocrx_word' id='word_1_314' title='bbox 696 4561 742 4620; x_wconf 73' lang='grc' dir='ltr'>οὖν</span> <span class='ocrx_word' id='word_1_315' title='bbox 754 4564 940 4635; x_wconf 69' lang='lat' dir='ltr'>suprascripsit</span> <span class='ocrx_word' id='word_1_316' title='bbox 953 4562 982 4617; x_wconf 83' lang='lat' dir='ltr'>F.</span> <span class='ocrx_word' id='word_1_317' title='bbox 1019 4560 1084 4616; x_wconf 83' lang='grc' dir='ltr'>Ροει</span> <span class='ocrx_word' id='word_1_318' title='bbox 1095 4561 1147 4616; x_wconf 88' lang='lat' dir='ltr'>hoc</span> <span class='ocrx_word' id='word_1_319' title='bbox 1159 4561 1271 4618; x_wconf 81' lang='lat' dir='ltr'>verbum</span> <span class='ocrx_word' id='word_1_320' title='bbox 1284 4566 1299 4617; x_wconf 80' lang='grc' dir='ltr'><strong><em>ὁ</em></strong></span> <span class='ocrx_word' id='word_1_321' title='bbox 1311 4563 1385 4618; x_wconf 78' lang='lat' dir='ltr'><strong>addit</strong></span> <span class='ocrx_word' id='word_1_322' title='bbox 1397 4563 1431 4618; x_wconf 80' lang='grc' dir='ltr'>Β.</span> 
     </span>
    </p>
   </div>
   <div class='ocr_carea' id='block_1_7' title="bbox 0 0 1654 5138">
    <p class='ocr_par' dir='ltr' id='par_1_11' title="bbox 0 0 1654 5138">
     <span class='ocr_line' id='line_1_35' title="bbox 0 0 1654 5138; baseline 0 0"><span class='ocrx_word' id='word_1_323' title='bbox 0 0 1654 5138; x_wconf 95' lang='lat' dir='ltr'> </span> 
     </span>
    </p>
   </div>
  </div>
 </body>
</html>
