3284 5130
124 359 338 446 ἡκαθαμ
418 361 476 428 IN
507 359 1066 428 &JOANNEM.IdB.XH.
1298 369 1338 431 91

124 525 230 632 πρὸς
255 527 389 613 ε’ννοίας
413 525 675 629 ἀσθενεστέρας
701 526 920 632 ῦτρυφερὸς
942 535 1006 607 τοῦ
1034 529 1181 630 γυναίου
1207 563 1341 634 συνηρ-

124 651 271 755 πιίζετο
299 660 407 748 νοῦς;
438 654 495 732 καὶ
514 648 628 731 ταῦτά
647 656 765 757 φαμεν
783 650 824 730 ού
847 650 1195 757 καταστοχαζόμενοι
1213 654 1340 755 μύτην,

128 779 189 860 ὡς
217 776 263 855 ἀν
288 811 340 883 τερ
368 775 500 876 δοκοίη,
530 776 615 854 ἀλλ’
643 776 683 855 ἐκ
712 780 784 853 τῶν
806 774 1062 878 γεγραμμένων
1085 779 1166 880 περὶ
1191 782 1255 877 τῆς
1276 786 1342 858 τοῦ

129 899 277 1002 Κυρίου
307 896 443 1004 μητρὸς
480 897 592 983 ίόντες
623 903 672 983 εἰς
705 899 876 1006 ῦποφίας.
930 897 1138 1001 μεμνήμεθα
1175 898 1247 1004 γὰρ
1285 901 1340 982 ὅτι

92 1020 279 1123 5Σιμεῦιν
305 1024 326 1103 ὁ
353 1023 496 1122 δίκαιος,
527 1021 586 1103 ὅτε
618 1023 756 1128 βρέφος
784 1021 872 1103 ὅντα
900 1020 964 1103 τόν
993 1025 1128 1127 Κύριον
1161 1035 1183 1072 “
1196 1029 1244 1108 εἰς
1274 1023 1339 1109 τὰς
1385 1049 1484 1129 ηοω.

129 1158 156 1194 “
177 1146 344 1249 ἀγκάλας
362 1146 537 1254 ἐδέξατο,”
563 1143 714 1226 κατὰτὸ
733 1146 1338 1254 γεγραμμένον,προευχαριστήσας
1383 1116 1463 1168 Μ’

130 1273 197 1351 καὶ
221 1272 331 1352 είπιύν
355 1283 378 1320 “
392 1276 472 1352 Νῦν
489 1268 659 1354 ἀπολύεις
684 1267 749 1351 τὸν
772 1268 903 1352 δοῦλόν
927 1304 1008 1369 σου,
1034 1269 1220 1363 Δέσποτα,
1246 1271 1337 1352 κατὰ
1383 1268 1425 1398 ἐξ
1439 1282 1479 1336 ’9’

131 1405 158 1444 “
178 1394 221 1475 τὸ
249 1395 351 1500 ῥῆμοί
379 1428 449 1476 σου
476 1395 513 1474 έν
546 1394 677 1500 εἰρήνη,
706 1392 760 1474 ότι
790 1390 883 1475 εἶδον
917 1399 949 1474 οἱ
976 1394 1166 1500 ὀφθαλμοί
1192 1429 1263 1494 μου
1294 1394 1371 1477 τόδ

133 1529 160 1566 “
180 1516 361 1622 σωτήριόν
387 1520 489 1618 σου,”
519 1521 577 1599 καὶ
604 1516 696 1622 πρὸς
723 1515 834 1618 αύτήν
853 1517 924 1623 ἔφη
953 1515 1020 1618 τήν
1036 1516 1143 1620 ἁγίαν
1160 1518 1339 1623 παρθένον

81 1671 122 1711 ¹0
136 1652 160 1689 ‘⁶
179 1640 275 1723 Ἰδοῦ
301 1643 406 1728 οὗτος
432 1650 542 1723 κεῖται
570 1647 618 1726 εἷς
642 1647 785 1723 πτῶσιν
810 1645 867 1721 καὶ
896 1641 1102 1722 ἀνάστασιν
1124 1648 1277 1722 πολλῶν
1302 1645 1340 1722 ἐν
1384 1655 1479 1726 lb·342

135 1776 161 1812 “
177 1771 230 1871 τῷ
256 1764 423 1869 Ἰσραὴλ,
453 1771 511 1846 καὶ
540 1772 588 1849 είς
617 1771 767 1865 σημεῖον
794 1763 1081 1868 ἀντιλεγόμενον·
1121 1770 1180 1846 καὶ
1207 1774 1278 1846 σοῦ
1300 1764 1339 1847 δὲ
1385 1737 1425 1790 ³⁵⁸

137 1899 161 1936 “
178 1890 289 1989 αὐτῆς
306 1888 373 1990 τήν
397 1889 524 1995 φυχήν
546 1887 766 1969 διελεύσεται
791 1890 966 1995 ῥομφαία·
1000 1889 1098 1975 ὅπως
1127 1888 1172 1970 ἀν
1197 1892 1334 1970 ἀποκα·

137 2025 160 2062 “
180 2019 374 2120 λυφθιῦσιν
402 2016 442 2094 ε’κ
473 2020 627 2095 πολλῶν
658 2015 812 2116 καρδιῶν
845 2011 1114 2116 διαλογισμοί.”
1155 2013 1340 2120 ῥομφαίαν
1384 2051 1478 2143 Pioph

137 2135 211 2241 γὰρ
245 2135 350 2240 ἔλεγε
382 2136 448 2239 τὴν
480 2138 599 2245 ὀξεῖαν
628 2145 692 2217 τοῦ
724 2136 861 2221 πόθους
897 2133 1117 2240 προσβολὴν
1148 2134 1239 2240 πρὸς
1268 2146 1337 2216 λο·
1386 2153 1468 2212 ⁷9²⁸·

87 2259 294 2362 ι5γισμοῦς
330 2257 499 2348 ἐκτύπους
533 2261 827 2361 κατατέμνουσαν
860 2269 924 2342 τοῦ
961 2259 1108 2364 γυναίου
1144 2259 1208 2341 τὸν
1239 2269 1336 2342 νοῦν.

137 2382 369 2487 δοκιμάζουσι
396 2383 469 2488 γὰρ
487 2389 519 2465 οἱ
547 2386 742 2489 πειρασμοὶ
769 2383 835 2470 τάς
851 2391 925 2465 τῶν
942 2382 1163 2489 πασχόντων
1182 2383 1339 2488 καρδίας,

136 2512 196 2589 καὶ
214 2507 298 2594 τοῦς
316 2508 457 2593 ε’νόντας
476 2510 597 2594 αύταῖς
616 2512 868 2612 ἀπογυμνοῦσι
885 2509 1096 2610 λογισμούς.
1351 2521 1369 2566 ⁰

133 2735 264 2802 Ἰιισοῡι
295 2731 352 2800 οὖν
379 2731 459 2800 ἰδὼν
486 2734 546 2800 τῦν
574 2734 701 2825 μιιτὲρα
733 2733 786 2800 καί
814 2757 871 2800 τον
898 2731 1049 2812 μαθιιτῦν
1075 2730 1272 2822 παρεστῶτα
1298 2731 1389 2801 δνιό

191 2860 313 2941 ιἰι-ἁιια,
343 2860 432 2934 λέτει
462 2865 503 2950 τῇ
535 2859 632 2950 ματρί
667 2859 773 2941 Γύναι,
806 2855 856 2925 ἴδε
888 2862 906 2928 ὀ
938 2855 1006 2926 υἰόα
1038 2879 1107 2927 σου.
1147 2849 1218 2923 εἶτα
1250 2856 1389 2951 λέγειν,

86 3028 125 3070 ,0
190 2989 240 3072 τῷ
271 2990 400 3076 μαυιιτξι
427 2985 494 3051 Ἴδε
525 2986 544 3051 ύι
575 2985 684 3077 μύτιιρ
717 3008 785 3055 σου.
823 2984 873 3051 καὶ
904 2984 959 3051 ἀπ’
996 2980 1123 3050 ὲκείνας
1153 2989 1211 3048 τῆς
1247 2983 1339 3071 ὥρας

188 3112 306 3191 ἔλαβεν
332 3112 351 3182 ὁ
379 3111 529 3188 μαθιιτιὶε
555 3111 658 3177 αὐτὴν
685 3107 732 3176 εἰς
758 3111 798 3178 τὰ
826 3106 905 3177 ἴδια.

201 3257 408 3364 Προενόησε
430 3264 494 3360 τῆς
515 3257 661 3363 μητρὸς,
679 3257 871 3361 ἀλογήσας
892 3255 1016 3359 ὥσπερ
1034 3260 1099 3356 τῆς
1116 3264 1182 3337 τοῦ
1202 3253 1340 3337 πάθους

137 3387 268 3484 ἀκμῆς·
308 3381 353 3484 ἦν
383 3383 457 3488 γῦρ
490 3386 548 3464 καὶ
580 3383 736 3489 πάσχων
767 3381 921 3482 ἀπαθής.
962 3379 1190 3484 παραδίδωσι
1219 3378 1258 3459 δὲ
1288 3381 1374 3486 τῷᾶ

137 3506 357 3616 ἠγαπημένῳ
369 3512 523 3612 μαθητῇ,
537 3504 705 3607 Ἰωάννης
722 3505 760 3587 δὲ
777 3506 880 3590 οὗτος
896 3501 942 3605 ἦν
961 3506 981 3586 ὁ
1000 3513 1064 3586 τοῦ
1080 3505 1230 3600 βιβλίου
1247 3537 1339 3604 συγ-

86 3675 123 3736 ²5
138 3632 310 3738 γραφεύς,
329 3631 479 3733 ἀπάγειν
508 3629 546 3711 δὲ
572 3630 689 3712 οἶκαδε
718 3628 863 3727 κελεύει,
883 3631 940 3709 καὶ
969 3630 1007 3708 ε’ν
1032 3627 1133 3734 τάξει
1159 3631 1339 3707 ποιεῖσθαι

136 3753 285 3860 μητρός,
311 3757 402 3860 αὐτῇ
428 3789 467 3835 τε
495 3755 540 3834 αῦ
566 3753 679 3836 πόλιν
706 3755 898 3862 παρεγγυᾷ
925 3749 989 3834 τόν
1019 3750 1171 3855 γνήσιον
1202 3748 1340 3830 οἴεσθαι

136 3878 303 3982 μαθητήν
314 3875 415 3959 οῦδὲν
433 3879 551 3981 ἕτερον
570 3876 741 3982 ύποίρχειν
759 3876 782 3978 ἢ
801 3885 849 3964 εἷς
863 3876 939 3958 υἱὸν
952 3880 1108 3976 ἀληθῶς,
1125 3874 1183 3954 διὰ
1197 3878 1340 3981 φειδοῦς

136 4001 307 4105 δηλονότι
332 4004 390 4083 καὶ
413 4003 688 4110 φιλοστοργίας,
711 3997 778 4099 τήν
801 4009 867 4083 τοῦ
893 3999 984 4082 κατὰ
1009 3998 1123 4106 φύσιν
1143 4003 1218 4078 υἱοῦ
1236 4004 1335 4095 πλη-

136 4127 272 4233 ροῦντοί
289 4161 327 4208 τε
345 4128 404 4206 καὶ
423 4124 711 4226 ἀπομιμούμενον
728 4125 863 4229 χρείαν.

83 4274 124 4334 30
194 4250 303 4332 Ἀλλ’
341 4247 467 4353 ὥσπερ
503 4249 676 4357 ᾠήθησαν
712 4255 786 4329 τιῦν
815 4247 999 4328 ἀσυνέτων
1036 4243 1126 4330 τινές
1152 4240 1252 4346 'Apa
1288 4239 1338 4342 μή

139 4372 421 4485 φιλοσαρκήσας
448 4376 548 4453 ταυτὶ
576 4370 691 4474 δήπου
720 4373 835 4479 φησὶν
860 4372 880 4451 ὁ
902 4367 1089 4474 Χριστός,
1128 4367 1247 4471 ἀπαγε
1275 4370 1340 4467 τῆς

175 4547 202 4596 4.
220 4525 337 4599 ὑποψίας
349 4525 382 4583 Ε.
394 4526 513 4598 ιἰποψίον
525 4524 576 4582 Ed.
764 4537 808 4596 25.
825 4523 950 4594 ποιήσθαι
963 4522 997 4578 Ε.
1187 4533 1230 4592 27.
1249 4518 1286 4578 είς
1298 4535 1341 4573 as·

140 4609 281 4671 sumptum
293 4616 326 4654 u
338 4597 371 4654 E.

715 4696 737 4741 N
755 4696 774 4744 2
