3280 5142
288 327 332 392 70
589 326 630 392 B.
655 325 864 392 OYRILLI
895 327 1191 394 ALEXANDR.
1355 330 1421 395 xix.
1440 349 1493 394 10.

288 489 468 600 ἀφορμὴν,
486 495 535 575 εἰς
563 489 651 571 αὐτὸ
676 494 904 572 διεπταῖσθαι
927 493 1096 595 λε’γοντες
1120 491 1164 573 τὸ
1191 497 1287 574 θεῖον
1305 493 1348 575 τὸ
1373 495 1491 600 ἐγχεί-

287 651 385 720 ρημα
409 621 461 724 τῷ
479 620 645 724 Χριστῷ·
677 615 697 695 5
715 615 837 716 δὲτὴν
853 624 919 697 τοῦ
935 616 1148 721 πράγματος
1171 616 1363 724 ὑπεροχὴν,
1383 618 1492 698 εύλο·

287 741 388 836 βείας
413 746 564 820 ποιεῖται
588 736 813 842 προσθήκην,
832 742 891 820 καὶ
917 741 1183 846 φορτικωτεραν
1205 741 1345 847 δέχεται
1369 738 1437 842 τὴν
1454 744 1496 822 εἰς

289 872 355 944 τοῦ
390 865 555 963 δείματος
589 861 752 963 ἀπειλὴν,
783 860 935 966 ἀκριβής
966 898 1006 945 τε
1040 866 1177 966 γίνεται
1210 869 1292 969 περὶ
1328 863 1438 947 αύτδν
1469 862 1494 965 ἢ

122 986 465 1092 105οΔ.οπρύτερον
491 986 548 1089 ἦν,
573 990 632 1068 καὶ
660 992 902 1094 φιλοπευπεῖ
925 988 1153 1093 λεπτότερον,
1181 991 1234 1074 τίς
1263 989 1307 1091 δὴ
1336 989 1407 1092 ἀρα
1433 991 1529 1070 καὶὸ

290 1109 385 1193 πίθεν
414 1113 525 1209 ἐστὶν,
556 1113 621 1192 οὐκ
652 1109 872 1212 ἀπιστήσας,
902 1111 950 1195 ὥς
979 1146 1022 1212 γε
1049 1148 1110 1213 μοι
1145 1114 1319 1219 φαίνεται,
1349 1113 1405 1194 δτι
1434 1117 1495 1195 καὶ
1628 1166 1634 1277 Ι

290 1226 478 1339 ἀνθρωπος
505 1233 565 1334 ὧν,
584 1233 658 1320 υἱὸς
685 1230 772 1315 εἶναι
801 1235 949 1315 δύναται
975 1240 1084 1317 Θεοῦ.
1124 1237 1264 1342 δέχεται
1291 1237 1405 1340 γεμὴν
1426 1236 1496 1338 τὴν

290 1362 348 1441 ε’πὶ
369 1360 484 1469 πούτιρ
507 1359 684 1464 διάληψίν
701 1393 740 1438 τε
766 1360 824 1438 καὶ
848 1360 985 1458 πίστιν,
1004 1359 1068 1439 ούκ
1094 1362 1133 1440 εἰς
1158 1367 1233 1440 τῶν
1253 1365 1355 1464 ἱερῶν
1372 1394 1492 1464 γραμ-

290 1483 425 1584 μάτων,
444 1485 529 1564 ἀλλ’
548 1486 588 1563 ἐκ
609 1480 751 1582 πλάνης
768 1484 1002 1582 Ἑλληνικῆς
1031 1482 1196 1583 ἡμιθέους
1222 1483 1295 1589 γάρ
1319 1487 1378 1565 καὶ
1404 1491 1496 1600 θεῶν

292 1618 448 1690 καλοῦσι
476 1613 607 1693 παῖδας
633 1611 668 1686 οἱ
690 1607 774 1709 παρ’
793 1602 962 1706 Ἕλλησι
985 1613 1093 1704 μῦθοι
1117 1609 1291 1694 πολλούς.
1322 1610 1495 1710 Ῥωμαῖοι
1514 1653 1555 1695 ιο

291 1732 330 1813 δὲ
356 1732 470 1815 πάλιν
497 1727 865 1833 δεισιδαιμονέστερύν
892 1765 970 1814 πως
1001 1729 1046 1810 πά
1074 1740 1220 1813 τοιαῦτα
1248 1739 1412 1836 δρῶντες,
1441 1736 1495 1814 ἀεὶ

290 1855 357 1957 τὴν
385 1855 483 1937 θείαν
507 1855 709 1953 ἐπωνυμίαν
737 1860 810 1940 τοῖς
837 1853 1128 1958 ἐπιφανεστέρας
1155 1861 1229 1935 τῶν
1255 1858 1351 1937 ἰδίων
1376 1858 1496 1962 ἐχαρί-

292 1979 394 2083 ζοντο
412 1979 611 2074 βασιλέων·
642 1977 788 2078 βωμοὺς
806 1977 844 2058 δὲ
862 1978 1037 2077 ἱστάντες,
1056 1981 1115 2058 καὶ
1132 1978 1260 2080 τεμένη
1278 1978 1493 2078 δειμάμενοι,

258 2100 454 2188 οπολλοῖις
478 2101 754 2203 ἀνεστὴλωσαν.
793 2101 1057 2205 περιεργάζεται
1081 2111 1271 2207 τοιγαροῦν
1294 2105 1313 2182 5
1332 2101 1495 2188 Πιλάτος

292 2225 502 2331 πικρότερόν
522 2260 562 2307 τε
587 2228 645 2307 καὶ
671 2223 927 2328 ἀκριβῶ-τερον
945 2226 1037 2328 ἤπερ
1061 2229 1099 2306 εὐ
1121 2229 1258 2333 ἀρχαῖς,
1277 2227 1330 2311 τίς
1356 2227 1399 2329 δὴ
1424 2229 1495 2332 ἀρα
1512 2262 1551 2322 ¹5

294 2353 352 2432 καὶ
371 2348 466 2433 πίθοι
483 2353 584 2432 ἐστὶν
602 2351 623 2430 5
640 2347 814 2453 Χριστός.
855 2351 875 2428 5
901 2347 949 2448 δὲ,
969 2352 1096 2456 φησὶν,
1115 2352 1178 2432 ούκ
1197 2349 1370 2454 ἀπεκρίθη
1395 2355 1492 2462 αὐτῷ

293 2473 418 2578 λόγον,
443 2482 516 2557 τῶν
540 2475 648 2573 ίδίων,
670 2470 763 2555 κατά
788 2507 832 2576 γε
858 2473 901 2553 τὸ
929 2471 1031 2571 εἰκὸς,
1054 2477 1284 2576 ἐπιμνησθεὶς
1310 2473 1492 2579 ῥημάτων.

125 2614 208 2731 233?
293 2599 331 2680 τί
344 2596 417 2704 γὰρ
434 2599 505 2705 ἔφη
522 2597 613 2704 πρὸς
632 2596 763 2695 οιύτύνς
796 2607 818 2645 “
832 2602 914 2681 Πᾶς
939 2598 960 2676 5
982 2595 1032 2676 ὧν
1050 2600 1089 2678 ἐκ
1108 2602 1170 2697 τῆς
1188 2598 1359 2699 ἀληθείας
1377 2600 1496 2680 ἀκούει

208 2690 248 2744 ³⁷⁸
294 2733 316 2772 “
333 2759 404 2823 μου
429 2727 493 2824 τῆς
516 2723 672 2832 φωνῆς.”
702 2719 966 2825 εἰδωλολάτρης
992 2720 1030 2802 δὲ
1055 2719 1105 2801 (δν
1124 2723 1144 2801 5
1163 2719 1337 2822 Πιλάτος,
1355 2731 1432 2810 πῶς
1451 2723 1495 2804 ἀν

293 2848 470 2949 ἐπήκουσε
502 2853 567 2946 τῆς
597 2856 662 2928 τοῦ
695 2851 878 2948 Σωτῆρος·
900 2849 1034 2952 φωνῆς,
1067 2844 1239 2946 ἀλήθειάν
1270 2881 1310 2926 τε
1342 2850 1401 2927 καὶ
1431 2852 1495 2946 τῆς
1511 2893 1556 2933 20

295 2973 463 3070 ἀληθείας
481 2969 605 3051 τέκνον
623 2968 750 3051 ἑαυτὸν
766 2966 854 3049 εἶναι
872 2970 1080 3075 φάσκοντος
1095 3003 1105 3066 ;
1136 2968 1160 3070 ἢ
1182 2975 1260 3055 πῶς
1278 2968 1322 3050 ἀν
1340 2970 1434 3055 ὅλως
1453 2969 1496 3051 τὸ

265 3098 358 3194 θτῆς
389 3093 558 3195 ἀληθείας
596 3093 710 3194 ὄνομα
739 3089 960 3199 παρεδέξατο
992 3095 1050 3172 καὶ
1087 3092 1281 3194 τετίμηκεν,
1314 3095 1335 3173 5
1369 3096 1428 3174 καὶ
1459 3098 1496 3175 ἐν

127 3247 218 3310 1538.
295 3220 421 3324 ἀρχαῖς
449 3216 536 3300 αὐτὸ
564 3218 765 3303 διαπτύσας
790 3219 848 3296 καὶ
873 3214 983 3297 είπάν
1003 3227 1025 3264 “
1039 3218 1091 3296 Τι’
1109 3218 1210 3297 ε’στιν
1228 3217 1419 3319 ἀλήθεια,”
1439 3218 1497 3298 διά

295 3342 337 3423 τὸ
355 3349 429 3428 τοῖς
446 3344 694 3450 ψευδωνύμως
713 3342 765 3422 ἔτι
790 3341 975 3443 λατρεύειν
993 3345 1086 3425 θεοῖς
1110 3341 1169 3420 καὶ
1192 3347 1245 3449 τῷ
1269 3346 1333 3442 τῆς
1357 3342 1497 3443 ἀπάτης

293 3469 522 3573 ἐγκεχῶσθαι
543 3465 692 3576 σκότῳ,
1513 3492 1555 3553 ²5

246 3759 284 3802 ιο
304 3741 394 3818 Λὲτει
427 3737 484 3806 οὖν
512 3740 602 3828 αὐτῷ
632 3742 651 3807 ὀ
681 3741 823 3807 Πιλάτου
848 3737 943 3817 Ἐμοὶ
976 3739 1013 3806 οὐ
1046 3737 1180 3824 λαλεῖος
1216 3741 1275 3806 οὐκ
1309 3737 1402 3809 οἶδας
1434 3743 1485 3809 ὅτι

335 3864 486 3936 ἐξουσίαν
504 3865 571 3954 ἔχω
595 3865 781 3957 σταυρῶσαί
805 3890 851 3947 σε,
871 3864 924 3931 καὶ
946 3865 1097 3936 ἐξουσίαν
1115 3867 1183 3954 ἔχω
1205 3867 1370 3935 ἀπολῦσαί
1395 3893 1431 3936 σε
1443 3900 1452 3951 ;

348 4041 358 4068 ο
420 4037 431 4067 Ι
509 4039 518 4065 t
632 4035 642 4062 Ι
740 4043 749 4067 2
850 4041 860 4070 ν
930 4039 948 4070 ν
1064 4037 1080 4073 ἳ
1189 4037 1199 4064 λ
1354 4040 1364 4067 Ι
1484 4041 1495 4071 x

361 4043 479 4139 Ωιηθη
502 4043 704 4123 οΠιλατος
728 4073 898 4125 απονοιας
923 4074 1029 4144 εργον
1048 4074 1135 4120 ειναι
1159 4075 1226 4139 την
1244 4074 1398 4142 σιωπην.
1439 4045 1500 4121 δια

293 4173 400 4246 τοῦτο
431 4162 497 4265 τὴν
529 4165 568 4244 ἐκ
599 4166 663 4263 τῆς
694 4164 807 4269 ἀρχῆς
838 4165 1018 4272 ἐξουσίαν,
1050 4163 1212 4268 καθάπερ
1245 4163 1326 4245 τινὰ
1357 4162 1499 4268 ῥάβδον

332 4449 356 4486 1.
374 4427 408 4484 λ’
439 4450 496 4485 ντες
507 4436 534 4484 οἱ
546 4435 607 4484 ante
620 4433 646 4480 et
657 4434 719 4497 post
731 4427 761 4481 τδ
773 4427 844 4482 θεῖον
856 4425 963 4482 exhibet
976 4427 1010 4484 E.
1099 4445 1126 4496 4.
1145 4425 1250 4498 ἀκριβίς
1263 4425 1296 4480 Ε.
1388 4423 1415 4480 6.
1434 4425 1498 4480 ἀπε·

292 4451 440 4573 οτίρσοςἯ.
616 4513 657 4553 11.
675 4499 756 4554 πάλιν
768 4498 801 4553 Ε.
813 4500 915 4568 μᾶλλον
928 4497 980 4554 Ed.
1155 4514 1199 4566 νη.
1217 4500 1263 4568 τῆς
1273 4494 1449 4568 ψευδωνύμου
1462 4495 1497 4552 Ε.

294 4575 337 4631 26.
356 4572 403 4630 οὖν
414 4579 585 4644 assumptum
597 4587 630 4625 ex
644 4567 678 4624 Ε.
