3284 5130
150 379 334 447 xx.22,23.
380 359 438 425 ΙΝ
462 361 495 426 S.
513 360 770 426 JOANNEM.
816 361 912 428 ΙιΙΒ.
928 361 1010 429 XII.
1054 360 1202 427 cAP.1.
1285 359 1347 424 135

151 524 270 611 καθὼς
301 523 394 607 οἶδεν
421 524 526 611 αῦτῖις
556 530 614 608 καὶ
645 529 692 632 τῆ
724 535 788 608 τοῦ
821 528 909 607 ἰδίου
938 527 1147 627 Πνεῦματος
1175 523 1351 630 μετουσίᾳ

151 649 440 757 καταφαιδρῦνας
469 648 589 731 αὐτόν·
631 661 653 697 “
666 648 869 757 ἐνεφύσησε
898 649 969 754 γὰρ
999 657 1048 735 εὶς
1075 648 1117 731 τό
1148 646 1349 752 πρόσωπον
1395 665 1519 731 Gennq.

150 782 172 818 “
190 774 300 852 αὑτοῦ
326 774 440 874 πνοὴν
467 774 586 879 ζωῆς,”
616 773 709 854 καθά
741 774 952 879 γέγραπται.
995 773 1115 875 ἐπειδὴ
1143 773 1180 854 δέ
1210 771 1348 873 σόνεβη

149 904 276 977 πεσεῖν
294 899 333 977 ἐκ
350 903 534 1002 παρακοῆς
550 905 600 983 εῖς
617 896 681 979 τόν
701 899 866 996 θοίνατον,
885 903 944 979 καὶ
965 903 1029 998 τῆς
1050 899 1200 1003 ἀρχαίας
1217 897 1384 995 ἐκείνης(1

113 1024 386 1120 5διολισθῆσαι
412 1027 517 1122 τιμῆς
544 1021 608 1102 τὸν
632 1021 831 1125 ἄνθρωπον,
849 1024 1033 1104 ἀνέκτισεν
1057 1023 1169 1104 πιίλιν
1193 1019 1302 1101 αὐτὸν
1327 1023 1348 1102 ό

151 1142 245 1228 Θεὸς
262 1148 321 1224 καὶ
340 1145 468 1249 Πατὴρ
492 1150 550 1227 καὶ
574 1152 623 1230 εἷς
643 1145 833 1246 καινότητα
850 1144 940 1249 ζωῆς
965 1148 1154 1244 ἀνεκόμισε
1176 1145 1219 1225 δι’
1240 1150 1344 1242 Υῖοῦ,

150 1268 313 1373 καθοίπερ
331 1271 369 1348 ἐν
384 1273 492 1375 ἀρχῇ·
523 1267 711 1369 ἀνεκόμισε
732 1268 771 1350 δέ
789 1277 865 1355 πῶς
884 1272 904 1350 ὁ
923 1270 1033 1365 Υῖός;
1054 1275 1104 1377 τῷ
1124 1266 1265 1376 θανάτῳ
1283 1272 1348 1366 τῆς

149 1394 256 1495 ἁγίας
293 1393 428 1497 σαρκὸς
465 1394 647 1498 νεκρώσας
677 1393 741 1474 τόν
774 1392 938 1493 θοὶνατον,
967 1397 1025 1474 καὶ
1062 1400 1110 1479 εἰς
1144 1391 1348 1495 ἀναδρομὴν

148 1520 358 1623 ἀφθαρσίας
383 1515 425 1598 τδ
450 1516 674 1621 ἀνθρώπινον
691 1519 793 1619 γένος
818 1519 1026 1620 ἀνενεγκόν·
1065 1517 1253 1621 ἐγήγερται
1274 1516 1347 1620 γὰρ

96 1665 135 1706 10
149 1641 240 1746 ῦπέρ
267 1642 368 1741 ἡμῶν
390 1644 409 1721 ό
432 1641 606 1746 Χριστός.
646 1642 705 1722 ἵνα
729 1644 847 1724 τοίνυν
866 1641 975 1723 αὐτὸν
993 1646 1123 1724 ἐκεῖνον
1141 1641 1228 1722 ὅντα
1251 1677 1343 1741 μαν-

147 1764 314 1866 θάνωμεν
349 1766 413 1846 τόν
449 1765 494 1873 ἐξ
528 1769 640 1871 ἀρχῆς
675 1771 740 1865 τῆς
782 1767 952 1871 ῆμετέρας
989 1767 1135 1874 φῦσεως
1173 1762 1348 1869 γεγονότα

146 1889 376 1993 δημιουργόν,
396 1894 454 1970 καὶ
472 1894 524 1997 τῷ
542 1891 657 1998 Ἀγίιρ
675 1888 713 1970 δέ
736 1892 828 1991 ἡμᾶς
852 1891 1206 1998 κατασφραγίσαντα
1226 1888 1342 1969 Πνεῦ-

145 2049 245 2112 ματι,
267 2011 381 2095 πόλιν
406 2016 489 2115 ἡμῖν
516 2017 536 2094 ό
566 2010 694 2117 Σωτὴρ
722 2019 769 2099 ὡς
797 2018 835 2096 ἐν
859 2019 1006 2122 ἀταρχῆ
1032 2021 1097 2116 τῆς
1124 2015 1377 2118 ἀνακαινιζο-ει

145 2139 257 2239 μένης
281 2138 427 2246 φύσεως
451 2147 525 2223 τοῖς
550 2141 666 2241 ἁγίοις
690 2145 865 2242 μαθηταῖς
890 2143 932 2220 δι’
952 2139 1212 2248 ε’μφυσήματος
1238 2142 1343 2241 ἐναρ-

96 2287 131 2346 15
145 2272 236 2366 γοῦς
256 2262 296 2343 τό
315 2268 465 2363 Πνεῦμα
483 2262 673 2368 χαρίζεται.
711 2264 845 2369 γριίφει
863 2263 935 2368 γάρ
953 2266 973 2344 ὁ
994 2269 1159 2364 Μωυσῆς
1177 2266 1258 2366 περὶ
1282 2268 1345 2364 τῆς

144 2388 298 2492 ἀρχαίας
316 2388 417 2487 ἡμῶν
437 2388 677 2490 δημιουργίας,
696 2386 752 2468 δτι
769 2387 993 2496 ἐνεφύσησεν
1011 2394 1059 2472 είς
1081 2386 1123 2468 τό
1146 2386 1346 2491 πρόσωπον
1390 2419 1431 2472 lb.

145 2513 259 2591 αὐτοῦ
276 2509 390 2611 πνοῆν
409 2509 509 2614 ζωῆς.
550 2516 597 2596 ὡς
622 2513 685 2591 οῦν
702 2512 748 2619 εξ
768 2547 881 2618 αρχης
906 2511 1075 2614 επλάσθη
1101 2514 1159 2591 καὶ
1184 2512 1342 2614 γέγονεν,

145 2639 242 2716 οῦτω
279 2638 337 2716 καὶ
370 2634 633 2739 ἀνακαινίζεται,
665 2639 723 2716 καὶ
759 2632 883 2739 ὥσπερ
920 2637 1112 2744 ἐμορφιόθη
1149 2634 1231 2716 τότε
1267 2636 1344 2715 κατ’

144 2757 265 2840 είκόνα
301 2768 365 2840 τοῦ
402 2761 603 2854 κτίσαντος,
633 2764 726 2841 ofin»
762 2763 820 2841 καὶ
858 2768 922 2841 νῦν
952 2767 997 2867 τῇ
1034 2769 1098 2840 τοῦ
1136 2758 1346 2860 Πνεῦματος

90 2909 130 2950 ²0
143 2884 320 2991 μετουσίᾳ
344 2882 435 2987 πρός
462 2883 651 2990 ἐμφέρειαν
668 2881 955 2983 μεταπλοῖττεται
979 2892 1043 2965 τοῦ
1067 2884 1157 2965 ῖδίου
1181 2892 1342 2985 ποιητοῦ.

144 3007 203 3088 ὅτι
234 3006 307 3111 γὰρ
339 3014 402 3086 τοῦ
434 3011 602 3110 Σωτῆρος
628 3006 694 3106 τῆν
719 3005 912 3115 μόρφωσιν
939 3009 1097 3104 ἐνθλίβει
1125 3008 1167 3088 τὸ
1196 3014 1346 3107 Πνεῦμα

143 3139 225 3216 ταῖς
257 3138 328 3212 τῶν
359 3130 557 3235 δεχομένων
587 3130 674 3210 αὐτὸ
707 3137 853 3237 ψυχαῖς,
883 3139 960 3218 πῶς
992 3134 1056 3214 οῦκ
1090 3133 1512 3242 ἀναμφίλογονοιοθελ

143 3261 221 3340 τοῖς
256 3261 304 3340 εὶς
340 3252 486 3355 νομικὴν
523 3253 732 3359 ἐπιτήρησιν
770 3256 1053 3357 διωλισθηκόσιν
1090 3260 1129 3337 ἐκ
1169 3260 1345 3364 ῥᾳθυμίας

144 3379 427 3462 ἐπιστέλλοντος
445 3385 509 3457 τοῦ
529 3375 682 3459 Παῦλον
705 3384 837 3485 σαφῶς
854 3390 876 3426 “
890 3380 1022 3460 Τεκνία
1048 3417 1128 3481 μου,
1147 3381 1207 3466 οῦς
1231 3381 1344 3463 πάλιν
1390 3392 1492 3508 ξὺν·

89 3527 129 3586 25
145 3513 169 3550 ‘⁴
189 3504 313 3601 ὠδίνω,
332 3502 434 3607 ἄχρις
461 3502 503 3581 οῦ
531 3508 709 3609 μορφωθῇ
733 3501 895 3607 Χριστὸς
924 3505 961 3584 ἐν
981 3506 1095 3604 ῦμῖν.”
1125 3508 1192 3611 οὐχ
1218 3506 1345 3612 ἐτέρως
1406 3473 1432 3525 ⁹⁸

145 3625 219 3730 γὰρ
247 3629 284 3707 ἐν
312 3628 429 3709 αῦτοῖς
461 3625 775 3731 μορφωθήσεσθαι
806 3628 904 3730 λέγει
932 3628 1109 3732 Χριστὸν,
1138 3627 1161 3730 ἢ
1192 3630 1251 3710 διὰ
1280 3640 1345 3712 τοῦ

144 3759 341 3858 μετασχεῖν
367 3751 495 3854 Ἀγίου
524 3750 744 3851 Πνεῦματος,
771 3751 1028 3833 πολιτεύεσθαί
1051 3788 1090 3834 τε
1116 3754 1207 3835 κατὰ
1235 3753 1344 3856 νόμον

145 3873 212 3956 τόν
239 3872 482 3979 εῦαγγελικόν.
524 3876 662 3973 οὐκοῦν,
688 3879 736 3959 ὡς
762 3879 800 3955 ἐν
825 3880 971 3982 ἀπαρχῆ
999 3882 1062 3977 τῆς
1089 3880 1345 3979 ἀνανεουμένης

145 4001 296 4084 κτίσεως
333 4004 384 4082 εἰς
414 4001 626 4106 ἀφθαρσίαν
657 4034 696 4080 τε
731 4002 789 4079 καὶ
821 3997 933 4106 δόξαν
962 4002 1020 4080 καὶ
1051 4007 1100 4084 είς
1131 4001 1248 4083 εἰκόνα
1278 4001 1344 4102 τὴν

88 4157 130 4215 30
145 4127 283 4224 θεοειδῆ
314 4122 497 4227 κατοικίζει
524 4123 638 4204 πάλιν
665 4121 707 4203 τδ
736 4123 825 4203 ἰ’διον
851 4131 989 4220 πνεῦμα
1017 4122 1179 4226 Χριστός
1201 4129 1244 4205 ’ἐν
1270 4133 1379 4211 τοῖςὶ)

184 4385 236 4442 ι-6
253 4396 387 4552 aeli-R
402 4387 465 4442 citat
483 4385 584 4442 catena
601 4387 629 4441 in
648 4386 699 4457 Ep.
714 4386 747 4442 ad
768 4387 903 4442 Romanos
921 4387 948 4441 in
968 4387 1038 4443 Bibl.
1052 4386 1185 4459 Imperinli
1197 4387 1344 4446 Viennensi

145 4475 268 4514 conserv.
402 4457 482 4514 Ness.
493 4457 552 4512 166.
567 4457 661 4512 Lamb.
672 4458 729 4529 46.)
741 4457 832 4514 bomb.
846 4458 893 4513 fol.
905 4457 946 4512 16.
1064 4478 1091 4526 4.
1109 4463 1271 4530 παραπεσεῖν
1283 4461 1343 4518 Cat.

144 4531 192 4584 τὸν
204 4545 258 4583 om.
272 4527 331 4584 (ναῒ.
451 4544 478 4600 5.
496 4531 570 4598 τιμῆς
581 4529 723 4598 ὀλισθῆσαι
736 4529 796 4584 Cat.
920 4531 946 4583 ό.
964 4527 1114 4603 ἀνεκόμισε]
1128 4531 1270 4600 ἀνεβίβασε
1284 4532 1345 4590 Cat.

150 4617 191 4666 14.
210 4599 328 4671 ἐνεργοῦς
342 4599 401 4656 Cat.
509 4616 553 4671 29.
572 4600 613 4654 καὶ
624 4600 670 4656 alt.
684 4608 852 4671 assumptum
866 4617 898 4654 ex
911 4599 972 4670 Εη.
