3278 5130
133 352 185 418 iii.
201 373 228 431 1,
246 372 275 420 2.
407 355 460 421 IN
486 356 748 424 EPISTOLAM
774 355 837 422 AD
865 355 1116 423 HEBRAEOS.
1268 355 1334 420 899

133 527 159 566 ‘⁶
178 518 279 600 ἐστιν
305 523 422 602 ἀδικία
449 523 487 603 ἐν
512 524 618 631 αὐτῷ,
647 523 779 608 δίκαιος
806 524 864 604 καὶ
891 521 991 606 ὅσιος
1019 522 1040 600 δ
1070 520 1234 624 Κῦριος·”
1262 519 1334 626 ἔφη
1352 463 1364 528 [
1379 461 1502 528 mm

134 642 183 720 δέ
195 677 249 728 τις
267 646 326 724 καὶ
343 652 416 725 τιῦν
433 650 599 749 Χριστοῦ
622 653 792 746 μαθητῶν
811 657 832 695 “
843 643 961 726 Ὥστε
989 647 1048 725 καὶ
1072 650 1106 725 οἱ
1129 643 1461 748 πόσχοντεςιεςει.

135 776 160 814 “
179 766 271 846 κατὰ
288 766 331 849 τό
349 768 491 870 θέλημα
512 779 575 850 τοῦ
595 775 691 850 Θεοῦ
711 775 833 878 πιστῷ
853 770 984 875 κτίστῃ
1006 766 1334 872 παρατιθέσθωσαν
1344 749 1378 784 η’
1390 747 1428 801 ¹⁹⁸

136 899 161 937 “
178 888 244 974 τάς
273 892 398 999 ψυχάς
426 892 578 993 αῦτιῦν,”
598 896 656 974 καὶ
686 893 759 994 μὴν
785 897 845 974 καὶ
875 895 896 972 ὁ
927 898 1077 976 Παῦλος
1108 901 1129 939 “
1144 887 1284 974 Πιστός
1313 889 1494 978 Mor-29·

101 1022 161 1092 ⁵“
180 1011 274 1097 Θεὸς
301 1016 344 1094 δι’
368 1015 410 1096 οῦ
437 1015 610 1117 ἐκλήθητε
636 1023 684 1101 είς
711 1016 895 1098 κοινωνίαν
921 1021 986 1096 τοῦ
1017 1019 1092 1095 υἱοῦ
1120 1015 1262 1094 αῦτοῦ.”
1300 1014 1341 1093 τί

135 1131 212 1237 γάρ
229 1135 350 1240 ἕτερον
367 1141 405 1218 ἐν
422 1138 560 1226 τούτοις
577 1141 661 1241 ἡμῖν
679 1142 845 1240 σημαίνει
867 1138 909 1219 τό
930 1137 1055 1225 Πιστδτ
1082 1136 1105 1238 ἢ
1133 1135 1176 1217 τὸ
1204 1139 1334 1242 ἀσφα-

135 1255 209 1357 λής
235 1293 273 1338 τε
301 1264 359 1340 καὶ
386 1262 533 1358 βέβαιος
559 1267 618 1344 καὶ
646 1262 840 1370 ἀξιόχρεως
867 1269 915 1347 είς
941 1263 1066 1344 πίστιν
1089 1257 1139 1340 (δν
1167 1259 1212 1340 ἂν
1237 1261 1336 1361 λέγοι

136 1378 257 1485 τυχιδν
285 1381 309 1484 ἢ
341 1381 391 1464 ὧν
418 1383 608 1467 ἀνέλοιτο
641 1393 864 1487 κατορθοῦν;
901 1385 1027 1489 γέγονε
1057 1383 1095 1464 δέ
1124 1392 1282 1465 τοιοῦτος
1315 1382 1411 1460 &sorte
1424 1397 1503 1464 wxar

137 1503 228 1589 Υἱὸς
244 1509 297 1614 τῷ
315 1512 434 1612 Πατρὶ
451 1513 510 1590 καὶ
528 1514 566 1591 ἐν
582 1509 828 1615 άνθρωπότητι
853 1510 1077 1611 καθιγμένος,
1098 1512 1157 1589 καὶ
1174 1503 1335 1609 σταυρόν

82 1661 125 1702 ιο
139 1631 198 1708 καὶ
222 1629 376 1712 θάνατον
397 1633 557 1719 ἀνατλὰς
584 1635 642 1714 ἵνα
670 1634 884 1740 κατορθώσῃ
907 1633 950 1714 τὸ
971 1635 1068 1740 αὐτῷ
1090 1635 1228 1714 δοκοῦν.
1264 1631 1335 1738 ἔφη

138 1759 229 1853 γοῦν
251 1763 273 1800 “
285 1754 374 1835 Ὅτι
401 1757 631 1858 καταβέβηκα
657 1760 696 1838 ἐκ
723 1767 787 1838 τοῦ
815 1760 966 1861 οῦρονοῦ
992 1760 1060 1865 οῦχ
1086 1757 1145 1842 ἵνα
1172 1763 1264 1837 ποιῶ
1291 1752 1334 1834 τὸ
1347 1773 1504 1827 δυσωποῦ

138 1885 162 1922 “
180 1874 322 1976 θέλημα
339 1879 380 1958 τὸ
398 1879 484 1977 ἐμὸν
502 1878 600 1961 ἀλλά
619 1878 662 1960 τῦ
681 1881 821 1980 θέλημα
838 1890 903 1962 τοῦ
920 1880 1132 1988 πέμψαντός
1151 1905 1206 1978 με·
1228 1886 1335 1959 τοῦτο
1348 1842 1439 1908 ³⁸'³⁹'

138 2009 161 2046 “
181 1999 225 2078 δέ
237 2002 316 2080 ἐστι
333 2000 376 2083 τό
391 2001 534 2103 θέλημα
552 2013 614 2084 τοῦ
632 2002 844 2110 πεμψαντός
861 2040 905 2105 με
924 2006 983 2086 ἵνα
999 2012 1073 2086 πᾶν
1091 2003 1111 2085 δ
1129 2002 1262 2085 δέδωκέ
1275 2035 1337 2101 μοι

139 2131 163 2170 “
181 2121 231 2222 μὴ
259 2125 433 2206 ἀπολέσω
460 2127 505 2234 ἐξ
529 2129 638 2208 αὐτοῦ
666 2127 751 2208 ἀλλ’
780 2127 980 2230 ἀναστήσω
1007 2129 1094 2209 αῦτὸ
1122 2134 1167 2232 τῇ
1199 2122 1338 2231 ἐσχάτῃ

81 2267 124 2330 ¹5
140 2254 162 2292 “
181 2245 323 2354 ἡμέρᾳ,”
363 2249 531 2349 δεδόμεθα
556 2250 629 2356 γάρ
657 2255 705 2337 ὡς
733 2257 874 2355 Σωτῆρι
901 2253 960 2332 καὶ
984 2251 1143 2358 ζωοποιῷ
1164 2257 1217 2358 τῷ
1243 2255 1334 2356 m,

139 2371 201 2448 καὶ
222 2379 329 2452 τοῦτο
350 2370 395 2472 ἦν
412 2373 519 2477 ἔργον
539 2375 636 2482 αὐτῷ
657 2374 757 2478 παρὰ
778 2383 843 2455 τοῦ
861 2372 1015 2478 Πατρός·
1043 2377 1181 2477 ἐνεργεῖ
1198 2371 1270 2475 γάρ
1293 2371 1337 2449 δι’

138 2497 233 2575 Υἱοῦ
258 2502 332 2576 πᾶν
354 2497 409 2577 ότι
432 2495 477 2578 ἂν
499 2497 670 2594 βούλοιτο
697 2504 961 2602 κατορθοῦσθαι
984 2503 1187 2600 θεοπρεπῶς
1205 2495 1260 2576 ὅτι
1279 2500 1337 2574 καὶ

140 2616 289 2716 δύναμις
307 2620 416 2701 αῦτοῦ
434 2623 513 2701 ἐστι
532 2623 592 2702 καὶ
609 2623 737 2726 σοφία.
774 2620 834 2701 διά
849 2630 954 2701 τοῦτο
977 2626 1034 2701 καὶ
1053 2619 1160 2705 αὐτὸς
1177 2620 1337 2724 ἔφασκεν

141 2739 268 2827 όΥίός
286 2753 308 2790 “
324 2741 425 2845 Ἐγιδ
444 2743 482 2825 δέ
498 2743 569 2850 ἔχω
587 2743 653 2845 τὴν
671 2745 868 2848 μαρτυρίαν
891 2744 996 2848 μείζω
1012 2753 1077 2824 τοῦ
1094 2741 1272 2840 Ἰωάννου,
1290 2739 1337 2821 τά
1351 2765 1390 2816 lb.
1401 2781 1425 2816 v.
1438 2765 1479 2831 36.

80 2891 127 2933 ²0
141 2872 165 2912 ‘⁴
182 2863 253 2970 γάρ
277 2865 366 2970 ἔργα
394 2864 419 2947 ἀ
445 2867 578 2948 δέδωκέ
596 2902 657 2968 μοι
682 2867 852 2970 ὁΠατὴρ
878 2868 936 2948 ἵνα
963 2867 1145 2948 τελειώσω
1173 2862 1263 2946 αὐτὰ
1291 2862 1337 2944 τά

141 2997 165 3035 “
182 2989 270 3092 ἔργα
298 2989 322 3068 ἀ
349 2988 421 3093 ε’γοδ
448 2998 540 3072 ποιῶ
567 2998 741 3093 μαρτυρεῖ
766 2995 847 3095 περὶ
876 2995 962 3092 ἐμοῦ
993 2991 1049 3072 ότι
1081 2992 1101 3070 ὁ
1133 2987 1262 3090 Πατήρ
1292 3021 1337 3088 με

141 3121 165 3158 “
183 3113 406 3193 ἀπέστειλε·”
436 3110 576 3220 ψάλλει
590 3115 636 3194 δέ
644 3150 716 3195 που
730 3118 787 3195 καὶ
799 3117 818 3193 ὁ
830 3115 964 3194 Δαυείδ
982 3125 1003 3161 “
1013 3111 1199 3194 Ἕντειλαι
1213 3111 1338 3196 ὁΘεδς
1350 3143 1473 3196 pmii.

142 3245 166 3282 “
183 3238 229 3340 τῇ
246 3235 392 3336 δυνάμει
407 3271 490 3335 σου,
507 3236 723 3338 δυνάμωσον
742 3240 762 3318 ὁ
782 3236 875 3323 Θεός
892 3246 998 3319 τοῦτο
1017 3235 1037 3319 δ
1056 3234 1282 3341 κατειργάσω
1300 3238 1338 3316 ἐν
1351 3224 1391 3276 ²⁹

143 3369 167 3407 a
185 3360 305 3459 ἡμΐνρς

85 3503 130 3564 25
202 3482 293 3588 Φέρε
312 3482 350 3563 δέ
368 3483 778 3588 πολυπραγμονήσωμεν
795 3491 825 3565 εί
843 3488 946 3582 δοκεῖ,
966 3485 1019 3569 τίς
1039 3484 1083 3585 δὴ
1107 3485 1177 3586 ἀρα
1199 3488 1258 3565 καὶ
1281 3486 1339 3565 ἐπὶ

144 3605 221 3686 τίσι
238 3608 364 3710 γέγονε
383 3613 435 3716 τῷ
451 3614 530 3715 Υίῴ
546 3613 610 3708 τῆς
634 3612 800 3711 ἱερατείας
827 3611 847 3688 ὁ
872 3606 1019 3712 τρόπος,
1040 3606 1192 3712 πότερον
1210 3611 1335 3688 δουλο-

145 3729 284 3831 πρεπὴς
311 3733 371 3810 καὶ
397 3735 461 3829 τῆς
487 3732 608 3835 ἐτέρου
635 3730 749 3838 δόξης
772 3730 1001 3835 ῦπουργδς,ἢ
1029 3739 1174 3830 μᾶλλον
1190 3737 1241 3837 τῷ
1260 3736 1338 3838 Υίῴ

145 3849 193 3932 τά
211 3852 302 3932 κατὰ
325 3854 439 3958 φύσιν
466 3855 729 3957 ἀρμοδιιότιιτος
758 3858 817 3934 καὶ
845 3861 919 3936 τοῖς
946 3857 1010 3951 τῆς
1038 3852 1340 3957 ἐνανθρωπήσεως

146 3973 271 4076 λόγοις
288 3978 352 4056 οῦκ
369 3977 593 4075 ἀσύμβατος.
624 3981 657 4058 οἱ
675 3975 742 4076 μέν
758 3976 831 4080 γάρ
848 3975 964 4056 πάλαι
981 3974 1073 4056 κατὰ
1090 3974 1153 4056 τὸν
1172 3974 1340 4058 Μωσέως

86 4133 132 4194 30
146 4099 295 4180 δοθέντα
327 4098 437 4199 νόμον
466 4104 727 4205 ἱερουργοῦντες
760 4104 844 4207 Θεῷ
877 4102 926 4183 ὡς
958 4101 997 4179 ἐν
1027 4097 1129 4204 τόπῳ
1161 4101 1220 4177 καὶ
1251 4102 1339 4204 σκιᾷ

143 4228 335 4326 προσῆγον
354 4224 531 4328 λατρείας,
551 4221 659 4304 αῦτῦν
678 4222 855 4328 ἱερωμένοι
874 4225 926 4330 τῷ
945 4224 1062 4325 Πατρὶ
1081 4217 1145 4300 τὸν
1162 4219 1263 4317 Υἱδν,
1282 4222 1340 4300 καὶ

181 4441 207 4490 4.
226 4421 268 4478 καὶ
280 4423 326 4477 εἰς.
338 4423 439 4478 omittit
452 4421 498 4479 Cr.
585 4437 626 4477 ιο.
644 4421 801 4476 Theodoriti
813 4419 934 4478 scholion
947 4418 1094 4491 margine
1106 4435 1130 4473 c.
1142 4417 1186 4473 hie
1197 4417 1342 4488 interpellit

144 4491 298 4548 onmem..
419 4508 462 4566 ¹5·
479 4491 602 4564 διδίμιθα
616 4491 727 4564 (errore)
742 4488 787 4547 Gr.
910 4507 954 4564 30.
973 4485 1177 4562 ίιροοργοῦντις]
1191 4490 1342 4562 Ιιρονργοῦν

143 4565 180 4637 τᾷ
195 4562 346 4634 (mendose)
361 4561 407 4619 Cr.
