3280 5142
302 333 346 396 52
606 329 1201 396 B.cYR1LL1ALExANDR.
1348 327 1437 396 xviii.
1451 347 1506 412 34.

302 501 495 597 τοιγαροῦν
522 494 687 576 Ἰουδαῖοι
716 503 900 576 ποιοῦνται
932 501 1086 603 Χριστῷ
1114 493 1158 576 τό
1185 501 1407 590 βασιλεῦσαι
1439 503 1506 573 τοῦ

303 616 471 720 Ἰσραήλ.
512 616 695 720 τοιγάρτοι
716 619 859 703 δικαίως
879 619 1109 726 ἐξώσθησαν,
1126 616 1370 724 προσελήφθη
1389 615 1426 698 δέ
1445 620 1507 696 καὶ

306 737 500 845 ύπεζεύχθη
532 739 578 820 τά
608 741 703 841 ἐθνη,
735 745 792 821 καὶ
823 739 892 821 ύπδ
920 739 986 841 τὴν
1015 742 1209 834 βασιλείαν
1237 742 1408 821 τέθεινται
1439 749 1506 820 τοῦ

138 879 253 930 1²⁸·ii-8·
308 867 481 966 Χριστοῦ.
516 875 538 912 “
552 865 709 965 Α’ίτησαι
738 865 810 968 γὰρ
838 866 922 969 παρ’
951 867 1047 964 ἐμοῦ,
1076 867 1182 972 φησὶ,
1209 867 1268 944 καὶ
1299 865 1408 945 δεύσω
1441 898 1506 943 σοι

305 997 328 1034 “
346 987 431 1088 ἔθνη
455 986 522 1087 τὴν
550 989 789 1092 κληρονομίαν
816 1022 896 1085 σου,
925 991 982 1066 καὶ
1015 986 1082 1088 τὴν
1107 986 1328 1092 κατάπχεσίν
1355 1021 1426 1067 σου
1458 986 1540 1076 τὰε

305 1119 328 1158 “
345 1110 482 1212 πέρατα
506 1114 570 1210 τῆς
594 1113 697 1214 γῆς.”
732 1109 1072 1214 παροιστρήσαντος
1097 1109 1169 1215 γάρ
1193 1109 1269 1194 ἐνὸς
1294 1111 1416 1194 ἔθνους
1439 1117 1507 1190 τοῦ

137 1231 348 1339 1037Δινέξ
372 1232 537 1338 Ἰσραὴλ,
563 1235 683 1315 πάντα
715 1233 762 1316 τὰ
790 1235 876 1336 ἔθνη
909 1235 1044 1315 δίδοται
1069 1241 1121 1343 τῷ
1147 1241 1311 1343 Χριστῷ,
1338 1238 1397 1315 καὶ
1425 1237 1507 1314 ἀντὶ

304 1365 387 1457 μιᾶς
405 1362 483 1459 γῆς,
503 1360 595 1464 φημὶ
616 1356 660 1457 δὴ
679 1363 743 1457 τῆς
761 1359 953 1455 Ἰουδαίων,
972 1356 1018 1438 τά
1043 1362 1108 1458 τῆς
1132 1358 1334 1460 οἰκουμένης
1351 1359 1502 1460 πέρατα.

137 1485 255 1601 {EQ-¹¹·
305 1484 353 1565 ὡς
381 1481 452 1585 γὰρ
483 1484 503 1562 ὁ
533 1482 682 1566 Παῦλός
712 1489 808 1589 φησι
831 1492 852 1529 “
865 1480 920 1562 Τὸ
947 1479 1177 1585 παράπτωμα
1205 1482 1323 1562 αὐτῶν
1346 1490 1507 1566 πλοῦτος

306 1616 328 1653 “
346 1605 486 1706 κόσμου
504 1608 564 1685 καὶ
582 1603 624 1685 τὸ
643 1607 784 1706 ἥττημα
802 1607 920 1685 αύτῶν
938 1613 1098 1690 πλοῦτος
1114 1607 1257 1688 ἐθνῶν.”
1522 1655 1564 1698 10

355 1727 477 1831 Ὅπερ
508 1729 571 1808 οῦν
594 1727 745 1828 ἀκήκοεν
767 1739 782 1811 ί
813 1729 968 1815 Πιλάτις
996 1728 1302 1832 διαγογγυῷντων
1325 1735 1398 1808 τῶν
1414 1731 1506 1809 Ἰον-

306 1853 425 1948 δαίων,
459 1855 617 1955 ἐναργοῦς
647 1853 716 1952 ἤδη
749 1855 853 1959 φησί,
884 1854 944 1932 καὶ
975 1853 1239 1952 ἀπολογεῖσθαι
1272 1852 1407 1932 κελεύει
1439 1850 1507 1933 τόν

308 1974 454 2077 Κύριον,
473 1980 503 2053 εί
521 1973 613 2054 κατὰ
631 1975 803 2076 ἀλήθειαν
821 1972 928 2059 αύτός
952 1973 1004 2074 ε’ίη
1028 1973 1089 2056 τῶν
1104 1968 1269 2056 Ἰουδαίων
1287 1983 1302 2056 ὁ
1321 1975 1503 2068 βασιλεύς.

306 2101 443 2204 ἀγωνιᾷ
471 2097 519 2195 δέ,
549 2101 598 2182 ὡς
627 2098 729 2196 εἰκὸς,
757 2101 816 2178 καὶ
851 2098 1060 2179 κινδυνεύειν
1086 2097 1194 2178 οἴεται
1223 2097 1289 2198 τὴν
1318 2099 1507 2202 Καίσαρος

271 2220 431 2326 οάρχὴν,
465 2226 706 2326 φιλοπευστεῖ
740 2257 779 2302 τε
815 2224 873 2302 καὶ
905 2219 963 2300 διὰ
994 2229 1100 2301 τοῦτο
1132 2223 1226 2319 λίαν,
1259 2224 1308 2305 ὡς
1338 2221 1407 2322 ἤδη
1439 2221 1506 2322 τὴν
1523 2269 1563 2331 15

306 2344 459 2423 δέουσαν
483 2345 731 2448 ἐπανόρθωσιν
757 2347 977 2444 ἐπικομίσων
1004 2351 1078 2427 τοῖς
1106 2346 1340 2448 δεδραμένοις,
1361 2346 1419 2425 ἵνα
1447 2350 1506 2426 καὶ

305 2467 527 2570 ἀνέγκλητον
551 2468 724 2575 άποδείξη
751 2467 818 2568 τὴν
843 2469 1143 2570 ἐπιτετραμμένην
1169 2470 1265 2577 αύτῷ
1292 2469 1390 2574 παρὰ
1409 2471 1502 2550 Ῥω·

306 2592 422 2689 μαίων
440 2592 566 2696 ἀρχήν.

255 2843 294 2898 34
362 2833 538 2922 Ἀπεκρίθιι
561 2834 686 2900 Ἰιιοοῦο
708 2835 791 2901 Ἀπὸ
819 2839 956 2902 σεαυτοῦ
981 2833 1018 2901 σὺ
1047 2837 1139 2900 τοῦτο
1166 2835 1281 2915 λὲτειι,
1308 2835 1327 2899 ῦ
1355 2837 1450 2900 ἄλλοι

706 2953 797 3026 εἶπόν
826 2983 877 3026 σοι
903 2960 978 3049 περὶ
1005 2961 1104 3041 ἐμοῦ,
1522 2987 1564 3026 20

366 3127 637 3231 Κατειρηκότος,
656 3133 784 3236 φησὶν,
802 3133 960 3235 ἐναργῶς
987 3130 1127 3216 οὐδενός
1155 3133 1213 3211 ἐπὶ
1240 3131 1377 3216 τούτοις
1401 3135 1503 3231 ἐμοῦ,

276 3251 418 3332 οπόθεν
438 3253 509 3356 ἄρα
536 3287 597 3334 σοι
621 3253 787 3354 πρόεισιν
812 3255 832 3332 ὁ
856 3259 937 3357 περὶ
960 3254 1097 3335 τούτων
1120 3253 1255 3355 λόγος;
1289 3257 1374 3334 ἀλλ’
1395 3257 1501 3336 ούδα-

306 3376 418 3476 μόθεν
445 3375 654 3483 ἀμφίβολον
682 3377 737 3457 ὅτι
769 3382 833 3477 τῆς
859 3379 1042 3459 Ἰουδαίων
1069 3380 1254 3462 κακονοίας
1282 3378 1325 3458 τὸ
1356 3378 1507 3481 κακούρ-

307 3533 419 3602 γημα,
449 3502 507 3580 καὶ
545 3503 565 3580 ὁ
602 3500 728 3606 πικρὸς
764 3503 889 3581 οὑτοσὶ
922 3503 1171 3581 διεσκεύασται
1203 3499 1320 3585 δόλος·
1361 3504 1402 3581 ού
1434 3502 1507 3606 γὰρ

307 3621 433 3724 δήπου,
462 3628 589 3731 φησὶν,
615 3625 682 3732 ἐση
710 3623 776 3724 μέν
803 3624 909 3708 αύτός
937 3623 1118 3724 δικαστὴς,
1148 3624 1216 3730 ἴση
1245 3624 1283 3705 δέ
1312 3628 1371 3706 καὶ
1398 3623 1506 3725 κατή-
1523 3667 1564 3726 25

307 3781 425 3851 γορος.
475 3744 597 3827 ἐλάλει
634 3747 672 3829 δέ
706 3752 808 3828 ταυτὶ
837 3746 1011 3850 Χριστός,
1041 3753 1091 3831 είς
1121 3748 1255 3832 ἐννοίας
1287 3749 1507 3852 άνακομίζων

308 3868 485 3970 Πιλάτου,
503 3873 552 3955 ὦς
571 3872 635 3952 ούκ
653 3870 698 3951 ἂν
716 3870 825 3951 αύτόν
843 3907 877 3951 τι
896 3870 1061 3951 διαλάθοι
1079 3875 1137 3952 καὶ
1159 3879 1233 3952 τῶν
1250 3872 1507 3979 ἀφανεστέρων

307 3997 366 4074 καὶ
395 3997 433 4073 ἐν
457 3994 685 4103 παραβύστῳ
712 3995 1050 4094 κατεσκευασμένων
1074 4029 1112 4074 τε
1138 3997 1197 4074 καὶ
1225 3996 1424 4100 εἰρημένων,
1447 3997 1506 4076 ἵνα

274 4116 438 4198 ἀλοιπὸν
470 4115 643 4217 ἐννοήσας
675 4114 742 4216 τὴν
775 4117 861 4220 ύπέρ
899 4117 1088 4222 ἄνθρωπον
1118 4115 1243 4224 φύσιν,
1274 4118 1507 4223 ὀκνηρότερόν

308 4277 385 4326 πως
412 4242 458 4322 ἰὀι
486 4241 577 4343 πρὸς
605 4241 801 4343 ὑπουργίαν
828 4246 891 4340 τῆς
917 4248 989 4320 τῶν
1015 4240 1280 4344 προσαγόντων
1307 4240 1502 4342 ὠμότητος,
1522 4279 1564 4338 30

343 4467 490 4525 6-80itant
503 4469 574 4524 catt.
587 4471 614 4524 in
629 4469 674 4524 Ρε.
683 4470 709 4523 ii.
791 4486 817 4538 9.
836 4469 871 4522 Τδ
887 4479 1056 4540 assumptum
1070 4487 1102 4523 ex
1116 4469 1148 4524 E.
1232 4467 1506 4540 τό.δε“]-1-κα“ιΕδ.

307 4539 390 4594 invito
404 4539 436 4594 Ε.
492 4541 527 4596 είς
540 4539 636 4596 ἐννοίας
647 4540 805 4608 ἇνιιιιομίζων
817 4541 933 4594 Πιλάτου
945 4549 1006 4610 post
1019 4540 1157 4610 εἰρημένων
1171 4540 1229 4611 (28)
1243 4541 1395 4610 transponit
1407 4539 1440 4595 E.
