3278 5130
305 323 371 388 330
437 323 476 386 Β.
496 321 689 388 OYRILLI
714 319 982 386 ALEXANDR.
1010 317 1293 384 FRAGMENTA
1335 317 1370 380 ii.
1387 329 1515 400 15sqq.

153 421 208 488 [εν
219 424 257 474 υ.
271 423 283 488 ]

307 483 447 567 θανάτου
476 495 522 573 εἰς
549 484 696 583 θάνατον,
723 483 773 571 οἷς
797 481 833 566 δὲ
861 481 946 587 ὄτμῖν
975 485 1014 565 ἐκ
1043 483 1127 594 ζωῖς
1155 490 1200 570 εἷς
1228 479 1320 590 ζωῖνν,
1349 479 1516 559 κατιδεῖν

308 609 518 691 ἀκόλουθον.
547 611 673 688 οῦκοῦν
693 614 848 708 νοηθεῖεν
863 605 954 710 πρὸς
979 607 1080 707 ἡμῶν
1098 605 1239 690 εἰκότως
1257 609 1290 684 οἱ
1308 599 1518 703 σωζόμενοί
1618 621 1619 624 ’

307 765 346 813 τε
374 736 432 811 καὶ
459 731 712 831 ἀπολλύμενοι,
740 729 832 811 κατά
860 764 902 834 γε
930 729 994 811 τὸν
1021 730 1204 832 πρέποντα
1232 735 1309 812 ταῖς
1342 725 1514 827 θεωρίαις

309 853 459 953 σκοπῶν,
479 861 511 935 οἱ
535 852 760 939 πιστεύοντές
786 889 825 934 τε
852 857 910 934 καὶ
938 859 971 933 οὶ
998 853 1064 952 τὴν
1081 855 1207 934 πίστιν
1223 846 1514 955 παρωθούμενοι,

189 1005 233 1060 89
249 981 367 1060 ικαὶ
389 983 422 1057 οἱ
443 976 509 1078 μέν
525 980 624 1059 οὔπω
644 977 740 1058 Θεῦν
766 976 829 1057 τὸν
847 975 957 1080 φύσει
984 1010 1022 1055 τε
1050 978 1109 1056 καὶ
1127 980 1273 1075 ἀληθῶς
1300 969 1512 1077 ἐγνωκότες,
1530 998 1549 1059 5

143 1119 244 1170 Romi.
259 1100 585 1204 15·λελατρευκότες
617 1099 655 1180 δὲ
686 1106 832 1199 μῦλλον
863 1105 909 1204 τῇ
941 1100 1055 1178 κτίσει
1092 1096 1191 1200 παρὰ
1223 1097 1287 1177 τὸν
1314 1096 1509 1175 κτίσαντα.

310 1223 406 1303 οὗτοι
428 1232 492 1304 τοῦ
514 1225 609 1304 θείου
636 1224 863 1327 κηρύγματος
890 1219 1085 1323 τὸνλόγον
1104 1224 1145 1301 ού
1164 1219 1405 1324 προσιέμενοι,
1426 1223 1510 1297 δια-

145 1363 291 1415 1Con-1¹⁸·
310 1352 486 1448 γελῶντες
503 1346 541 1427 δε
559 1354 704 1442 μᾶλλον
722 1348 780 1425 καὶ
798 1344 935 1447 μωρίαν
948 1341 1035 1424 εἶναι
1054 1344 1264 1442 νομίσαντες
1281 1376 1323 1421 το
1306 1340 1513 1442 Χριστοῦ

143 1493 287 1557 Supnver.
309 1469 518 1613 μυστήριον,
533 1471 695 1574 δέχονται
715 1481 736 1516 “
748 1467 814 1569 τὴν
832 1467 952 1618 ὁρμὴν
970 1473 1034 1568 τῆς
1051 1465 1235 1570 γνῶσεως’
1238 1466 1331 1544 ’του
1314 1461 1512 1565 Πατρος,

144 1571 183 1622 ⁴*
310 1592 349 1672 ἐκ
368 1589 507 1672 θανάτου
530 1591 621 1696 πρὸς
648 1589 853 1673 θάνατον’
835 1626 873 1671 εν
892 1587 1098 1698 θανάτῳ
1054 1625 1125 1694 γαρ
1144 1587 1244 1672 ὄντες
1271 1582 1330 1667 διά
1356 1619 1412 1667 τοι
1439 1582 1513 1684 τὴν
1531 1620 1569 1660 ιο
1618 1586 1619 1650 λ

308 1715 461 1793 ε’νοῦσαν
479 1716 597 1797 αὐτοῖς
624 1717 808 1815 ἀγνωσίαν
836 1748 895 1793 και
921 1713 1103 1816 πύρωσιν,
1121 1713 1311 1814 μονονουχὶ
1338 1743 1395 1788 και
1382 1711 1510 1788 δευ-

310 1835 400 1944 τέριρ
428 1833 572 1943 θανάτῳ
598 1837 864 1938 περιπταίοντες
896 1837 1017 1916 ἁλοῖεν
1058 1836 1115 1915 ἀν·
1151 1839 1184 1915 οἱ
1215 1833 1328 1936 γεμὴν
1356 1829 1414 1910 διά
1442 1835 1513 1930 τῆς
1618 1835 1619 1924 ζ

310 1962 455 2057 νομικῆς
466 1959 687 2041 παιδεύσεως
701 1955 793 2060 πρὸς
810 1957 925 2063 ἀρχὰς
935 1956 1157 2060 ένηνεγμένοι
1171 1962 1235 2056 τῆς
1253 1955 1423 2057 γνώσεως
1441 1960 1513 2034 τοῦ
1618 1959 1619 1962 ’

310 2086 416 2178 θεοῦ,
436 2080 610 2185 γεγόνασι
630 2081 696 2180 μέν
713 2116 790 2165 πως
809 2085 846 2161 έν
864 2082 950 2186 ζωῇ,
971 2080 1071 2181 πλὴν
1089 2087 1118 2159 εἱ
1136 2079 1369 2160 πιστεύσειαν
1384 2111 1509 2178 παρα·
1618 2029 1620 2130 λ

309 2203 472 2310 δέξονται
496 2202 562 2303 τῖγν
590 2203 710 2303 ὀσμὴν
736 2208 800 2303 τῆς
826 2204 996 2306 γνώσεως
1023 2212 1087 2284 τοῦ
1111 2201 1255 2307 Πατρὸς
1281 2211 1319 2282 ἓν
1347 2199 1431 2311 ζωνς
1460 2211 1511 2288 εἰς
1529 2230 1569 2290 15

311 2326 402 2433 ζωήν·
446 2329 540 2432 φησὶ
567 2323 639 2429 γάρ
663 2361 735 2408 που
765 2324 928 2429 Χριστὸς
957 2325 1048 2431 πρὸς
1077 2326 1141 2406 τὸν
1171 2330 1209 2406 ἐν
1241 2333 1314 2408 τοῖς
1344 2326 1511 2428 οὐρανοῖς

247 2524 254 2538 ,
311 2449 459 2553 Πατέρα
483 2454 540 2529 καὶ
563 2448 657 2530 Θεύν
684 2461 707 2497 “
720 2452 822 2549 Αύτη
849 2451 892 2530 δέ
914 2453 1014 2530 ε’στιν
1042 2449 1180 2533 αἱῶνιος
1206 2445 1287 2553 ζωὴ,
1306 2448 1364 2527 ἵνα
1391 2448 1505 2550 γινιῦ-

311 2573 474 2654 “σκωσί
497 2607 542 2652 σε
571 2607 634 2653 τον
659 2571 770 2671 μύνον
799 2572 971 2673 ἀληθινὸν
999 2571 1105 2669 Θεὸν,
1133 2577 1192 2653 καὶ
1219 2607 1261 2652 ον
1288 2573 1511 2656 ἀπέστειλας

310 2697 495 2794 “Ιησοῦν
513 2696 710 2849 Χριρτύνά
748 2694 850 2776 ἀλλά
870 2697 922 2782 τίς
948 2694 992 2776 ἀν
1009 2694 1147 2798 γένοιτό
1170 2703 1265 2802 φησι
1287 2731 1369 2802 προς
1394 2697 1510 2776 ταῦτα

310 2817 444 2912 ωιανίςς
474 2853 531 2898 και
519 2813 652 2916 μάλα
670 2819 825 2902 εὶκάτως·
864 2818 1138 2921 δυσεύρετος
1092 2853 1164 2923 γαρ
1183 2815 1373 2919 ἀληθῶς
1345 2851 1444 2925 ερπερ
1461 2815 1510 2897 ἀν
1527 2855 1568 2898 20

310 2936 501 3044 ἐνυπάρχοι
530 2939 572 3019 τὸ
603 2940 777 3021 δύνασθαι
809 2948 937 3021 λαλεῖν
965 2944 1080 3044 ὀρθῶς
1110 2976 1149 3022 τε
1178 2944 1236 3022 καὶ
1264 2943 1435 3024 ἀπλανῶς
1462 2940 1510 3021 τῦ

311 3066 476 3164 Χριστοῦ
498 3063 706 3166 μυστήριον,
726 3065 844 3144 ὁποῖοί
858 3099 949 3149 τινες
967 3063 1063 3164 ἦσαν
1081 3069 1114 3144 οἱ
1133 3063 1322 3144 θεσπέσωι
1338 3065 1509 3164 μαθηταὶ,

312 3189 371 3264 καὶ
394 3186 458 3270 τὰς
483 3193 555 3266 τῶν
577 3187 820 3292 ε’τεροφρύνων
838 3188 1057 3289 δυστρυπίας
1082 3176 1332 3289 διορθούμενοι,
1351 3185 1403 3271 οἷς
1425 3186 1510 3270 ἔθος

199 3343 299 3394 vem.
311 3309 389 3387 ἐστὶ
408 3310 467 3388 καὶ
484 3307 542 3387 διά
559 3311 735 3408 πλείστης
757 3311 906 3389 τέθειται
925 3315 1087 3410 σπουδῆς
1105 3311 1146 3391 τὸ
1164 3309 1239 3391 οἷον
1257 3308 1509 3403 ε’κκοιπηλεύειν

311 3430 363 3511 τλν
381 3434 436 3511 τοῦ
455 3434 539 3512 Θεοῦ
565 3433 679 3534 λίγιν,
699 3431 819 3537 ἀπάτῃ
842 3466 881 3512 τε
908 3437 965 3514 καὶ
994 3433 1116 3539 ψεύδει
1144 3433 1435 3536 συγκεκραμένην
1453 3436 1509 3514 ἀεὶ
1527 3462 1566 3521 25

311 3559 490 3634 ποιεῖσθαι
505 3561 625 3660 φιλεῖν
638 3559 702 3654 τῆς
713 3557 870 3641 πίστεως
883 3554 949 3656 τὴν
963 3555 1150 3637 ἀπόδοσιν·
1179 3559 1220 3636 οῦ
1238 3556 1310 3658 γάρ
1324 3556 1402 3636 ἔστι
1420 3560 1506 3659 παρ’

312 3678 430 3760 αύτοῖς
459 3677 615 3782 ἀκρατον
636 3677 761 3782 ῶσπερ
784 3682 843 3758 καὶ
870 3679 1062 3760 ἀνόθευτον
1088 3682 1199 3783 εῦρεῖν
1226 3676 1293 3779 τὴν
1320 3677 1505 3778 ἀλήθειαν·

312 3805 398 3881 ἀλλ’
418 3800 455 3880 οἵ
478 3834 520 3903 γε
544 3805 630 3881 θεῖοι
653 3805 887 3904 μυσταγωγοῦ
916 3811 1112 3886 λαλοῦντες
1134 3805 1171 3882 ἐν
1191 3803 1383 3904 Πνεύματι,
1403 3807 1447 3889 ἀς
1471 3805 1510 3913 ἐξ

313 3925 518 4032 εἰλικρινίας
539 3923 710 4005 κατέναντι
731 3929 816 4007 Θεοῦ
832 3924 952 4008 πάντα
970 3961 1008 4006 τε
1027 3930 1141 4029 δρῶσι
1157 3929 1216 4006 καὶ
1234 3926 1417 4028 λέγουσιν.

350 4127 393 4165 20.
413 4110 471 4166 Ine.
484 4110 518 4166 de
529 4129 599 4167 novo
618 4112 778 4204 Δυσεύρετος
795 4114 878 4184 γάρ’
863 4136 937 4170 εστιν
948 4116 963 4167 δ
975 4113 1113 4182 δυνάμενος
1129 4113 1249 4170 ἀπλανῶς
1266 4116 1382 4183 λσλησαι
1400 4117 1431 4170 τδ
1427 4138 1506 4208 χρι-

314 4185 380 4236 ατοῦ
398 4181 540 4272 μυστήριον
557 4184 642 4237 ὁποῖοί
658 4205 724 4239 τινες
741 4181 809 4250 ἦσαν
825 4185 850 4236 σί
867 4184 1003 4239 θεσπέσιον
1017 4183 1129 4252 μαθηται
1142 4183 1189 4249 Η
1202 4184 1297 4240 deinde
1308 4185 1435 4240 verba'
1407 4208 1438 4240 ov
1455 4190 1507 4258 γάρ

313 4250 394 4319 ε’σμεν
405 4251 574 4307 ὧςοίλοιπολ
586 4253 775 4342 καπηλεύοντες
792 4254 904 4322 τδνλόγ
872 4255 935 4322 όγον
951 4257 997 4307 τοῦ
1015 4257 1082 4308 θεοῦ
1118 4272 1262 4326 reponens,
1279 4255 1331 4310 inc.
1344 4257 1404 4312 τοῦς
1420 4257 1506 4327 ἕτερό-

314 4323 414 4390 φρονας
425 4319 599 4376 σῖνιττεται
571 4344 609 4378 οις
621 4320 957 4410 σπουδητδθκκσπηλευειν
969 4323 1011 4391 (ut
1027 4273 1122 4392 wlf
1358 4347 1387 4380 τε
1400 4343 1453 4380 om.
1469 4327 1505 4382 H.

314 4391 536 4459 συγκρ“ίνοντες
505 4412 590 4458 τη.ςπ
605 4391 642 4446 H.
722 4390 764 4446 26.
783 4391 895 4446 m'a-u’k'
883 4392 1215 4480 ηθτιιιναοουσιριαοκΗ.
1295 4338 1454 4466 Ἡθγεοιο
1468 4396 1505 4453 Η.

313 4410 624 4597 λκιρλΞῦζτεῆ-λέγουσιν]
641 4461 671 4530 ἐξ
687 4461 847 4532 «namtas
861 4461 991 4517 κατέναντι
1007 4464 1067 4518 θεοῦ
1079 4465 1161 4520 πάντα
1172 4467 1278 4519 ποιοῦσι
1291 4465 1332 4519 καὶ
1343 4467 1493 4538 λέγουσιν’
1480 4489 1506 4522 εν
