3284 5130
117 325 184 392 xix.
196 345 317 415 39-41.
400 329 457 393 IN
487 327 521 392 S.
545 327 567 391 J
572 327 802 394 OANNEM.
848 327 944 394 LIB.
969 327 1049 393 XII.
1258 331 1319 394 105

109 539 219 613 Ἠλθε
242 545 278 612 δὲ
301 547 355 614 καί
375 547 568 631 Νικόδαμος,
585 552 603 617 ὀ
621 549 728 617 ἐλθὼν
747 549 830 640 πρὸς
855 551 954 618 αὑτὸν
973 550 1087 616 νυκτὸς
1113 550 1152 616 τὸ
1176 550 1320 639 πρῶτον,
1336 571 1374 631 39

223 676 337 763 φέρων
357 675 456 753 μίν-μα
478 677 620 765 σμύρνης
644 675 698 740 καί
719 677 831 755 ἀλόιις,
856 676 937 743 coast
958 675 1071 764 λίτρας
1093 676 1220 742 ἑκατόν.

178 843 265 948 Οὐχ
283 844 345 924 ἕνα
367 849 461 952 φησὶ
484 844 649 948 μαθητὴν
666 852 932 942 βεβουλεῦσθαι
959 843 1163 952 σωφρόνως
1186 854 1322 950 προθυ-

117 963 268 1063 μότατοί
282 1001 321 1046 τε
339 971 397 1048 καὶ
415 970 499 1049 λίαν
512 971 630 1052 ἐλθεῖν
647 975 695 1055 είς
705 968 928 1073 περιστολὴν
942 979 1006 1051 τοῦ
1025 971 1129 1072 ἁγίου
1143 971 1324 1072 σώματος,

86 1088 357 1170 5ἐπισυνιίπτει
385 1091 423 1172 δὲ
451 1099 503 1200 τῷ
530 1094 663 1202 πρώτῳ
693 1095 751 1174 καῖ
775 1092 951 1196 δεύτερον·
991 1089 1185 1200 Νικίθιιμος
1222 1094 1325 1177 οὗτος

119 1211 179 1314 ἦν·
201 1216 400 1361 μαρτυρίαν
416 1213 541 1320 ὥσπερ
559 1217 626 1318 τὴν
644 1215 735 1298 κατὰ
754 1215 863 1370 νόμρν
881 1217 1113 1318 τετιμημένην
1130 1217 1354 1318 συλλέγωνο

121 1341 178 1444 τῷ
194 1337 393 1488 πράγματι.
432 1349 454 1386 “
467 1343 553 1422 Ἐπὶ
571 1339 754 1440 στόματος
778 1341 860 1491 γὰρ,
880 1345 987 1448 φησὶ,
1010 1339 1110 1421 δύο
1092 1378 1114 1441 η
1134 1375 1192 1421 και
1217 1348 1325 1445 τριῶν
1370 1345 1474 1470 wis

122 1459 358 1565 “μαρτιίρων
376 1463 673 1564 σταθήσεται
621 1500 695 1547 παν
712 1464 830 1570 ῥῆμαί
833 1464 938 1545 δύο
956 1471 1147 1618 τοιγαρρῦν
1165 1469 1198 1544 οἱ
1218 1465 1320 1545 ἐντα-

124 1585 335 1689 φιάσαντες,
352 1587 495 1695 Ἰωσήφ
519 1623 557 1669 τε
587 1625 646 1670 και
635 1584 912 1694 Νικίθημος,
887 1622 1027 1693 εχυντες
1052 1588 1118 1687 μέν
1145 1588 1232 1669 εἴσω
1259 1588 1326 1689 τὴν

76 1741 113 1781 10
125 1711 255 1792 πίστιν
276 1713 325 1794 είς
348 1719 442 1808 νοῦν,
461 1711 623 1820 ἀσυνέτῳ
641 1711 756 1814 γεμῆν
778 1713 830 1793 ἐτι
858 1712 1161 1814 καταπτοοιίμενοι
1180 1712 1327 1812 δείματι,

126 1837 186 1914 καὶ
215 1837 281 1932 τῆς
308 1834 462 1936 ἐπιγείου
488 1839 591 1936 τιμῆς
615 1870 652 1915 τε
680 1838 738 1916 καὶ
768 1834 877 1943 δόξης
910 1837 1008 1916 οὕτω
1039 1837 1328 1941 προτιμήσαντες

126 1955 194 2055 τῆν
211 1956 314 2061 παρὰ
336 1963 430 2066 Θεῷ.
469 1957 490 2057 ἧ
513 1958 585 2063 γὰρ
604 1959 648 2040 ἂν
665 1959 730 2040 τὸν
747 1962 787 2040 ἐκ
815 1965 889 2038 τῶν
905 1959 1088 2040 Ἰουδαίων
1107 1957 1328 2064 ἀποπεμψά-

125 2113 229 2180 μενοι
258 2077 387 2188 φόβον,
407 2085 464 2162 καὶ
494 2083 603 2184 ὀλίγα
631 2089 817 2167 παντελῶς
844 2085 908 2182 τῆς
935 2088 983 2166 είς
1004 2085 1164 2164 ἐντεῦθεν
1183 2085 1328 2191 φροντί-

125 2237 262 2289 σαντες
289 2206 449 2304 ἀπειλῆς,
470 2205 659 2309 ἐλευθέραν
676 2212 721 2312 τῆ
748 2207 871 2287 πίστει
895 2207 1083 2312 παρέσχον
1105 2206 1171 2307 τῆν
1190 2207 1326 2304 ἄδειαν,

79 2343 114 2405 ¹5
127 2327 229 2409 ὅσιοί
244 2331 360 2409 τεκαὶ
379 2330 508 2432 ἀγαθοὶ
534 2335 596 2430 τῆς
614 2339 679 2411 τοῦ
698 2335 867 2432 Σωτῆρος
890 2330 989 2430 ἡμῶν
1007 2333 1154 2431 ἐντολῆς
1172 2332 1329 2436 ἐδείχθη-

126 2486 204 2534 σαν
223 2453 396 2558 φύλακες.

123 2689 271 2772 Ἔλαβον
296 2689 409 2759 οὖντὸ
433 2694 527 2772 σῶμα
552 2694 732 2761 τοῦἸιιοοΰ
759 2692 812 2758 καὶ
835 2693 956 2760 ἔδυσαν
976 2693 1056 2760 αὐτὸ
1080 2691 1221 2759 ὀθονίοις
1246 2692 1326 2769 μετὰ
1341 2615 1496 2768 {gom

181 2817 250 2883 τῶν
277 2816 475 2907 ἀρωμάτων,
503 2819 612 2886 καθὼς
637 2819 713 2886 ἔθος
740 2819 809 2886 ἐστὶ
835 2815 903 2886 τοῖο
919 2815 1093 2885 Ἰουδαίοις
1114 2817 1329 2909 ἐνταφιάζειν.

181 2938 222 3010 εῖν
250 2941 286 3008 δὲ
313 2943 349 3010 ὲν
365 2947 414 3030 τῷ
440 2943 533 3030 τόσῳ
559 2947 642 3013 ὅπου
669 2945 860 3033 ἐσταυρώθη
889 2951 1001 3025 κῆιιος,
1026 2945 1079 3010 καί
1102 2945 1137 3010 ἐν
1161 2947 1209 3031 τῷ
1236 2945 1330 3028 κιὶπῳ
1345 2969 1381 3025 41

79 3075 117 3116 ²0
181 3065 342 3147 μνιιμεῖον
370 3069 482 3137 καινὸν
508 3071 543 3136 ἐν
571 3067 758 3156 ᾦούδὲιιω
784 3068 891 3137 οὐδεὶς
919 3065 958 3135 ιἰν
985 3072 1181 3146 τεθειμένος.

187 3242 395 3342 Ἐλογίσθη
419 3241 485 3341 μέν
502 3245 540 3322 ἐν
559 3250 701 3349 νεκροῖς,
721 3245 741 3324 ὁ
770 3244 812 3323 δι’
839 3242 932 3342 ἡμᾶς
950 3241 1015 3344 μὲν
1033 3245 1071 3323 ἐν
1089 3249 1223 3345 νεκροῖς
1241 3241 1333 3322 κατὰ

131 3363 266 3467 σάρκα,
284 3363 355 3468 ζωῆ
380 3363 418 3444 δέ
443 3367 486 3446 δι’
507 3364 633 3448 ἑαυτὸν
651 3370 709 3446 καὶ
735 3364 798 3447 τὸν
815 3366 987 3471 φύσαντα
1011 3365 1199 3466 νοούμενός
1216 3401 1255 3447 τε
1274 3370 1333 3446 καὶ

132 3486 308 3592 ὑπάρχων
335 3488 427 3568 κατὰ
456 3489 640 3590 ἀλήθειαν.
678 3492 737 3570 ἵνα
769 3489 808 3571 δέ
835 3496 961 3571 πᾶσαν
988 3490 1170 3598 πληρώσῃ
1200 3494 1332 3571 δικαιο-

132 3611 263 3712 σύνην,
283 3608 349 3712 τῆν
367 3618 419 3720 τῷ
441 3615 652 3722 ἀνθρωπίνῳ
675 3611 713 3693 δέ
742 3612 909 3715 δηλονότι
932 3614 1143 3718 πρέσουσαν
1160 3613 1368 3720 σχήματκλ

79 3765 118 3827 25
133 3736 217 3840 οὐχὶ
235 3738 287 3844 τῷ
309 3737 472 3817 τεθνοίναι
490 3736 601 3838 μόνον
625 3740 707 3819 καθ’
732 3736 898 3818 ἑκούσιον
915 3738 1098 3837 βούλησιν
1118 3737 1184 3820 τὸν
1207 3745 1334 3818 οἰκεῖον

133 3862 291 3940 ι’πτετίθει
318 3860 415 3959 ναὸν,
441 3861 541 3941 ἀλλὰ
569 3865 626 3942 καὶ
654 3868 728 3946 τοῖς
755 3859 845 3961 μετὰ
871 3870 988 3961 τοῦτο,
1012 3865 1106 3968 φημὶ
1134 3861 1178 3962 δὴ
1205 3859 1330 3957 πάλιν,

130 3989 186 4092 τῷ
214 4017 254 4062 τε
281 3985 516 4092 ἐνταφιασμῷ
544 3989 603 4066 καὶ
634 3984 824 4065 καταθέσει
860 3989 906 4090 τῆ
938 3990 986 4070 είς
1021 3982 1064 4065 τὸ
1100 3988 1263 4091 μνημεῖον.
1303 3984 1333 4062 ἐν

132 4109 234 4216 κῆπιρ
253 4104 292 4186 δέ
311 4114 417 4188 τοῦτο
441 4111 500 4187 καὶ
525 4109 633 4190 καινλν
655 4105 745 4188 εἶναί
772 4109 927 4213 φησινὸ
950 4105 1195 4213 συγγραφεὺς,
1219 4140 1329 4186 κατα-

130 4233 375 4333 σημαίνοντος
392 4230 517 4335 ὥσπερ
535 4232 619 4332 ἡμῖν
635 4234 674 4312 ἐν
692 4231 794 4340 τιίπτρ
819 4234 878 4311 καὶ
898 4233 1122 4338 ὑπσγραμμῷ
1149 4238 1214 4310 τοῦ
1241 4230 1334 4334 πρά-

76 4395 118 4454 30
132 4391 284 4464 γματος,
303 4355 358 4437 ὅτι
383 4359 447 4454 τῆς
468 4361 517 4440 είς
542 4355 606 4438 τὸν
623 4354 845 4460 παράδεισον
862 4358 1053 4459 είσδρομῆς
1078 4357 1136 4435 καὶ
1161 4353 1335 4463 πρόξενος

316 4565 358 4622 2⁶.
378 4565 446 4620 ιιιι
460 4563 492 4620 ιι.
504 4563 563 4621 ειν
577 4566 600 4619 «ι
613 4565 664 4622 ιιι.
886 4581 928 4636 29.
947 4564 1032 4639 τύπῳ]
1050 4572 1078 4631 ÷
1093 4589 1121 4621 n
1134 4584 1157 4622 a.

178 4667 251 4714 VOL.
268 4667 332 4712 111.·
738 4667 758 4712 Ρ
