3268 5130
314 347 380 412 280
482 347 521 413 B.
544 343 734 412 CYRILLI
760 345 1025 412 ALEXANDR.
1053 341 1337 410 FRAGMENTA
1402 342 1445 405 ix.
1460 359 1512 408 21.

206 443 270 494 ιιι.

166 443 205 510 [³
279 443 424 603 1όλως·
464 521 574 599 ε’κεῖνο
601 517 639 598 δὲ
668 524 815 618 μᾶλλον
843 519 1023 598 ἀναπείθει
1055 523 1210 622 φρονεῖν,
1242 515 1297 596 ότι
1328 509 1508 595 διαπλάτ-

315 643 440 722 τονταί
458 676 550 727 τινες
573 639 632 722 οἶά
656 675 724 745 περ
751 639 864 740 σκεόη
892 638 1074 744 κεραμικὰ,
1097 639 1122 719 ἀ
1145 637 1206 746 μίν
1233 647 1278 726 εἰς
1301 635 1451 744 τιμήν,ἀ
1475 631 1512 717 δί

315 772 364 850 τίς
390 767 541 870 ἀτιμίαν·
580 766 639 845 καί
665 762 730 844 τόν
747 798 789 865 γε
810 771 875 844 τοῦ
891 765 1180 868 παραδείγματος
1200 761 1337 864 τρόπον
1354 764 1393 842 ἐκ
1414 794 1507 863 προ-

316 893 477 992 φητικῶν
512 888 596 988 ήμῖν
630 887 860 968 πεπαίδευται
890 887 1026 988 λόγων·
1068 888 1149 967 τίνα
1180 886 1245 966 οὖν
1273 884 1344 988 ἀρα
1376 883 1513 987 τρόπον

316 1008 599 1092 διαπλάπονταί
620 1044 722 1108 τινες,
741 1008 799 1090 οἷά
824 1044 894 1112 περ
919 1013 959 1090 ἐκ
986 1009 1173 1114 κεραμείος,
1198 1013 1232 1089 οἰ
1257 1007 1317 1113 μὲν
1344 1015 1390 1094 εἰς
1415 1004 1545 1112 τιμίμό

317 1137 350 1213 οἰ
379 1128 415 1214 δὲ
443 1142 490 1220 εἰς
517 1137 657 1240 ἀτιμίαι
682 1136 740 1214 καί
764 1135 823 1214 ε’πί
844 1133 960 1217 ποίαις
988 1135 1126 1223 αἰτιίιις,
1155 1134 1259 1232 εἰδείη
1290 1166 1345 1214 τις
1368 1129 1416 1210 ἀν
1438 1137 1512 1214 τοῖς

150 1268 222 1382 ξιξ·
235 1255 486 1361 Χ*δίἹερεμίου
509 1255 634 1358 λόγοις
655 1257 823 1361 ε’ντνχῶν·
858 1256 1058 1360 γέγραπται
1082 1255 1121 1337 δὲ
1145 1257 1255 1339 οὕτως
1285 1266 1306 1304 “
1320 1253 1512 1353 Ἀνάστηθι

217 1367 222 1382 ’
316 1390 338 1429 “
356 1383 413 1461 καί
431 1379 608 1481 κατάβηθι
631 1386 679 1465 είς
696 1380 761 1461 τὸν
778 1377 876 1461 οἶκον
893 1388 958 1461 τοῦ
983 1380 1169 1484 κεραμείας,
1188 1381 1246 1462 καί
1273 1381 1347 1459 ε’κεῖ
1370 1375 1511 1481 ἀκοόοη

315 1513 338 1552 “
355 1502 437 1589 τοὺς
456 1503 588 1605 λόγους
605 1532 687 1601 μου·
727 1507 785 1584 καὶ
803 1502 957 1604 κατέβην
975 1509 1024 1588 εἰς
1039 1501 1104 1584 τὸν
1121 1500 1219 1584 οἰκον
1236 1509 1302 1583 τοῦ
1322 1498 1510 1602 κεραμέως,

315 1636 338 1674 “
356 1632 415 1708 καί
442 1626 518 1706 ἰδοὺ
545 1625 650 1712 αὐτὸς
678 1627 786 1707 ε’ποίει
810 1627 917 1730 ἔργον
935 1629 1083 1710 ἐπὶτῶν
1101 1627 1225 1707 λίθων·
1264 1628 1323 1705 καὶ
1341 1624 1449 1706 ἔπεσε
1466 1620 1509 1704 τά
1523 1648 1564 1690 ¹0

315 1759 338 1798 “
355 1753 500 1850 ἀγγεῖον
526 1748 547 1830 δ
572 1748 676 1834 αὐτὸς
703 1750 810 1832 ε’ποίει
833 1752 871 1828 ἐν
893 1757 970 1834 ταῖς
998 1754 1124 1854 χερσὶν
1151 1750 1267 1829 αὐτοῖν
1310 1751 1368 1828 καί
1395 1746 1509 1826 πάλιν

316 1883 339 1921 “
357 1871 463 1957 αάτδς
480 1872 647 1973 ἐποίησεν
665 1870 751 1952 αὐτὸ
769 1875 921 1976 ἀγγεῖον
931 1873 1060 1977 ἕτερον,
1079 1872 1197 1956 καθὼς
1215 1871 1344 1975 ήρεσεν
1362 1869 1511 1952 ε’νῶπιον

317 2004 339 2042 “
357 1996 466 2075 αὐτοῦ
484 2004 549 2077 τοῖν
566 2000 725 2094 ποιῆσαι·
763 1999 821 2076 καί
839 1995 987 2097 ἐγένετο,
1005 1998 1116 2101 φησί,
1138 1993 1249 2095 λόγος
1269 1995 1404 2097 Κυρίου
1420 1990 1511 2096 πρὸς

316 2127 339 2166 “
357 2115 401 2216 μὲ
419 2117 539 2220 λε’γων
558 2124 605 2199 Εἰ
623 2121 671 2204 ὡς
689 2121 710 2199 ὁ
729 2120 898 2222 κεραμεὺς
915 2121 1018 2204 οίττος
1040 2121 1081 2200 οὐ
1104 2116 1303 2219 δυνήσομαι
1321 2126 1384 2196 τοῦ
1400 2121 1509 2214 ποιῆ-

317 2251 339 2288 “
356 2274 423 2321 σαι
450 2243 540 2340 ὑμᾶς
567 2238 662 2327 οἰκος
687 2241 867 2346 Ἰσραήλ;
913 2241 989 2324 ἰδοά
1016 2243 1065 2327 ῶς
1091 2240 1208 2342 πηλὸς
1237 2247 1302 2321 τοῦ
1333 2241 1509 2343 κεραμέως
1524 2277 1565 2336 15

317 2373 339 2410 “
358 2365 452 2462 ὑμεῖς
477 2365 561 2446 ε’στε
586 2367 624 2444 ἐν
640 2372 718 2450 ταῖς
736 2366 846 2469 χερσί
867 2395 949 2467 μου·
977 2365 1088 2468 πέρας
1110 2363 1267 2463 λαλήσω
1286 2364 1343 2444 ε’πί
1369 2360 1511 2463 ἕθνοςῆ

317 2496 339 2535 “
357 2489 414 2568 ε’πί
441 2488 634 2584 βασιλείαν
659 2494 724 2569 τοῦ
751 2488 874 2595 ἐξᾶραι
902 2487 1041 2574 αι’ντοιίς·
1080 2491 1138 2568 καί
1170 2486 1435 2592 ε’πιστρεφουσι
1468 2484 1511 2566 τά

317 2621 341 2659 “
358 2611 458 2696 ἔθνος
475 2613 585 2692 ἐκεῖνο
605 2609 677 2693 ἀπὸ
695 2609 840 2692 πάντων
858 2619 931 2692 τῶν
949 2618 1068 2693 κακῶν
1081 2612 1210 2708 αὐτῶν,
1224 2613 1282 2691 καί
1300 2611 1513 2712 μετανοήσας

318 2743 340 2781 “
358 2736 439 2836 περὶ
464 2741 536 2815 τῶν
557 2742 676 2815 κακῶν
697 2732 747 2814 ὧν
768 2735 993 2837 ἐλογισάμην
1020 2743 1085 2816 τοῦ
1111 2739 1261 2833 ποιήσαι
1289 2735 1417 2819 αὐτοῖς·
1455 2738 1513 2814 καί

319 2865 342 2904 “
357 2857 468 2959 πέρας
491 2857 650 2956 λαλήσω
669 2859 726 2938 ε’πί
751 2859 852 2942 ἔθνος
870 2859 928 2939 καί
946 2861 1003 2939 ε’πί
1027 2858 1220 2954 βασιλείαν
1237 2867 1302 2939 τοῦ
1326 2861 1508 2938 ἀνοικοδο·
1525 2895 1569 2938 ιο

319 2988 342 3026 “
358 2986 504 3078 μεῖσθαι
523 2983 580 3059 καί
598 2989 663 3060 τοῦ
681 2971 997 3087 καταφντειίεσθαι·
1023 2984 1081 3062 καί
1099 2980 1296 3080 ποιήσουσι
1313 2980 1360 3063 τά
1373 2980 1513 3082 πονηρά

319 3111 342 3149 “
360 3102 519 3181 ἐναντίον
535 3136 605 3199 μου
632 3111 697 3184 τοῦ
724 3103 774 3204 μή
794 3107 947 3184 ἀκοῦσαι
974 3109 1187 3210 τῆςφωνῆς
1215 3111 1372 3204 μου,καί
1398 3139 1510 3204 μετα·

320 3234 342 3271 “
361 3222 482 3323 νοήσω
500 3228 579 3328 περὶ
604 3232 676 3306 τῶν
695 3230 841 3329 ἀγαθῶν
858 3225 909 3308 ὧν
926 3225 1095 3328 ἐλάλησα
1112 3238 1176 3308 τοῦ
1194 3233 1344 3328 ποιήσαι
1363 3228 1511 3312 αάτοῖς.”

320 3348 406 3452 ὁρᾷς
433 3354 510 3431 πῶς
537 3349 762 3430 πλάττονταί
787 3385 879 3436 τινες
911 3357 960 3435 εἰς
990 3351 1097 3452 τιμήν
1130 3385 1168 3432 τε
1200 3355 1258 3432 καί
1290 3352 1443 3451 ἀτιμίαν,
1471 3354 1513 3431 οιί

320 3469 435 3575 φύσιν
453 3469 625 3577 λαχόντες
651 3470 717 3571 τήν
734 3471 802 3554 ὦδε
826 3476 1079 3576 πεποιημένην,
1100 3477 1185 3556 ἀλλ’
1205 3473 1257 3560 οἷς
1278 3471 1324 3555 ἀν
1342 3473 1513 3578 δράσειαν
1526 3507 1568 3568 ²5

321 3590 386 3690 τήν
405 3598 565 3693 ἰσοπαλή
593 3599 651 3675 καί
677 3596 888 3700 πρέπουσαν
908 3601 1091 3678 ἀντίδοσιν
1109 3595 1327 3702 κομιζόμενοι
1344 3617 1361 3694 ;’
1386 3599 1514 3678 οὐκοῦν

321 3721 350 3796 εἰ
367 3715 507 3820 κολάζει
528 3725 600 3797 τῶν
618 3718 714 3799 ὅλων
732 3721 752 3800 ἀ
769 3721 917 3822 ποιητής
938 3720 1003 3802 τὸν
1020 3725 1058 3802 εἰι
1082 3720 1225 3825 τρόπων
1241 3724 1388 3824 ἀγαθῶν
1402 3755 1511 3820 μετα-

206 3867 249 3924 39
262 3866 309 3924 1.
322 3846 503 3944 φοιτῶντα
525 3841 616 3944 πρὸς
638 3840 686 3922 τά
710 3844 852 3948 αἰσχίω,
870 3847 929 3925 καί
950 3842 1014 3926 τόν
1036 3847 1074 3925 ἐκ
1096 3851 1169 3925 τῶν
1186 3843 1381 3950 αἰσχιόνων
1399 3879 1508 3944 μετα·

320 3972 507 4069 χωροῦντα
526 3963 618 4068 πρὸς
634 3963 681 4044 τά
697 3967 833 4061 βελτίω
856 3975 975 4068 τιμαῖς
995 3975 1181 4075 στεφανοῖ,
1199 3975 1276 4053 πῶς
1300 3970 1365 4048 οὐκ
1383 3966 1516 4062 ἀληθὲς

356 4229 382 4277 4.
400 4210 535 4280 πεποίηται
547 4228 596 4281 pro
606 4211 772 4267 πεπαίδευται
784 4211 818 4267 A.
872 4215 969 4282 τρόπον
980 4213 1030 4282 ἀρα
1042 4213 1147 4296 ἰανοηο
1158 4211 1250 4296 01·φίαο
1263 4212 1297 4268 A.
1329 4283 1335 4295 ·
1426 4213 1454 4295 8..
1472 4213 1515 4270 καί

320 4280 446 4347 κατάβηθι
458 4290 483 4334 et
495 4281 546 4362 ἐκεῖ
557 4290 696 4353 assumpta
706 4299 739 4336 ex
752 4284 784 4335 A.
798 4283 840 4374 κρί
851 4284 975 4374 κατάβηθι
987 4283 1090 4372 αδδιδιτ
1102 4285 1128 4352 (ε
1141 4283 1207 4338 Man
1218 4282 1398 4374 ιάροξοίιοιιο)
1410 4283 1515 4366 Μιηαο.

321 4350 653 4476 ἀίονίδῖῶῶίσίλίδκλῶῶπιον
663 4355 913 4494 &baffia-A·
925 4357 988 4408 m
999 4353 1127 4494 ίζλφησι
1139 4371 1322 4482 οιτιίἰλῶποιει
1334 4354 1398 4478 Αίδ.
1416 4355 1514 4496 ῗίἰάἰίίί

321 4487 400 4544 αὐτον
413 4489 446 4543 A.
590 4508 685 4562 19-23.
703 4491 746 4546 Ab
758 4493 844 4549 αὐτοις
854 4493 889 4547 ad
900 4494 987 4550 αὐτοῖς
998 4495 1113 4549 transilit
1125 4495 1159 4550 A.
1307 4508 1349 4563 25.
1368 4493 1399 4549 ἂν
1412 4513 1466 4549 om.
1479 4497 1515 4550 A.

323 4563 366 4626 2¹7.
384 4559 578 4630 μεταφοιτῶντο
590 4572 651 4632 post
662 4561 758 4633 αἰσχίω
770 4565 920 4634 transponit
931 4565 964 4619 A.
