3284 5130
144 333 199 378 xx.
215 327 266 395 17.
327 313 384 378 IN
415 312 728 381 S.JOANNEM.
766 313 967 380 LIB.XII.
1013 313 1166 381 CARI.
1285 311 1349 377 128

143 475 244 573 ἡμεῖς
264 482 313 562 είς
330 475 373 558 τὸ
390 477 478 580 ῦπέρ
501 477 616 586 φῦσιν
633 478 775 587 ἀξίωμα
801 476 859 560 διὸ
885 483 948 579 τῆς
971 475 1064 583 πρὸς
1087 474 1196 559 αὐτὸν
1214 474 1346 577 ὁμοιώ-

143 633 240 684 σεως
272 600 526 701 ἀναβαίνομεν·
569 603 611 682 οῦ
647 601 720 708 γάρ
757 601 858 688 ὄντες
895 605 962 685 υῖοὶ
999 600 1091 683 κατά
1129 601 1244 709 φῦσιν
1282 604 1350 682 υῖοὶ

144 722 352 823 κεκλήμεθα
379 732 485 825 Θεοῦ,
514 725 630 831 κράζει
658 725 730 832 γὰρ
758 730 796 807 ἐν
823 728 908 828 ἡμῖν
936 726 996 806 διὰ
1021 735 1086 808 τοῦ
1115 727 1204 807 ἰδίου
1233 725 1348 806 Πνειῖ-

143 882 259 947 ματος
289 861 311 898 “
325 851 452 947 Ἀββᾶ
483 852 503 931 ὁ
535 849 690 954 πατήρ·”
735 853 828 933 οὕτω
865 854 924 933 καὶ
961 848 1068 936 αι’ντὸς
1103 851 1246 953 ἐπείπερ
1281 846 1348 948 τήν
1392 851 1494 981 ffi-

112 970 319 1077 δῆμετέραν
350 973 497 1082 ἐδέξατο
528 975 733 1084 μόρφωσιν,
762 975 888 1078 γέγονε
924 974 997 1079 γὰρ
1032 973 1220 1079 ἅνθρωπος
1256 973 1348 1054 κατὰ

145 1094 212 1179 τὸς
238 1097 396 1204 γραφὰς,
418 1098 515 1180 Θεὸν
542 1100 607 1206 ἔχῃ
635 1099 699 1180 τὸν
718 1099 825 1199 Θεὸν,
847 1099 962 1181 καίτοι
990 1098 1084 1184 Θεὸς
1112 1097 1283 1204 ἀντάρχων
1310 1100 1380 1178 ἐκο

144 1225 244 1300 Θεοῦ
271 1221 363 1303 κατὰ
390 1222 587 1330 φύσινκαὶ
616 1221 797 1326 ἀληθινός.
837 1222 887 1326 μὴ
915 1224 1034 1305 τοίνυν
1058 1227 1347 1328 σκανδαλισθῇς,

143 1339 215 1424 κάν
234 1346 392 1454 ἀκούσῃς
420 1346 475 1428 ὅτι
498 1344 594 1429 Θεὸν
611 1349 737 1430 ἐαυτοῦ
763 1348 828 1430 τὸν
847 1347 944 1430 Θεὸν
964 1350 1148 1446 ἀποκαλεῖ
1167 1345 1350 1450 περιάθρει

144 1465 184 1547 δὲ
213 1475 360 1568 μᾶλλον
387 1473 436 1556 ὡς
465 1470 682 1579 φιλομαθὴς,
710 1475 770 1554 καὶ
799 1471 1043 1578 περισκέπτου
1074 1472 1257 1580 φρονίμως
1285 1479 1350 1551 τοῦ

95 1589 263 1694 ῑολάγου
290 1594 356 1695 τήν
379 1595 574 1700 ἀκρίβειαν.
613 1599 740 1678 ἑαυτοῦ
766 1595 833 1698 μέν
858 1594 930 1702 γάρ
954 1593 1094 1706 Πατέρα
1122 1597 1239 1700 φησὶν
1262 1591 1350 1675 εῖναι

144 1715 212 1796 τὸν
236 1719 328 1817 Θεὸν,
353 1723 412 1800 καὶ
440 1721 542 1820 ἡμῶν
568 1717 607 1801 δέ
635 1719 729 1820 Θεὸν,
754 1729 907 1825 πρᾶγμα
934 1719 1054 1822 λέγων
1079 1717 1162 1800 καθ’
1184 1715 1350 1823 ἑκάτερον

144 1841 293 1941 ἀληθές.
351 1843 461 1948 φύσει
501 1842 567 1944 μὲν
604 1843 675 1948 γάρ
714 1848 772 1927 καὶ
808 1845 961 1952 ἀληθεία
1000 1843 1129 1947 Πατήρ
1169 1846 1249 1924 ἐστι
1284 1851 1350 1924 τοῦ

145 1967 314 2068 Χριστοῦ
345 1969 366 2046 ὸ
397 1975 471 2049 τῶν
500 1968 599 2049 ὅλων
628 1968 731 2070 Θεὸς,
761 1970 865 2070 ἡμῶν
892 1969 931 2050 δέ
963 1966 1077 2050 οῦκέτι
1110 1967 1202 2049 κατά
1234 1965 1349 2072 φύσιν

147 2088 289 2194 Πατὴρ,
321 2091 415 2176 Θεὸς
451 2092 489 2173 δέ
524 2099 681 2193 μᾶλλον,
718 2097 766 2178 ὡς
800 2094 949 2194 ποιητὴς
983 2095 1042 2173 καὶ
1075 2092 1222 2195 Κύριος·
1261 2093 1347 2174 ἀλλ’

96 2238 132 2300 ιε
145 2210 274 2294 ἑαυτὸν
303 2214 387 2314 ἡμῖν
415 2217 523 2296 οἱονεί
551 2251 630 2302 πως
662 2216 852 2321 ἀνακιρνάς
885 2219 905 2296 ὁ
940 2215 1040 2314 Υἱὸς,
1067 2215 1110 2296 τὸ
1141 2215 1207 2314 μὲν
1234 2219 1518 2325 έαιπφνὶθῦθλ.

145 2335 277 2439 κυρίως
294 2373 333 2418 τε
353 2341 411 2420 καὶ
433 2344 551 2425 ἱδικῶς
576 2338 738 2446 ῦποίρχον
757 2341 900 2449 ἀξίωμα
924 2342 970 2447 τῇ
994 2339 1147 2446 ἡμετέρᾳ
1171 2339 1349 2444 χαρίζεται

145 2459 270 2566 φύσει,
291 2463 431 2572 Πατέρα
458 2463 578 2545 κοινὸν
605 2464 788 2570 ὀνομάζων
817 2464 881 2546 τὸν
909 2467 1035 2546 ἑαυτοῦ
1062 2462 1272 2566 γεννήτορα·
1307 2462 1349 2544 τὸ

145 2585 186 2664 δέ
204 2591 250 2692 τῇ
268 2587 419 2696 ἡμετέρᾳ
437 2587 549 2696 φύσει
566 2588 827 2699 προσπεφυκὸς
846 2587 984 2695 δέχεται
1001 2585 1115 2670 πιίλιν
1132 2591 1182 2672 εἰς
1207 2585 1347 2686 ἐαυτὸν,

146 2706 208 2787 διὸ
235 2709 302 2811 τὴν
328 2711 420 2814 πρὸς
448 2713 543 2812 ἡμᾶς
575 2714 759 2814 ὁμοίωσιν.
802 2710 885 2796 Θεὸν
911 2711 984 2815 γάρ
1013 2712 1141 2792 ἑαυτοῦ
1169 2709 1234 2792 τὸν
1261 2711 1351 2792 ἴδιον

94 2868 134 2911 ιο
146 2832 309 2938 ὀνομάζει
347 2837 504 2940 Πατέρα,
536 2838 578 2916 οῦ
616 2836 776 2937 θελήσας
813 2837 991 2937 ἀτιμοίσαι
1029 2833 1096 2936 τὴν
1131 2833 1223 2938 πρὸς
1258 2835 1351 2935 ἡμᾶς

145 2957 321 3055 ὁμοίωσιν
338 2959 397 3039 διὰ
413 2958 479 3060 τήν
497 2962 651 3042 ε’νοῦσαν
669 2962 766 3070 αὐτῷ
783 2961 1061 3068 φιλανθρωπίαν
1078 2993 1117 3040 τε
1139 2964 1199 3040 καὶ
1215 2957 1348 3062 ἡμερό-

147 3115 250 3181 τητα.
292 3079 336 3162 ἀν
355 3084 474 3164 τοίνυν
494 3083 539 3192 ἐξ
562 3083 717 3185 ἀμαθίας
739 3087 906 3189 ἐγκαλεῖν
927 3082 1105 3190 ἐθελήσῃς
1131 3089 1177 3189 τῇ
1205 3083 1351 3190 τοιαύτη

147 3209 265 3311 φωνῇ,
295 3208 353 3287 καὶ
385 3205 571 3314 ἀφόρητόν
601 3242 679 3293 πως
713 3204 804 3289 εἶναί
837 3242 899 3289 σοι
937 3211 1024 3314 δοκῇ
1061 3205 1103 3287 τὸ
1139 3206 1251 3314 φοῖναι
1286 3208 1351 3288 τὸν

149 3327 287 3433 Κύρων
310 3329 394 3412 Θεὸν
418 3335 544 3413 ἑαυτοῦ
571 3330 635 3411 τὸν
662 3329 809 3435 Πατέρα
837 3333 895 3412 καὶ
924 3329 1029 3429 Θεὸν,
1052 3329 1199 3437 αι’τιάσῃ
1227 3365 1347 3434 παρα·

95 3481 134 3542 25
148 3451 293 3559 φρόνως
319 3453 386 3556 τήν
405 3453 464 3536 διά
491 3452 535 3534 σέ
563 3455 758 3558 γενομένην
777 3453 991 3555 οῖκονομίαν,
1014 3457 1073 3535 καὶ
1100 3453 1180 3535 δέον
1205 3457 1383 3560 εὔχαρι-1)

147 3583 261 3678 στεῖν,
280 3575 465 3678 ἀτιμοῖσεις
491 3575 554 3660 τὸν
574 3579 770 3682 εὐεργέτην,
790 3581 848 3658 καὶ
873 3582 938 3678 τῆς
964 3576 1184 3680 ἀγαπήσεως
1211 3581 1275 3677 τῆς
1300 3583 1350 3664 είς

147 3701 243 3801 ἡμᾶς
274 3702 465 3806 γενομένης
496 3700 560 3783 τὸν
589 3700 724 3806 τρόπον
755 3701 935 3787 ἀσυνέτως
966 3704 1162 3798 διαβαλεῖς.
1216 3706 1246 3780 εἶ
1278 3700 1350 3806 γάρ

147 3828 402 3908 τεταπείνωκεν
434 3822 559 3907 ἑαυτὸν
592 3825 767 3933 αῖσχιίνης
803 3823 1085 3932 καταφρονήσας
1121 3827 1181 3905 καὶ
1213 3821 1273 3903 διά
1305 3823 1349 3905 σέ
1394 3826 1514 3944 ἔξω·

148 3947 338 4050 γενόμενος
368 3951 567 4054 ἅνθρωπος,
597 3953 662 4050 τῆς
692 3953 774 4051 σῆς,
804 3945 834 4032 οῖ
862 3950 976 4047 οὖτος,
1005 3950 1084 4050 ἐστὶ
1111 3948 1154 4028 τὸ
1185 3946 1351 4048 ἔγκλημα

94 4117 137 4178 30
148 4071 414 4174 ταπεινότητος·
459 4079 511 4181 τῷ
542 4071 579 4152 δὲ
612 4075 670 4154 καὶ
703 4079 809 4152 τοῦτο
843 4075 970 4152 παθεῖν
1002 4069 1160 4179 ἑλομένῳ
1194 4066 1252 4149 διά
1287 4067 1346 4168 σέ,

148 4198 245 4302 μέγα
272 4231 310 4280 τε
337 4200 395 4278 καὶ
421 4196 582 4304 ἐξοίσων
600 4197 784 4303 ὀφείλεται
809 4199 939 4293 θαῦμα.
977 4191 1274 4292 καταπλήττομαι
1295 4190 1347 4288 δὲ,

152 4473 761 4620 ιο”ιίῖιῖ’ῖῖῖ’”ῦιο“ιῖςΕῖειρχὸῖίῖῖ’ρ”
773 4473 807 4536 ⁸⁹
817 4543 851 4599 26
878 4470 1031 4614 ἀθιῖήῗ
1049 4471 1093 4530 ⁹⁶⁹
1105 4469 1138 4528 E'
1151 4469 1285 4541 mm
1296 4467 1350 4526 Μ’

729 4648 786 4700 Μ
