3294 5130
313 329 378 398 472
639 332 679 398 B.
703 330 890 398 CYRILLI
919 329 1184 398 ALEXANDR.

852 575 968 653 XIV.

372 726 554 828 Διανίμει,
577 730 635 808 καὶ
672 735 735 809 νῦν
767 729 788 807 ὁ
821 726 949 830 Σωτὴρ
981 725 1143 810 τάλαντα
1176 734 1251 813 τοῖς
1283 729 1383 813 ίδίοις
1415 727 1511 808 σῖκέ·

315 883 392 934 ταις
409 851 501 930 κατά
518 886 561 954 γε
582 850 648 952 τὴν
666 854 704 931 ἐν
728 850 947 953 εὐαγγελίοις
973 849 1202 954 παραβολήν·
1232 853 1359 931 οὐκοῦν
1384 851 1515 932 ἀπλώ-

314 1006 406 1052 σατε
438 973 504 1058 τὰς
536 973 680 1077 καρδίαις
720 977 778 1055 καὶ
817 974 1041 1082 ὐποδεξασθε
1077 973 1288 1081 χαίροντες,
1316 985 1339 1022 “
1357 975 1513 1073 Δύκιμοι

315 1105 338 1142 “
355 1099 503 1198 γενέσθε
530 1098 775 1202 τραπεζῖται·”
809 1097 1081 1201 ἐμπορεύσασθε
1109 1097 1151 1179 τὸ
1178 1098 1281 1179 δοθὲν
1307 1097 1550 1198 ebremud-5

314 1247 395 1303 νως·
430 1219 759 1301 πολυπλασιάσατε
790 1227 868 1305 ταῖς
896 1219 1102 1319 ε’πιεικείαις,
1130 1221 1223 1324 με’γα
1252 1220 1310 1301 καὶ
1339 1223 1511 1324 ἁγιοπρε·

313 1341 377 1426 πές
425 1341 467 1422 τὸ
515 1343 681 1448 καύχημα
727 1345 785 1423 καὶ
831 1341 912 1427 τούς
957 1347 1021 1443 τῆς
1067 1344 1302 1447 γνησιότητος
1347 1345 1513 1428 ἐπαίνους

312 1465 491 1572 προξενεῖ,
521 1471 579 1546 καῖ
607 1469 645 1547 τί
668 1475 774 1547 τοῦτο
806 1465 914 1569 λε’γω,
941 1465 982 1546 τὸ
1010 1467 1061 1547 ἔτι
1091 1467 1208 1572 μεῖζον
1234 1469 1360 1573 ἀφείς,
1401 1469 1511 1570 οὐρα-

314 1597 377 1670 νοῦ
421 1591 576 1690 πολίτην
620 1588 811 1694 ἐργάζεται,
857 1594 906 1673 είς
948 1589 1140 1686 βασιλείαν
1183 1593 1366 1698 ἀναφέρει,
1415 1592 1514 1699 αὐτῷ

313 1711 599 1819 συνδοξάζεσθοι
634 1721 731 1794 ποιεῖ
762 1719 814 1820 τῷ
849 1710 995 1794 πάντων
1030 1714 1132 1814 ἡμῶν
1169 1719 1310 1819 Σωτῆρι
1346 1719 1512 1822 Χριστῷ.
1532 1762 1574 1803 10

314 1834 443 1932 ἰ’δωμεν
464 1835 502 1915 δὲ
529 1844 635 1917 τοῖπο
653 1839 711 1917 καὶ
730 1837 774 1943 ἐξ
788 1837 905 1916 αὐτῶν
922 1843 995 1918 τῶν
1013 1838 1253 1940 εὐαγγελικῶν
1273 1837 1510 1941 γραμμάτων·

315 1956 400 2038 ὁτιὶ
417 1957 522 2038 πέντε
545 1957 706 2039 τάλαντα
725 1957 852 2056 λαβῖον
870 1958 969 2060 παρὰ
987 1969 1050 2041 τοῦ
1071 1959 1334 2058 οἰκοδεσπότου,
1353 1995 1513 2064 προσερ-

315 2081 521 2182 γασάμενος
558 2079 596 2160 δὲ
631 2086 689 2163 καὶ
725 2082 827 2186 ἕτερα
862 2083 977 2182 πέντε,
1014 2083 1053 2165 τί
1086 2084 1325 2190 προσέρχεται
1363 2085 1509 2188 λε’γων;

315 2213 337 2253 “
357 2203 477 2307 Κύριε,
513 2207 618 2302 πέντε
654 2206 816 2287 τάλαντά
855 2240 917 2305 μοι
951 2207 1095 2300 ἔδωκας,
1132 2208 1184 2288 ’ίδε
1220 2209 1373 2308 ε’ποίησα
1408 2209 1512 2288 ἅλλα

314 2338 337 2378 “
354 2328 495 2410 πέντε.”
529 2332 614 2433 ὁρᾶς
632 2328 723 2410 ὅσον
744 2333 822 2410 ἐστὶ
840 2334 904 2429 τῆς
923 2333 1136 2436 φιλοπονίας
1163 2331 1206 2413 τὸ
1233 2330 1422 2437 καύχημα;
1450 2334 1511 2412 καὶ
1530 2371 1571 2433 15

314 2455 352 2534 τί
370 2453 460 2555 πρὸς
484 2451 591 2534 αὐτὸν
609 2454 679 2560 ἔφη
697 2451 883 2556 Χριστόςς
916 2465 937 2502 “
952 2455 1006 2535 Εὐ
1030 2459 1137 2535 δοῦλε
1163 2454 1275 2557 ἀγαθὲ
1302 2457 1361 2535 καῖ
1387 2455 1510 2555 πιστῖ,

315 2587 337 2624 “
353 2580 410 2658 ἐπὶ
435 2579 543 2680 ὀλίγα
567 2575 609 2678 ἦς
632 2575 775 2668 πιστὸς,
793 2578 850 2658 ἐπὶ
873 2584 1025 2659 πολλῶν
1048 2611 1094 2658 σε
1114 2575 1350 2678 καταστήσω,
1371 2578 1512 2662 εἴσελθε

314 2709 337 2747 “
355 2705 404 2784 είς
430 2698 497 2800 τὴν
523 2699 640 2805 χαρὰν
666 2707 730 2780 τοῦ
758 2699 880 2804 κυρίου
906 2699 1006 2781 σου.”
1033 2700 1072 2780 τί
1096 2700 1225 2780 τούτου
1250 2697 1293 2780 τδ
1319 2699 1436 2802 μεῖξιν
1462 2709 1515 2786 εῖς

315 2822 445 2928 δόξσν;
476 2825 515 2904 τί
533 2822 576 2904 τὸ
595 2822 824 2927 αἱρετώτερον
843 2829 891 2907 είς
909 2823 1094 2925 εὐημερίαν
1110 2856 1121 2920 ;
1152 2823 1287 2904 ἔπαινοι
1304 2822 1402 2927 παρὰ
1419 2829 1513 2930 Χρι-

314 2954 407 3026 στοῦ
432 2949 491 3026 καὶ
515 2951 644 3054 ψῆφος
668 2943 862 3046 δεσποτικὴ
881 2953 1117 3051 στεφανοῦσα
1143 2945 1208 3027 τὸν
1224 2945 1512 3054 φιλεργήσαντα,
1529 2993 1571 3034 20

314 3066 447 3148 πιστὸν
469 3070 630 3173 ὀνομάζει
657 3067 721 3150 τὸν
745 3067 1079 3175 καρποφορήσαντα
1106 3077 1252 3170 νοητῶς·
1282 3068 1332 3168 μὴ
1359 3069 1432 3173 γὰρ
1458 3061 1513 3179 τῷ

315 3189 491 3297 Δεσπύτη
519 3191 561 3273 τὸ
589 3190 712 3295 κε’ρδσς
744 3192 993 3295 προσήνεγκες
1023 3190 1073 3293 μὴ
1103 3192 1175 3298 γὰρ
1204 3191 1324 3298 χρῄζει
1350 3193 1445 3278 τινὸς
1474 3197 1513 3274 ἐν

314 3318 389 3397 τοῖς
405 3313 490 3393 καθ’
509 3315 657 3412 ἑαυτόν;
688 3314 794 3399 αὐτός
812 3317 892 3394 ἐστι
917 3312 960 3394 τὸ
985 3312 1131 3396 πάντων
1147 3315 1328 3418 πλήρωμα
1346 3319 1404 3397 καὶ
1423 3321 1471 3401 ὡς
1491 3320 1511 3398 ὁ

315 3436 508 3542 πάνσοφος
542 3436 711 3538 Ἰωάννης
743 3439 859 3543 φησίν
891 3448 914 3485 “
929 3439 997 3518 Ἐκ
1030 3447 1094 3519 τοῦ
1125 3438 1365 3542 πληρώματος
1402 3442 1511 3521 αὐτοῦ

316 3569 341 3607 “
357 3557 489 3643 πάντες
520 3561 618 3661 ἡμεῖς
646 3560 861 3660 ἐλάβομεν.”
899 3560 983 3642 ἄλλ’
1013 3561 1101 3642 ὅταν
1128 3562 1225 3662 ἡμεῖς
1257 3561 1402 3648 ἕαυτούς
1432 3598 1509 3669 κερ-
1526 3609 1566 3669 ²5

314 3680 485 3783 δάνωμεν,
513 3691 811 3789 προσωφελῶμεν
839 3683 877 3766 δὲ
910 3688 968 3766 καὶ
996 3685 1146 3788 ε’τίρους,
1168 3683 1249 3766 τότε
1277 3688 1392 3794 χαίρει
1420 3692 1512 3792 Χρι-

313 3804 414 3902 στὸς,
441 3815 603 3888 πλοῦτον
630 3809 764 3910 ἡγεῖται
798 3806 864 3908 τὴν
891 3809 991 3908 ἡμῶν
1021 3809 1260 3908 εὐδοκίμησιν·
1296 3814 1357 3890 καὶ
1388 3811 1431 3891 τὸ
1459 3813 1511 3892 ἔτι

312 3929 431 4035 μεῖζον
448 3933 528 4033 ε’ρῶ·
560 3931 699 4036 τροφὴν
717 3934 843 4034 ὥσπερ
860 3937 1011 4015 ποιεῖται
1029 3929 1072 4012 τὸ
1090 3937 1251 4035 πρᾶγμα.
1282 3931 1337 4010 ὅτι
1355 3932 1399 4010 δέ
1410 3936 1512 4014 ἐστιν

313 4052 446 4154 ἀληθὲς
470 4053 491 4134 ὅ
515 4061 619 4161 φημι,
636 4054 748 4134 πάλιν
767 4057 806 4133 ἐκ
823 4061 895 4134 τῶν
913 4056 1153 4157 εὐαγγελικῶν
1170 4053 1320 4160 μαθήσῃ
1342 4056 1509 4158 γραμμά-

312 4211 397 4258 των·
438 4179 663 4276 νενουθέτηκε
689 4175 844 4279 μὲνγὰρ
869 4175 934 4276 τὴν
956 4180 995 4257 ἐκ
1014 4179 1215 4280 Σαμαρείας
1242 4186 1407 4281 γυναῖκα·
1437 4175 1511 4258 εἶτα
1525 4225 1564 4281 30

590 4301 600 4330 Ι

147 4325 187 4374 1ο.
199 4323 233 4374 iv.
247 4335 286 4389 ²5·
313 4301 493 4401 λεγούσης
528 4301 659 4401 ε’κεινης
696 4310 717 4347 “
731 4296 824 4379 Ὅτε
868 4297 958 4406 ’ἔλθη
996 4301 1141 4385 Meuius
1184 4304 1389 4404 ἀπαγγελεῖ
1427 4303 1512 4402 ἡμῖν

350 4487 376 4525 2.
394 4471 496 4526 οΜαίο
508 4490 535 4543 p.
544 4489 597 4544 3⁹0
610 4473 711 4528 contuli
724 4489 785 4528 cum
799 4471 880 4528 Lfol.
894 4488 946 4544 315
961 4472 1035 4545 [vide
1047 4491 1128 4544 supra
1140 4492 1186 4544 pp.
1199 4489 1262 4544 450,
1275 4471 1340 4545 453]
1355 4474 1401 4544 qui
1413 4472 1440 4526 in
1453 4491 1511 4543 mg.

313 4549 340 4594 et
357 4541 414 4611 ipse
425 4543 532 4596 titulum
545 4541 669 4666 κνέίλλου
681 4543 769 4630 ὁμιλία
781 4541 896 4625 exhibqt.
990 4561 1015 4614 3.
1035 4541 1074 4614 ε’ν]
1092 4551 1120 4609 -Ι-
1136 4547 1189 4601 τοῖς
1202 4545 1232 4600 L.
1332 4561 1372 4615 13.
1390 4545 1511 4614 προσήρ-

312 4631 375 4681 χετσ
388 4611 420 4664 L.
512 4629 552 4682 19.
587 4613 649 4681 όξον
662 4613 692 4667 L.
706 4613 810 4681 δυναμιν
823 4613 888 4668 Mal.
1502 4645 1506 4660 ·
