3274 5262
297 351 356 408 644
697 345 859 404 INDEX
901 343 1088 403 RERUM.
1391 357 1511 398 emon

341 533 419 590 1034
437 529 483 586 00
519 529 579 604 ipse
604 528 664 586 siue
688 526 872 586 excusatione
922 525 1125 602 Praeceptorea
1161 525 1257 583 inania
1290 524 1509 600 interrogantes

341 631 418 686 1098
433 628 462 693 d,
486 630 606 693 10520,
631 629 740 684 10540
770 625 873 683 timore
963 625 1037 682 male
1051 625 1146 682 lerunt
1160 622 1286 682 assde.

340 725 431 782 victus
448 729 525 784 1052
539 725 567 782 b.
924 721 1157 798 Praeceptor-ibus
1166 719 1395 779 submittendum
1409 721 1471 778 308
1480 718 1508 776 b.

297 823 402 898 Plagae
423 841 528 899 paucae
549 828 578 878 et
600 821 706 879 multae
727 838 874 878 servorum
924 819 1143 894 Praeceptorum
1164 819 1303 875 bonorum
1325 817 1449 874 verbum
1472 816 1508 872 ad

338 920 454 976 Domini
475 919 649 976 voluntatem
673 917 824 976 scientium
844 924 873 974 et
964 918 1099 975 virtutem
1122 917 1275 990 vitamque.
1298 913 1446 971 malorum
1470 913 1507 970 ad

338 1017 527 1075 nescientium
555 1019 613 1075 636
629 1016 722 1081 bod,
745 1019 802 1074 728
818 1014 871 1080 00,
964 1014 1152 1091 perditionem
1168 1016 1267 1078 4450,
1289 1013 1382 1070 4460
1422 1030 1507 1086 repe-
1601 1029 1602 1050 ι

338 1115 372 1172 M
391 1118 427 1172 17
442 1116 500 1180 fin„
521 1118 568 1181 18,
590 1113 628 1172 iii.
645 1117 704 1172 450
718 1121 778 1170 not.
804 1112 874 1170 Vide
964 1121 1028 1171 tens
1052 1112 1215 1188 exemplum
1237 1110 1322 1168 habet
1343 1109 1506 1184 agricolam

339 1210 491 1289 Supplicia.
963 1210 1089 1268 laborem
1112 1217 1287 1284 repetentem
1312 1206 1433 1266 50800
1463 1206 1504 1263 D.

297 1309 476 1369 Plaudebant
488 1308 727 1384 praedicatoribus
744 1307 873 1365 nonnulli
964 1307 1083 1366 Paulum
1099 1311 1158 1365 508
1170 1307 1198 1364 0.

338 1407 376 1466 iii.
392 1411 459 1467 479.
924 1405 1104 1480 Ριαεοερῒοιὶ
1119 1403 1264 1478 exemplar
1277 1400 1421 1467 Christus,
1443 1421 1505 1458 non
1603 1461 1604 1476 χ

298 1505 393 1564 Plebis
428 1507 515 1563 duces
549 1524 601 1581 pro
629 1522 719 1580 grege
746 1503 872 1578 perituro
964 1522 1063 1562 omnes
1076 1503 1190 1559 lucrans
1203 1501 1247 1558 vel
1262 1499 1330 1575 Ipse
1343 1503 1403 1558 589
1428 1507 1506 1556 tem-

338 1603 477 1661 tationem
491 1602 611 1660 reddent
624 1604 685 1660 460
699 1601 743 1659 ab
752 1620 777 1659 e.
964 1621 1032 1678 pora
1041 1599 1239 1658 convenientia
1246 1597 1400 1655 observans
1412 1600 1506 1654 ⁷22a.

298 1709 317 1732 ‘¹
330 1700 444 1758 Pluviae
455 1699 688 1758 Benedictionis”
704 1698 771 1774 quid
780 1701 835 1756 651
848 1716 871 1754 c.
923 1700 1125 1774 Praeceptnrea
1143 1697 1181 1754 ad
1194 1697 1285 1752 Deum
1301 1693 1358 1763 Qui
1375 1693 1506 1750 fructum
1603 1731 1604 1760 Ξ

297 1798 393 1856 Poena
414 1799 495 1872 pejor
516 1796 670 1874 paralytico
693 1814 755 1853 esse
775 1802 873 1870 posset
964 1799 1227 1869 incrementumque
1241 1793 1299 1857 dat,
1311 1793 1440 1868 aspicere
1454 1793 1505 1849 de·
1603 1799 1604 1836 1

339 1895 393 1952 nisi
408 1913 439 1952 se
452 1895 623 1952 custodisset
634 1895 726 1952 5970
748 1893 871 1950 immise·
963 1895 1033 1953 beat
1047 1893 1138 1951 9010
1169 1899 1303 1966 tanquam
1325 1897 1353 1947 et
1374 1890 1506 1966 agricda

338 1992 489 2049 ricordium
504 1992 541 2050 111.
557 1996 625 2051 565.
965 1994 1055 2050 9010
1093 2008 1152 2046 uon
1170 1989 1283 2065 gravari
1299 1997 1349 2045 aut
1370 1987 1505 2052 delicere,

298 2088 504 2146 Poenitentiam
535 2091 656 2156 differre,
685 2089 872 2164 periculosum
965 2089 988 2146 si
1003 2088 1127 2145 fructum
1139 2105 1199 2143 non
1212 2087 1327 2143 rideant
1341 2089 1412 2144 902.

340 2189 399 2245 297
415 2205 439 2253 e,
455 2189 553 2246 2980.
923 2184 1159 2260 Praeceptoribus
1183 2202 1304 2258 gregum
1332 2182 1503 2258 spiritalium

299 2283 493 2343 Poenitentiae
507 2285 614 2343 utilitas
627 2285 668 2342 iii.
681 2288 749 2344 429.
964 2301 1032 2341 eura
1046 2281 1217 2358 praecipitur
1233 2283 1311 2339 1119
1326 2280 1353 2337 0.

299 2390 318 2413 “
334 2381 465 2440 Pontifex
510 2383 670 2440 misericors
682 2383 699 2404 '¹
741 2381 874 2441 Christus
924 2380 1125 2455 Praeceptores
1146 2369 1182 2435 iis
1206 2378 1254 2453 qui
1276 2377 1412 2435 animales
1435 2387 1505 2434 suut

339 2480 482 2554 quomodo
496 2480 535 2537 iii.
547 2483 605 2538 465
632 2477 746 2537 iidelis”
760 2479 798 2538 iii.
814 2483 872 2539 466
965 2496 1036 2554 opus
1077 2475 1217 2552 spiritales
1247 2477 1277 2530 M
1306 2478 1345 2532 54
1389 2474 1419 2531 10
1449 2475 1506 2532 Die

339 2576 489 2634 oblationis
511 2596 579 2636 suae
598 2577 711 2638 ittera
747 2597 811 2634 0οι0
830 2577 873 2634 Eo
964 2575 1068 2634 Judicii
1082 2574 1243 2632 auditorum
1257 2573 1423 2630 surditatem
1439 2591 1506 2647 pro-

338 2671 872 2750 001001000000000-0000011001010-
964 2671 1038 2730 ferre
1051 2691 1110 2728 non
1124 2679 1259 2747 poterunt
1272 2671 1310 2727 iii.
1326 2674 1395 2728 479.

339 2777 386 2827 tus
399 2771 436 2829 iii.
453 2774 521 2831 458.
925 2769 1101 2828 Praedicatio
1122 2769 1287 2844 evangelica
1306 2767 1416 2826 Christi
1437 2787 1504 2844 pro-

298 2865 385 2926 Porta
407 2876 436 2926 et
460 2876 559 2944 portae
580 2869 721 2926 Dominus
742 2868 873 2928 Christus
964 2869 1026 2945 prie
1041 2872 1111 2926 594.
1140 2866 1209 2923 Vide
1223 2867 1353 2924 Animus.

340 2967 398 3023 698
413 2965 440 3024 b.
926 2965 1064 3031 Praemia,
1093 2983 1150 3021 non
1177 2982 1286 3039 poenae
1310 2971 1434 3028 mutum,
1459 2961 1504 3019 Is·

299 3061 494 3140 Praeceptoris
510 3072 554 3123 est
569 3064 722 3140 repetendo
736 3082 795 3121 non
809 3082 875 3140 gra·
966 3062 1072 3120 melitis
1099 3062 1256 3119 afferuntur
1284 3060 1380 3119 4290
1420 3079 1503 3117 sanc-

339 3161 407 3227 van',
423 3163 475 3219 sibi
495 3181 588 3220 noxae
610 3162 710 3240 majori
724 3181 809 3237 quam
823 3180 872 3218 au·
966 3169 1060 3218 torum
1082 3179 1139 3217 non
1161 3176 1248 3233 parva
1269 3158 1303 3214 M
1319 3161 1357 3216 28
1398 3177 1506 3234 magna

340 3258 479 3316 diton'bus
514 3259 658 3316 silentium
686 3267 786 3334 putare
821 3277 875 3315 uec
966 3259 1029 3316 Deo
1053 3255 1250 3315 obedientibus
1271 3255 1360 3314 7280
1394 3257 1507 3330 majora

339 3353 458 3411 Domini
468 3355 608 3412 talentum
619 3355 649 3412 in
659 3357 762 3431 ignava
773 3355 875 3413 inertia
967 3355 1131 3429 minoraque
1144 3353 1173 3410 in
1188 3353 1269 3410 coelo
1289 3352 1378 3411 7690
1405 3371 1504 3410 eorum

339 3452 451 3508 tradere
468 3454 525 3509 128
540 3471 566 3516 e,
583 3455 642 3511 129
656 3452 710 3517 ab,
725 3453 761 3510 ci.
775 3456 832 3512 192
848 3472 873 3520 0,
967 3453 1013 3528 qui
1029 3471 1081 3528 pro
1096 3450 1212 3510 Christo
1226 3450 1371 3525 patiantur
1385 3453 1457 3508 903.

341 3548 451 3616 5080,
478 3550 537 3606 565
563 3549 592 3617 d,
620 3549 658 3606 iii.
685 3552 743 3607 479
782 3550 876 3607 modia
925 3550 1052 3609 Praemia
1072 3548 1281 3607 abundantiora
1297 3558 1328 3605 ut
1346 3549 1505 3606 severiores

340 3646 424 3704 variis
456 3645 613 3704 difficiliora
640 3647 791 3724 explanare
817 3651 873 3705 148
965 3648 1076 3705 labores
1090 3647 1124 3704 M
1140 3650 1178 3706 96
1198 3647 1239 3721 [p.
1252 3647 1337 3720 948].

341 3744 368 3810 b,
390 3748 449 3802 214
472 3763 497 3812 0,
523 3745 558 3804 cl.
575 3750 633 3805 952
648 3746 692 3803 50
723 3745 875 3823 neophytis
926 3746 1095 3822 Praeparate
1110 3745 1191 3800 Viam
1207 3743 1323 3800 Domini
1341 3745 1397 3801 109
1414 3744 1444 3800 b.

339 3841 424 3899 fidem
440 3843 540 3900 afferre
550 3843 644 3918 potius
656 3861 738 3918 quam
751 3843 875 3901 rationes
926 3842 1117 3900 Praescientia
1127 3841 1180 3898 Dei
1192 3842 1397 3916 arbitriumque
1412 3841 1505 3899 horni-

343 3942 400 3998 149
412 3959 436 3997 e.
966 3941 1010 3997 nis
1024 3940 1143 3997 liberum
1158 3957 1215 3996 una
1228 3939 1389 3996 consistunt
1404 3943 1466 3997 976
1479 3959 1505 3996 ιι.

299 4034 481 4112 Praeceptori
503 4038 602 4114 culpae
620 4056 678 4094 non
698 4046 742 4095 est
763 4037 872 4094 audito·
926 4037 1029 4096 Preces
1042 4045 1072 4094 et
1085 4037 1243 4112 psalmodia
1256 4037 1389 4111 primum,
1401 4037 1506 4094 deiude

340 4153 403 4191 rum
427 4135 545 4191 tarditas
569 4139 656 4194 1480
691 4143 741 4192 aut
761 4152 874 4191 recusa·
966 4133 1073 4210 linguis
1086 4133 1164 4209 loqui
1178 4134 1212 4191 M
1227 4135 1266 4192 69
1282 4130 1322 4214 [p.
1336 4135 1396 4192 294
1411 4129 1488 4214 init]

340 4231 382 4288 tio
405 4233 461 4290 961
490 4250 505 4289 0
548 4231 685 4290 docentur
712 4232 875 4289 aDomino
926 4231 1014 4289 Primi
1029 4231 1122 4288 ultimi
1135 4232 1209 4289 fiunt
1224 4235 1284 4290 206
1299 4232 1352 4289 ab.

341 4329 536 4402 proximorum
547 4329 875 4405 salutemmajorisaeati-
929 4329 1071 4387 Primitiae
1093 4338 1213 4386 naturae
1235 4338 1350 4386 nostrae
1372 4329 1506 4387 Christus

342 4442 419 4481 mare
444 4445 527 4500 quam
556 4427 600 4484 sui
627 4426 755 4502 eorporis
779 4445 875 4485 curam
967 4427 1060 4485 8140
1087 4426 1302 4484 resurrectionis
1321 4433 1352 4484 et
1371 4427 1447 4485 vitae
1469 4427 1503 4484 M

346 4522 402 4578 196
413 4521 431 4578 b
442 4540 465 4578 c.
970 4528 1007 4581 74
1023 4525 1080 4596 fin„
1098 4526 1135 4581 76
1152 4526 1190 4599 [p.
1205 4525 1288 4598 3081.
