3284 5130
124 387 175 431 xx.
191 385 266 452 1-9.
405 363 458 430 IN
488 363 523 431 S.
547 363 805 431 JOANNEM.
851 363 949 430 LIB.
973 365 1054 432 XII.
1266 369 1329 433 109

125 530 290 630 σέβημα.
329 527 448 630 ἐπειδή
467 527 504 610 δὲ
527 531 565 610 έν
583 527 721 613 τούτοις
740 528 782 610 τδ
801 527 949 632 γύναιον
965 527 1020 632 ήν,
1040 531 1098 610 καὶ
1116 535 1190 616 τοῖς
1207 531 1246 612 ἐκ
1264 537 1364 612 τοῦδ

126 651 264 737 εἰκότος
307 649 487 748 ἐβάλλετο
531 659 735 756 λογισμοῖς,
771 652 863 756 πρὸς
897 651 980 739 τούς
1015 655 1231 757 ἀγαπῶντας
1266 654 1330 735 τὸν

128 776 269 880 Κύριον
288 777 490 876 ὑπονοστεῖ
509 777 770 882 συλλήπτορας
787 773 913 881 ὥσπερ
939 781 1003 878 τής
1029 775 1083 858 ἐπ’
1102 777 1198 888 αύτῷ
1227 775 1330 882 ζητή-

127 933 225 985 σεως
252 898 336 984 τοὺς
363 906 435 980 τῶν
458 904 630 1000 μαθητῶν
656 899 925 1003 γνησιωτάτους
951 905 1135 982 ποιεῖσθαι
1161 900 1326 983 σπουδά-

95 1023 260 1128 ὄζουσα.
311 1024 498 1129 ἱδρυμένην
534 1021 572 1104 δέ
610 1022 736 1129 ὥσπερ
768 1026 826 1105 καὶ
858 1023 1064 1129 ἀπόρθητον
1101 1024 1237 1130 έχουσα
1266 1024 1332 1127 τήν

129 1148 272 1246 πίστιν,
304 1148 346 1227 ού
377 1149 627 1251 παρεκομίσθη
653 1148 746 1252 πρὸς
779 1147 975 1253 ὀλιγωρίαν
1004 1145 1062 1228 διδ
1093 1155 1167 1230 τῶν
1196 1151 1254 1232 ἐπὶ
1281 1155 1333 1259 τῷ

131 1277 284 1379 σταυρῷ
310 1277 448 1371 παθῶν,
477 1269 587 1380 Κύριοι
616 1270 654 1353 δέ
678 1270 845 1372 συνήθως
873 1274 1051 1353 ἀποκαλεῖ
1073 1275 1132 1352 καὶ
1159 1278 1335 1354 τεθνεῶτα

132 1393 313 1500 Χριστόν·
346 1377 491 1497 τοιαύτη
510 1393 582 1500 γάρ
600 1393 711 1481 ὅντως
729 1396 752 1496 ἦ
772 1394 940 1502 φιλόθεος
959 1395 1043 1504 ἕξις.
1083 1401 1117 1477 οἱ
1136 1394 1173 1476 δὲ
1191 1398 1335 1500 ἐπείπερ

132 1519 311 1600 ἐπύθοντο
338 1522 439 1600 ταυτὶ
467 1528 531 1599 τοῦ
554 1519 701 1622 γυναίου
728 1517 996 1623 διηγγελκότος·
1031 1524 1154 1628 Πέτρος
1176 1517 1214 1600 δὲ
1235 1518 1334 1622 ἦσαν

85 1645 196 1724 ιοκαὶ
221 1640 390 1742 Ἰωάννης
418 1644 439 1723 ὁ
465 1651 530 1724 τοῦ
557 1643 706 1738 βιβλίου
732 1638 978 1751 συγγραφεύς,
997 1640 1124 1724 ἑαυτὸν
1150 1641 1223 1748 γὰρ
1247 1639 1364 1724 εἶναίθ

135 1774 235 1874 φησι
261 1765 326 1847 τὸν
343 1767 463 1870 ἕτερον
480 1764 657 1867 μαθητήν·
699 1764 790 1846 ὅσον
817 1764 863 1867 ἧν
880 1763 971 1851 είκδς
996 1764 1170 1848 δύνασθαι
1195 1769 1336 1849 συντεί-

136 1925 260 1971 νονται
290 1889 425 1998 δράμω,
447 1892 505 1970 καί
531 1886 622 1990 πρός
649 1888 737 1970 αὐτὸ
755 1890 791 1970 τδ
816 1893 968 1996 μνημεῖον
986 1890 1159 1998 ἀφίκοντο
1176 1895 1335 1994 γοργιῖις,

136 2015 199 2094 καὶ
217 2021 283 2094 τοῦ
305 2012 514 2120 παραδόξου
538 2015 697 2116 γίνονται
720 2014 855 2116 θεωροὶ,
874 2011 1114 2122 ἀποχρώντως
1132 2014 1272 2119 ἔχοντες
1290 2017 1339 2097 εἰς

136 2139 339 2243 μαρτυρίαν
352 2145 416 2218 τοῦ
428 2136 653 2240 πράγματος·
679 2137 743 2217 δύο
755 2135 828 2241 γὰρ
838 2133 937 2238 ήσαν
948 2135 1040 2218 κατά
1050 2136 1114 2218 τὸν
1126 2137 1249 2238 νόμον.
1280 2139 1339 2217 καὶ
1382 2137 1482 2266 2223·

92 2291 125 2351 15
137 2259 365 2370 ἐγηγερμεῖιῳ
382 2258 449 2361 μέν
461 2264 500 2342 ἐκ
518 2268 652 2365 νεκρῶν
670 2261 770 2341 ούπω
787 2259 1092 2366 περιτυγχάνουσι
1109 2267 1161 2370 τῷ
1175 2266 1338 2369 Χριστῷ,

138 2382 215 2466 ἀπὸ
235 2383 273 2464 δὲ
290 2388 354 2484 τῆς
378 2391 452 2465 τῶν
470 2385 619 2466 ὀθονίων
636 2388 828 2484 συλλογῆς
856 2386 1019 2465 έννοοῦσι
1041 2383 1107 2485 τήν
1125 2383 1340 2483 ἀνάστασιν,

138 2506 363 2592 πιστεύουσί
382 2542 421 2588 τε
442 2507 583 2606 λοιπὸν,
603 2506 658 2589 ότι
675 2509 734 2588 καὶ
755 2507 845 2588 αι’πά
863 2505 909 2587 τὰ
927 2516 992 2588 τοῦ
1009 2506 1163 2589 θανάτου
1181 2505 1340 2614 διέρρηξε

139 2630 275 2732 δεσμά,
294 2640 400 2714 τοῦτο
424 2636 482 2712 καὶ
503 2630 622 2714 ,πάλαι
646 2632 794 2732 βοῶσης
811 2635 875 2729 τῆς
893 2631 998 2735 ἁγίας
1018 2635 1175 2738 γραφῆς.
1213 2632 1341 2711 ούκοῦν

139 2764 218 2840 τοῖς
245 2757 401 2856 ἀληθέσι
428 2755 685 2860 προμηυύμασι
711 2756 758 2836 τὰ
781 2758 819 2836 ἐκ
843 2761 916 2835 τῶν
936 2753 1159 2859 πραγμάτων
1183 2752 1341 2853 συμβαί-
1354 2773 1509 2834 ο1079Δ.

92 2903 130 2944 ²0
142 2914 253 2960 νοντα
278 2875 366 2980 τέλη
390 2879 739 2980 καταλαμβάνοντες,
758 2876 988 2984 έδραιοτάτην
1005 2877 1073 2981 ἤδη
1096 2877 1258 2984 δέχονται
1276 2877 1342 2979 τήν

141 3005 283 3087 πίστιν.

200 3127 424 3229 Σημειωτέον
443 3125 482 3207 δέ
499 3125 553 3209 ότι
573 3130 593 3209 ὁ
611 3126 678 3228 μέν
694 3129 866 3232 μακάριος
885 3124 1159 3230 Εύαγγελιστής
1175 3125 1344 3226 Ἰωάννης

143 3251 209 3333 τὸν
233 3255 299 3346 τῆς
321 3248 557 3338 ἀναστάσεως
581 3253 666 3352 ἡμῖν
689 3249 925 3351 καταμηνύων
947 3250 1070 3354 καιρόν
1087 3259 1135 3365 Τῇ
1156 3259 1225 3362 μιᾷ
1250 3257 1345 3357 φησι

144 3375 207 3458 τόν
227 3374 422 3471 σαββάτων
439 3373 524 3485 πρωῒ
552 3379 694 3464 σκοτίας
723 3376 769 3456 έτι
799 3373 893 3470 ιύσης
916 3373 1048 3485 ἔρχεται
1075 3382 1121 3461 εἰς
1139 3374 1175 3456 τλ
1193 3377 1346 3481 μνημεῖον

95 3523 134 3586 ²5
147 3502 272 3611 Μαρία
285 3503 303 3596 ή
317 3495 545 3602 Μαγδαληνή·
575 3505 764 3585 Ματθαῖος
782 3497 898 3601 γεμήυ
916 3497 982 3599 τήν
996 3497 1106 3598 αύτήν
1124 3499 1208 3598 ἡμῖν
1224 3499 1346 3579 ποιού-

145 3657 254 3722 μενος
287 3622 461 3723 δήλωσιν,
488 3622 644 3727 ἑσπέρας
673 3622 744 3728 ἔφη
772 3621 919 3719 βαθείας
946 3623 1058 3723 ούοης
1085 3620 1254 3724 γενέσθαι
1280 3620 1483 3747 τήνξΧΜῃῗξθγ

146 3744 367 3828 ἀνάστασιν.
423 3746 509 3828 ἀλλ’
548 3743 646 3847 οἶμαι
690 3747 826 3847 μηδένα
867 3750 1057 3852 διαφωνεῖν
1092 3745 1230 3827 οίεσθαι
1267 3745 1383 3831 τούςδ

146 3869 480 3978 πνευματοφόρους,
500 3869 590 3970 μήτε
612 3869 685 3971 μὴν
707 3867 900 3976 διαφόρους
927 3873 992 3969 τῆς
1015 3870 1251 3955 ἀναστάσεως
1267 3870 1348 3976 ε’ξη·

145 4000 296 4099 γεῖσθαι
326 3993 481 4096 καιρούς.
523 3999 553 4074 εἰ
584 3990 657 4099 γάρ
685 4028 740 4079 τις
769 3993 941 4087 βούλοιτο
972 3999 1045 4072 τῶν
1078 3991 1350 4093 σημαινομένων

95 4157 135 4214 30
148 4121 318 4218 ἐννοῆσαι
337 4116 403 4218 τήν
421 4115 582 4218 δύναμιν,
599 4123 647 4201 είς
669 4116 800 4199 ταύτῖον
819 4115 1095 4216 συμβαινούσας
1119 4114 1262 4219 εύρήσει
1285 4115 1350 4200 τάς

148 4249 224 4325 τῶν
243 4242 356 4347 ἀγίων
372 4237 508 4348 φωνάς.
547 4239 677 4346 ὄρθρος
694 4240 767 4346 γὰρ
786 4244 834 4327 ὡς
852 4242 987 4351 ἐγῷμαι
1005 4235 1119 4336 βαθύς
1137 4241 1196 4320 καὶ
1214 4239 1351 4345 ἑσπέρα

190 4546 234 4586 τα.
252 4529 300 4598 μὲν
311 4537 481 4602 assumptum
493 4544 526 4583 ex
539 4526 571 4582 E.
745 4539 788 4600 25.
805 4527 884 4600 ραρίο
897 4524 930 4582 Ε.
942 4524 1041 4598 μοριδμ
1053 4523 1105 4582 Ed.
1152 4525 1298 4600 μσγδολινι)
1310 4527 1353 4597 (ut

153 4599 248 4675 nuptu)
262 4599 295 4656 Ε.
473 4615 517 4671 30.
536 4597 678 4656 ένιιοεῖσθοι
691 4595 774 4654 Cord.
