3244 5146
402 335 523 399 RESP.
547 334 610 398 AD
631 335 716 400 ΤΙΒ.
742 333 1007 401 SOCIOSQUE.
1240 333 1301 400 591

159 605 229 670 Ὅτι
245 608 293 670 διὰ
307 609 356 686 τῆς
372 609 447 672 ἰδίας
461 607 569 690 σαρκὸς
584 610 699 689 ἐνεργεῖ
711 610 763 675 τὰς
777 608 936 689 θεοσημίος
953 606 1032 674 Θεὸς
1047 606 1089 671 ὢν
1104 610 1120 670 ό
1136 608 1242 688 Λόγος.
1317 545 1366 679 3¹²
1379 548 1394 582 ²
1405 533 1440 582 Δ.

567 804 828 865 ΕΠΙΛΎΣΙΣ.

152 958 373 1062 Ἄνθρωπον
400 959 439 1041 δὲ
465 951 636 1061 γενέσθαι
665 961 785 1067 φαμὲν
808 959 871 1042 τὸν
891 965 1083 1064 Μονογενῆ
1114 969 1178 1043 τοῦ
1205 967 1338 1043 Θεοῦὶ)

104 1083 238 1186 Λόγον,
258 1084 324 1189 οῦχ
342 1084 399 1163 ἵνα
416 1082 459 1163 τὸ
478 1080 566 1162 εἶναι
580 1083 674 1169 Θεὸς
691 1083 874 1190 ἀποβάλῃ,
893 1086 979 1164 ἀλλ’
1000 1085 1071 1164 οὐδ’
1091 1083 1149 1164 ’ίνα
1168 1083 1302 1186 γυμνὸς

68 1231 87 1290 5
104 1212 228 1307 νοῆται
246 1206 377 1308 Λόγος,
395 1208 675 1311 ε’νανθρωπήσας
703 1208 740 1288 δὲ
767 1215 924 1306 μᾶλλον,
943 1212 1001 1288 καὶ
1029 1207 1118 1287 ’ίδιον
1141 1206 1298 1307 ποιησά-

101 1364 209 1424 μενος
234 1337 343 1427 σῶμα
361 1330 403 1409 τὸ
422 1331 460 1409 έκ
479 1334 543 1430 τῆς
560 1331 665 1433 ἁγίας
689 1337 747 1411 καὶ
767 1329 933 1411 θεοτόκου
952 1331 1143 1435 παρθένου.
1176 1331 1304 1411 οῦκοῦν

99 1453 125 1530 ὁ
159 1453 324 1557 Χριστὸν
357 1451 550 1558 ὀνομάζων,
582 1457 662 1535 οὔτε
691 1451 814 1557 Λόγον
847 1455 1015 1554 σημαίνει
1045 1454 1195 1555 γυμνὸν,
1223 1455 1302 1533 οὔτε

98 1575 294 1679 άίνθριοπον
321 1577 450 1674 κοινὸν,
478 1575 502 1677 ἦ
531 1580 579 1662 ὡς
609 1579 670 1659 ἕνα
701 1585 774 1659 τῶν
809 1577 892 1658 καθ’
919 1578 1024 1678 ἡμᾶς
1063 1575 1299 1679 ε’νανθρονπή·

103 1735 223 1780 σαντα
251 1699 289 1780 δέ
316 1703 365 1785 ὡς
390 1701 482 1807 έφην
506 1699 569 1782 τὸν
590 1703 629 1782 ἐκ
649 1707 745 1783 θεοῦ
765 1702 911 1807 Πατρὸς
930 1700 1063 1804 Λόγον,
1092 1703 1150 1780 καὶ
1179 1734 1299 1806 κεχρι-

48 1843 89 1884 10
103 1824 240 1924 σμένον
267 1831 316 1910 είς
341 1825 564 1925 ἀποστολήν.
602 1827 643 1906 οῦ
665 1825 738 1928 γάρ
756 1826 943 1929 ἅνθρωπος
971 1821 1190 1925 ε’θεοποιήθη,
1209 1825 1302 1904 καθά
1314 1849 1331 1892 0

104 1948 204 2053 φασί
228 1983 330 2046 τινες,
358 1951 498 2033 ἑνωθεὶς
524 1955 576 2056 τῷ
604 1948 725 2058 Λόγῳ,
743 1951 828 2029 ἀλλ’
850 1946 955 2033 αὐτὸς
984 1951 1004 2028 ὁ
1034 1947 1153 2049 Λόγος
1180 1947 1303 2050 σάρκα

104 2070 233 2164 λαβὼν
251 2074 309 2152 καὶ
326 2069 514 2174 γενόμενος
532 2071 720 2175 ἅνθρωπος
737 2073 910 2173 μεμένηκε
929 2072 987 2152 καὶ
1006 2073 1099 2151 οὕτω
1117 2069 1222 2154 θεός.

154 2192 276 2276 Ὅταν
309 2195 372 2275 οῦν
404 2193 586 2298 ἐργάζεται
617 2193 682 2280 τὰς
713 2193 919 2295 θεοσημίας,
952 2193 1002 2294 μὴ
1036 2195 1197 2297 διορίσας
1234 2193 1303 2273 ἀνά

103 2317 210 2420 μέρος
241 2322 305 2416 τῆς
333 2318 437 2419 ἁγίας
464 2319 572 2398 αὑτοῦ
600 2317 737 2420 σαρκὸς
767 2317 831 2398 τὸν
861 2319 900 2397 έκ
927 2322 1023 2397 θεοῦ
1054 2317 1177 2420 Λόγον
1204 2317 1302 2425 αὐτῷ

50 2465 90 2524 15
105 2439 196 2519 κατὰ
221 2441 333 2540 μόνας
360 2439 426 2539 τὴν
443 2443 499 2520 ἐπὶ
522 2447 595 2525 τοῖς
615 2439 838 2538 τελουμένοις
854 2441 999 2546 οἱνοίψῃς
1027 2440 1188 2538 δύναμιν·
1228 2439 1301 2520 νόει

104 2562 144 2643 δὲ
171 2571 316 2662 μᾶλλον
343 2568 501 2658 εὐσεβῶς
530 2565 584 2645 ότι
613 2564 800 2666 γενόμενος
829 2566 1016 2667 ἅνθρωπος
1045 2562 1300 2666 ὁΜονογενὴς

103 2696 169 2768 τοῦ
196 2694 291 2769 Θεοῦ
320 2687 449 2788 Λόγος,
474 2691 532 2767 καὶ
559 2687 620 2768 διὰ
644 2693 707 2787 τῆς
737 2690 826 2773 ίδίας
852 2690 961 2768 αὐτοῦ
988 2688 1125 2792 σαρκὸς
1157 2687 1299 2791 ἐνήργει

103 2810 293 2910 πολλάκις,
311 2815 359 2896 οῦς
378 2813 469 2892 ἰδίαν
488 2813 581 2916 ἔχων
595 2810 716 2911 αῦτὴν,
732 2814 773 2891 οῦ
790 2811 882 2892 κατὰ
901 2810 1085 2916 σύγχυσιν
1102 2811 1125 2913 ἢ
1145 2813 1299 2917 φορμόν.
1313 2827 1335 2891 d

105 2939 163 3016 καὶ
201 2933 326 3038 ὥσπερ
363 2934 462 3015 ἔστιν
496 2937 554 3015 ἐπὶ
586 2934 777 3037 ἀνθρώπου
813 2934 975 3039 τεχνίτου
1014 2943 1107 3016 νοεῖν
1138 2937 1302 3019 τέκτονος

52 3092 92 3133 20
105 3056 223 3162 τυχὼν
240 3056 263 3158 ἦ
281 3059 464 3160 σιδηρέως,
480 3059 535 3139 ὅτι
552 3064 647 3138 ποιεῖ
661 3057 708 3137 τὰ
725 3058 813 3161 ἔργα
831 3057 922 3157 μετὰ
940 3067 1004 3138 τοῦ
1024 3060 1112 3138 ίδιόυ
1130 3060 1302 3159 σώματος

104 3179 262 3286 ἡψυχή·
302 3186 360 3262 καὶ
387 3185 450 3262 οῦκ
478 3183 523 3261 ἄν
540 3217 594 3266 τις
621 3183 713 3263 ε’ίποι
739 3186 863 3288 ψυχῆς
891 3182 979 3283 ἔργα
1007 3181 1119 3281 μόνης
1146 3179 1243 3281 εἶναι,
1272 3188 1303 3263 εί

105 3309 163 3385 καὶ
182 3304 271 3406 αῦτὴ
289 3313 378 3386 κινεῖ
391 3303 482 3409 πρὸς
501 3306 589 3409 ἔργα
607 3304 648 3386 τὸ
667 3312 787 3406 σῶμα,
807 3304 908 3386 ἀλλὰ
927 3313 990 3385 τοῦ
1008 3307 1300 3412 συναμφοτέρου·

146 3583 168 3620 ι.
181 3563 255 3638 Ὅτι]
268 3567 333 3636 πρὸς
348 3565 408 3622 τοὺς
425 3564 551 3638 λέγοντας
570 3564 714 3636 praemittit
733 3572 762 3618 Γ.
816 3572 839 3618 Θ
859 3565 966 3635 reposui
982 3574 1037 3620 er.
1051 3573 1076 3620 Η
1089 3565 1197 3648 οελῦνες
1209 3566 1234 3620 Λ
1247 3583 1302 3637 mg.

107 3637 214 3760 ε’νείρΕγιι
226 3637 258 3692 Ο.
354 3705 361 3722 Ι
437 3652 462 3690 2.
480 3637 520 3690 lta
533 3644 561 3698 Γ,
574 3644 601 3689 et
612 3645 677 3718 ante¹
685 3633 726 3689 ότι
739 3633 762 3690 C
775 3653 829 3705 mg.
843 3635 964 3691 ε’πίλυσις
975 3652 1031 3720 pon
1043 3636 1150 3722 exbtbfft
1161 3638 1195 3689 Λ.
1208 3638 1304 3723 εεφολ.

108 3709 150 3770 κβ.
186 3705 212 3760 Λ.
263 3723 289 3776 3.
302 3705 544 3776 γενεσθαι-Λόγον
558 3705 609 3759 hoc
621 3705 715 3759 ordme
726 3703 795 3759 A.C.
808 3707 853 3758 τὸν
863 3727 988 3795 μονογενη
1001 3707 1082 3776 λόγον
1094 3728 1140 3759 του
1153 3714 1220 3759 Θεον
1232 3728 1303 3776 γενε·

109 3778 170 3832 σθαι
183 3775 269 3846 φαμέν
281 3774 332 3829 ΕΛ.
422 3795 449 3841 4.
467 3775 613 3839 ἀποβάλλει
626 3773 656 3828 C.
670 3774 809 3841 ἀποβάλλῃ
822 3773 859 3828 Ι).
910 3771 964 3828 ουδ’
977 3775 1050 3830 A-D.
1062 3776 1121 3830 οὐδέ
1135 3775 1167 3830 C.
1180 3775 1237 3831 οὔθ’
1251 3775 1303 3830 ΕΛ.

108 3862 133 3916 5.
155 3849 242 3914 νοῆται
264 3844 334 3898 C.D.
356 3847 450 3898 νοεῖται
471 3846 504 3899 Λ.
531 3845 615 3898 νοοῖτο
634 3843 686 3898 ΕΛ.
748 3845 921 3911 ποιησάμενος
945 3848 1021 3912 σῶμα
1044 3845 1096 3901 hoc
1119 3845 1211 3899 ordine
1235 3845 1304 3900 M).

108 3916 132 3970 6.
163 3915 170 3934 '
192 3915 231 3972 ίας
250 3925 420 3985 assumptum
441 3933 473 3968 ex
494 3912 591 3968 Λ.0.Γ.
644 3913 686 3968 καί
706 3912 827 3967 θεοτόεον
846 3913 974 3983 παρθένου
992 3915 1044 3970 hoo
1064 3916 1158 3969 ordine
1178 3917 1242 3969 Λ.Ι“.
1262 3916 1304 3969 καὶ

108 3938 227 4040 θεοταῦεου
239 4003 292 4040 om.
306 3983 339 4039 C.
445 3984 471 4038 8.
488 3983 504 4054 ἦ
516 4002 569 4038 om.
584 3981 616 4038 C.
661 3981 891 4052 ε’νανθρενπὴσαντα
903 3985 931 4040 δὲ
944 3985 978 4040 ὣς
989 3986 1056 4056 ἔφην
1068 3985 1118 4040 hoc
1130 3984 1223 4039 ordine
1235 3984 1310 4040 Λ.().,

109 4058 142 4113 ὡς
154 4057 221 4127 ἔφην
232 4057 261 4111 δέ
273 4052 504 4124 ε’νανθροπὴσοντο
517 4053 568 4108 ΕΛ.
694 4070 735 4107 11.
753 4055 823 4124 φησι
836 4052 868 4108 C.
996 4071 1036 4124 13.
1054 4055 1139 4110 τοίνυν
1151 4073 1199 4126 pro
1212 4053 1257 4110 οῦν
1270 4055 1301 4110 C.

108 4127 239 4198 ἐργάζεται
253 4125 280 4197 [ε’
313 4125 401 4192 όζηται
410 4123 518 4248 &Arde
529 4122 683 4192 διοσημίας
694 4122 746 4178 hoo
758 4123 850 4178 ordine
859 4123 928 4179 ΑΛ).
971 4125 1128 4195 διορίσηςῦ.
1203 4126 1303 4192 1441&-

108 4201 154 4251 τοῦ
166 4197 264 4265 σαρκός
295 4193 432 4250 οοοτΛίοο
471 4194 512 4249 .C.
560 4192 642 4266 αὐτῷ]
659 4199 688 4256 ÷
704 4193 732 4248 δέ
746 4189 821 4264 [post
832 4195 949 4264 διορίσης
962 4194 1055 4280 supra]
1071 4193 1103 4250 C.
1178 4209 1219 4266 15.
1238 4199 1303 4250 κατὰ

108 4269 185 4336 μόνος
197 4265 332 4320 A.C.r.D.
345 4265 408 4318 κατά
419 4265 500 4334 μονὴν
513 4263 563 4318 ΕΛ.
617 4265 671 4320 τοῖς
688 4263 851 4334 τελουμένοις
868 4263 1005 4319 A.c.r.D.
1023 4287 1068 4334 της
1083 4265 1237 4335 τελουμένης
1250 4266 1302 4320 ΕΛ.

112 4351 152 4409 17.
169 4339 216 4391 τοῦ
236 4339 304 4390 Θεοῦ
324 4337 407 4406 Λόγος
427 4335 478 4389 hoc
496 4334 590 4389 ordine
601 4331 671 4388 AB.
724 4336 817 4388 ἑαυτοῦ
828 4335 863 4389 Λ.
874 4334 958 4389 invito
971 4333 1003 4390 C.
1057 4335 1158 4422 ένίγργει
1174 4337 1303 4394 πολλάκις

109 4407 159 4462 hoc
171 4405 263 4462 ordine
270 4403 339 4460 Λ.0.
414 4421 455 4477 19.
468 4405 512 4459 ε’πί
522 4403 657 4475 άνθρόιπου
669 4405 786 4475 τεχνίτου
795 4407 862 4459 νοεῖν
871 4403 952 4531 gueint
960 4423 1015 4460 om.
1025 4403 1062 4476 C]
1076 4427 1193 4463 τεετονος
1201 4405 1302 4463 Λ.0.Γ.

110 4481 175 4560 νοεῖν
186 4477 229 4560 ἐπὶ
243 4475 320 4562 [ῦπὶρ
333 4473 397 4599 Ed}
411 4475 546 4545 άνθρόπου
557 4475 682 4537 τέκτονος,
694 4475 811 4545 τεχνίτου
824 4475 860 4531 D.
895 4475 922 4530 d.
1037 4491 1080 4530 20.
1099 4479 1178 4548 τυχὸν
1189 4485 1260 4531 recte
1272 4487 1303 4532 ut

109 4547 161 4603 πό.
177 4547 278 4619 Mngne.
332 4567 380 4616 μιτ
397 4543 486 4617 hard
498 4543 550 4600 Ed.
659 4560 702 4600 οι.
719 4547 798 4614 μόνον
810 4543 842 4602 G.
896 4545 919 4600 εί
930 4543 971 4599 καί
983 4545 1052 4601 ΛΟ.
1064 4548 1107 4601 καὶ
1119 4545 1156 4602 D.
1168 4545 1214 4603 κόν
1226 4546 1278 4602 ΕΛ.
