3268 5130
165 451 177 516 [
230 357 380 516 Μ1218
425 356 463 422 B.
481 353 670 421 CYRILLI
692 353 960 420 ALEXANDR.
984 351 1267 417 FRAGMENTA
1311 351 1376 416 viii.
1393 369 1445 430 24,
1459 351 1511 416 26.

188 463 219 516 ²9
263 487 268 499 .
1371 485 1374 492 .

438 525 455 543 Α

316 554 359 599 το
399 553 509 619 σωμα
552 515 799 618 πνευματικὸν,
836 517 1020 596 τουτε’στιν
1061 512 1316 614 ἀποβεβληκός
1355 511 1515 594 είσαίπαυ

263 629 268 638 ’
317 639 485 750 φρόνημα
513 641 554 722 τὸ
580 639 752 743 σαρκικὸν
772 646 829 720 καὶ
854 643 993 744 γεῶδες,
1012 641 1070 719 καὶ
1092 642 1156 737 τῆς
1175 640 1348 739 ἁμαρτίας
1365 638 1407 717 τὸ
1427 635 1508 716 κε’ν·

316 793 411 867 τρον·
445 775 552 845 τοῦτο
570 761 659 844 εἶναί
674 771 792 870 φαμεν
811 762 853 844 τὸ
871 770 980 860 σῶμα
997 761 1039 842 τῦ
1058 760 1308 861 πνευματικόν.

374 893 418 967 Εἰ
441 887 561 987 δέτῆς
584 888 759 972 υἱοθεσίας
782 887 803 986 ἡ
822 886 926 991 χάρις
943 885 995 980 τῗμ
1013 889 1068 967 τοῦ
1089 885 1250 992 σώματος
1268 883 1356 991 ἦμῶι
1373 881 1511 964 ἀπαλεί-

317 1045 430 1116 τρωσιι
455 1011 537 1114 ἔχει,
566 1010 617 1110 μὴ
645 1008 689 1110 δή
719 1043 810 1093 τινες
841 1007 935 1094 ὅλως
965 1010 1309 1115 συκοφαντείτωσαν
1337 1010 1420 1108 ἡμῖν
1447 1005 1553 1104 τῦν5

317 1131 533 1213 ἀνάστασιν·
565 1134 654 1233 μήτε
671 1131 743 1234 μὴν
766 1139 812 1214 είς
831 1141 937 1213 τοῦτο
956 1131 1114 1232 ἡκόντων
1132 1133 1337 1228 ἀσυνεσίας,
1356 1135 1404 1214 ὡς
1423 1127 1515 1209 ἀπό-

201 1279 244 1335 30
258 1279 305 1336 Μ.
316 1263 457 1355 βλητον
474 1256 539 1356 μὲν
556 1262 737 1338 ποιεῖσθαι
756 1254 822 1354 τὴν
834 1255 966 1358 σιίρκα,
981 1258 1039 1336 καὶ
1057 1252 1376 1360 ἀφανισθήσεσθαι
1395 1252 1515 1354 λε’γειν

317 1384 365 1462 εὶς
384 1377 481 1459 ἅπαν
503 1379 614 1479 αὐτὴν
632 1387 822 1460 πεσοῦσαν
846 1386 894 1465 είς
920 1384 1001 1480 γῆν,
1020 1373 1361 1458 ἀντανίστασθαιδὲ
1388 1374 1514 1476 ὥσπερ

317 1503 437 1604 ἕτερόν
454 1537 489 1582 τι
506 1500 753 1600 πνευματικὸν,
775 1501 902 1606 ἰσχνόν
921 1512 1015 1609 φημι
1033 1504 1091 1581 καὶ
1109 1503 1271 1603 ἀερῶδες·
1303 1507 1425 1579 νοοῦσι
1443 1498 1515 1602 γάρ

318 1624 385 1706 ὦδε
405 1624 446 1706 τῦ
464 1625 701 1722 πνευματικὸν
719 1627 828 1706 αὐτοί.
1534 1657 1574 1698 το

270 1867 306 1921 24

376 2002 603 2102 Πιστειίομεν
635 2003 689 2084 ὅτι
721 2004 848 2102 μίλλει
885 2010 943 2086 καὶ
975 2005 1021 2087 τὰ
1049 2006 1150 2105 ἡμῶν
1181 2005 1337 2101 σώματα
1366 2003 1517 2106 κρείττω

320 2126 484 2226 γίνεσθαι
508 2134 647 2233 φθορᾶς
672 2133 731 2208 καὶ
755 2129 921 2210 θανάτου·
962 2127 1143 2210 ἀπόκειται
1170 2129 1207 2208 δὲ
1235 2135 1341 2208 τοῦτο
1369 2128 1451 2226 ἡμῖν
1478 2129 1517 2205 ἐν

320 2250 476 2349 ε’λπίσιν,
495 2252 562 2357 οὐχ
589 2256 638 2337 ὡς
664 2253 732 2352 ἤδη
759 2250 886 2356 παρὸν,
906 2256 990 2332 ἀλλ’
1011 2256 1059 2336 ὡς
1081 2251 1198 2352 πάντη
1221 2287 1259 2330 τε
1288 2255 1345 2331 καὶ
1373 2249 1516 2332 πάντως

320 2373 504 2472 ἐσόμενον·
543 2379 601 2455 καὶ
629 2375 844 2480 ἐκδεχόμεθα
871 2375 915 2456 δι’
946 2379 1125 2475 ὑπομονῆς
1152 2383 1429 2475 τληπαθοῦντες,
1457 2373 1516 2453 ’ίνα
1533 2400 1574 2459 15

318 2497 482 2604 τύχωμεν
500 2503 563 2599 τῆς
583 2501 675 2580 οὕτω
693 2503 828 2598 σεπτῆς
847 2505 990 2601 δωρεᾶς.

271 2727 495 2796 αόὫοαύτωα
522 2727 557 2794 δὲ
586 2728 639 2792 καί
665 2729 702 2794 τδ
730 2732 852 2805 πνεῦμα
877 2730 1208 2807 συναντιλαμβάνεται
1236 2721 1307 2791 ταῖς
1333 2726 1516 2792 ἀσθενείαιι

373 2854 466 2929 ἡμῶν
484 2859 590 2922 κ.τ.λ.
613 2854 700 2918 Ἀλλ’
724 2855 803 2920 αὐτὸ
822 2855 860 2922 τὸ
884 2860 1007 2932 τινεῦμα
1030 2855 1300 2943 ὑπερεντυγχάνει
1322 2853 1402 2942 ὑπὲρ
1422 2854 1515 2930 ἡμῶν

372 2976 561 3056 οτενατμοῑε
585 2980 776 3045 ἀλαλήτοις.

377 3147 587 3247 Στειαγμείε
613 3145 804 3237 ἀλαλήτοις
833 3143 1023 3247 ἐντυγχάνει
1052 3143 1132 3252 ὑπὲρ
1159 3145 1247 3250 ἡμιῦν
1267 3146 1302 3224 τῦ
1330 3145 1429 3245 ἡμῶν
1455 3146 1517 3242 ‘5¹1-
1533 3181 1573 3220 ιο

321 3265 445 3346 λονότι
462 3268 606 3372 πνεῦμα·
635 3267 851 3370 στενάζομεν
870 3267 942 3371 γὰρ
960 3271 1041 3349 ἐσθ’
1062 3269 1131 3366 ὅτε,
1150 3269 1214 3354 τὰς
1231 3269 1321 3372 πρὸς
1339 3268 1403 3348 τὸν
1422 3265 1518 3346 θεὸν

323 3389 466 3475 ἱκετείας
491 3397 671 3471 ποιεῖσθαι
697 3390 969 3495 σπουδάζοντες.
1001 3394 1128 3472 οὐκοῦν
1144 3395 1182 3473 ἐν
1199 3395 1314 3502 Ἀγίερ
1334 3394 1517 3490 Πνεῦματι

323 3516 382 3592 καὶ
402 3522 505 3593 τοῦτο
524 3513 761 3613 μανθάνομεν·
792 3513 913 3621 σοφόν
931 3514 1002 3619 γάρ
1020 3519 1100 3597 ε’στι
1119 3517 1278 3620 καθάπερ
1298 3520 1356 3597 καὶ
1375 3518 1395 3596 ό
1414 3514 1513 3602 Υἱός.

322 3635 440 3737 ἐπειδὴ
468 3639 512 3717 δέ
534 3647 629 3744 φησι
657 3639 702 3717 TA
729 3641 766 3717 τί
796 3638 1043 3746 προσευξόμεθα
1075 3639 1160 3721 καθῦ
1196 3637 1247 3721 δεῖ
1279 3646 1337 3721 οῦκ
1370 3635 1515 3745 οἴδαμεν,

323 3764 432 3840 ἐκεῖνο
457 3759 677 3862 ζητήσωμεν·
712 3762 825 3842 καίτοι
846 3760 888 3841 τὸ
915 3764 995 3842 τίνα
1019 3762 1063 3863 δὴ
1088 3761 1223 3866 τρόπον
1249 3763 1516 3870 προσεύξεσθαι
1530 3793 1570 3853 τ5

323 3890 385 3984 δεῖ,
424 3884 755 3987 προπεπαιδεῦμεθα
801 3884 900 3988 παρὰ
936 3892 1102 3989 Χριστοῦ
1149 3886 1319 3990 λε’γοντος
1361 3889 1517 3990 ἐναργῶς

359 4114 384 4154 ο.
401 4101 485 4170 φρόυη
522 4095 623 4169 Ηεε
637 4100 670 4153 A.
831 4111 856 4170 5.
875 4098 1141 4170 μὴδὴλ-μηδίΕδ.
1195 4099 1256 4168 ἡμῖν
1267 4109 1435 4170 assumptum
1448 4101 1515 4153 exA

322 4170 350 4224 in
364 4170 409 4224 Cr.
422 4121 670 4242 quossraetermiui
682 4169 747 4239 ipse.
837 4170 862 4226 ⁶.
881 4171 1020 4228 ἀσυνεσίας
1032 4173 1066 4225 A.
1078 4171 1201 4236 ἀσεβείας
1215 4169 1264 4225 Ad.
1362 4170 1390 4224 8.
1408 4169 1518 4224 είσείταυ

323 4257 377 4295 om.
391 4240 426 4294 A.
552 4239 646 4293 11-16.
667 4239 727 4295 Hoc
740 4240 861 4295 scholion
873 4259 928 4295 non
941 4240 1047 4296 exhibet
1059 4242 1092 4296 A.
1219 4256 1262 4296 το.
1282 4238 1338 4296 Ine.
1352 4238 1517 4311 Ἐεευγχιίνει

323 4313 476 4380 στεναγμοῖς
487 4307 627 4376 ἀλαλήτοις
638 4310 702 4380 τἰπίρ
714 4311 793 4380 ἡμῶν.
806 4310 893 4378 ἐπειδὴ
907 4313 1061 4380 στενάζομεν
1072 4311 1131 4367 ἔσθ’
1144 4312 1187 4366 ὅτε
1203 4313 1234 4366 A.
1375 4326 1419 4364 22.
1436 4313 1517 4365 ποιεῖ-

323 4379 399 4450 σθαι]
414 4380 525 4433 ε’κτελεῖν
537 4381 571 4433 A.
753 4397 795 4451 23.
813 4382 971 4448 μανθάνομεν
982 4392 1044 4435 νοω
1056 4381 1083 4436 ἐν
1096 4381 1246 4452 transponit
1257 4381 1292 4436 A.
1346 4381 1404 4437 ε’στι
1417 4398 1471 4435 om.
1483 4382 1516 4436 A.

324 4450 421 4503 Statim
434 4451 528 4531 ὣςρτα
541 4450 654 4520 καθάπερ
667 4452 699 4504 A.
773 4468 815 4517 ²4·
827 4451 1030 4520 προσευξώμεθα
1043 4469 1057 4504 ε
1070 4469 1119 4507 suo
1132 4453 1231 4521 passim
1246 4451 1349 4520 Migne.
1424 4451 1518 4518 25.A1

324 4537 372 4588 pro
384 4519 424 4660 δ]ὴ,
436 4529 561 4574 omlttens
574 4522 613 4574 δεῖ
624 4522 713 4591 paullo
725 4521 794 4574 insta
806 4522 839 4576 A.
886 4521 1010 4592 εὔχεσθαι
1023 4522 1056 4575 A.
1218 4521 1259 4575 26.
1279 4521 1469 4590 πεπαιδεύμεθα
1482 4523 1516 4578 Α.

322 4589 390 4658 παρὰ
424 4593 511 4652 ψταῦ
524 4593 557 4645 A.
