3284 5130
152 361 219 428 xix.
237 364 353 446 17,18.
441 365 499 430 IN
527 366 560 431 S.
583 365 605 430 J
610 363 841 433 OANNEM.
887 368 986 436 LIB.
1001 367 1081 436 XII.
1315 371 1355 433 81

151 528 274 628 αύτῆς,
297 529 390 611 κατὰ
412 530 455 611 τὸ
481 534 520 613 ε’ν
545 537 710 639 ψαλμοῖς
737 532 1020 643 μελῳδούμενον,
1049 544 1113 615 τοῦ
1138 531 1188 633 μὴ
1212 533 1356 639 ἔχοντος

151 653 330 755 ἁμαρτίαν
363 656 451 756 ῦπῖρ
482 659 546 757 τῆς
579 657 751 738 ἁπάντων
781 658 956 762 ἁμαρτίας
994 656 1354 757 καταδεδικασμένου.

151 774 278 876 ὀνήσει
302 775 341 857 δὲ
357 777 508 886 σφόδρα
525 778 590 867 τὰς
608 781 779 886 ἡμετέρας
797 781 921 889 ψυχὰς
939 781 981 863 τὸ
1001 784 1058 863 ἐπὶ
1076 787 1230 889 Χριστῷ
1255 815 1352 862 τετε-

150 901 342 1001 λεσμένον,
361 908 410 988 είς
437 905 551 986 τύπον
578 905 741 1009 ἀνδρείας
769 909 862 1012 φημὶ
891 905 935 1006 δὴ
963 909 1028 1006 τῆς
1055 907 1133 986 κατ’
1156 906 1353 1002 εὐσέβειαν.

117 1025 338 1126 5περιέσται
367 1026 440 1131 γάρ
471 1026 568 1128 οἶμαι
598 1028 683 1110 καθ’
717 1030 836 1133 ἕτερον
864 1031 949 1132 ἡμῖν
978 1029 1102 1111 οὐδένα
1130 1028 1265 1133 τρόπον
1292 1033 1356 1129 τῆς

149 1149 376 1251 τελειότητος
396 1153 585 1260 ἐφικέσθαι
608 1157 856 1255 τῶνάγαθῶν,
875 1158 934 1235 καὶ
956 1159 1020 1254 τῆς
1041 1154 1132 1256 πρὸς
1152 1153 1248 1235 θεὸν
1265 1155 1351 1234 ὁλο-

149 1282 279 1359 τελοῦς
306 1275 477 1376 ἑνοῖσεως,
500 1283 529 1358 εί
552 1276 602 1378 μὴ
630 1282 694 1378 τῆς
718 1279 874 1380 ἐπιγείου
903 1279 993 1383 ζωῆς
1020 1280 1152 1378 ἀμείνω
1179 1313 1218 1358 τε
1245 1312 1350 1377 ποιη-

150 1399 311 1497 σαίμεθα
337 1398 404 1499 τὴν
433 1407 481 1486 είς
510 1401 619 1482 αύτόν
648 1402 846 1503 ἀγοίπησιν,
875 1407 934 1483 καὶ
963 1406 1261 1507 προκινδυνεῦσαι
1290 1405 1354 1500 τῆς

150 1522 321 1620 ἀληθείας
343 1523 526 1626 ἐθέλοιμεν
543 1523 814 1627 προθυμότατα,
836 1534 1032 1610 καλοῦντος
1057 1526 1150 1625 ἡμᾶς
1174 1529 1222 1608 είς
1248 1534 1354 1605 τοῦτο

102 1683 139 1722 ιο
151 1655 288 1749 καιροῦ.
328 1651 387 1728 καὶ
415 1659 504 1752 γοῦν
532 1652 552 1729 ὀ
582 1651 714 1753 Κύριος
743 1651 844 1750 ἡμῶν
862 1651 1005 1751 Ἰησοῦς
1030 1646 1242 1754 ὀΧριστός,
1270 1655 1350 1746 πῶς,
1364 1674 1522 1731 a1058A.

152 1773 280 1875 φησὶν,
299 1783 320 1820 “
339 1769 378 1856 δς
395 1774 437 1852 ού
458 1773 638 1874 λαμβοίνει
666 1771 730 1855 τόν
756 1772 917 1878 σταυρὸν
939 1775 1048 1854 αὐτοῦ
1076 1776 1135 1854 καὶ
1162 1775 1354 1853 ἀκολουθεῖ
1396 1783 1523 1912 ffissssssh·

151 1903 174 1940 “
187 1895 309 1975 ὀπίσω
326 1931 396 1995 μου
411 1899 474 1978 ούκ
493 1897 572 1978 ἔστι
590 1933 661 1998 μου
678 1898 809 2005 ἀξιος·”
841 1897 885 1980 τό
902 1898 940 1979 δέ
959 1906 1087 1992 λαβεῖν
1103 1897 1168 1979 τὸν
1181 1895 1352 2001 σταυρόν,
1415 1887 1420 1900 ’
1466 1887 1472 1901 ’

151 2017 254 2098 οὐδέν
284 2017 382 2119 οἶμαι
414 2022 602 2122 σημαίνειν
634 2021 764 2126 ἕτερον,
795 2021 818 2123 ἦ
851 2020 893 2102 πό
922 2022 1177 2130 ἀποτάξασθαι
1209 2019 1275 2122 μέν
1302 2029 1354 2128 τῷ

151 2141 281 2252 κόσμῳ
307 2144 366 2224 διά
389 2143 497 2246 θεὸν,
522 2147 688 2251 δευτέραν
716 2145 754 2228 δὲ
782 2154 856 2227 τῶν
882 2150 919 2228 ε’ν
947 2149 1095 2228 ε’λπίσιν
1119 2148 1268 2249 ἀγαθῶν
1296 2150 1354 2224 καὶ

103 2285 137 2345 ¹5
151 2266 264 2367 αὐτὴν
290 2276 473 2351 ποιεῖσθαι
499 2266 566 2370 τὴν
592 2269 682 2371 μετὰ
709 2272 880 2371 σώματος
907 2277 937 2351 εί
960 2271 1063 2376 τύχοι
1085 2269 1189 2374 ζωήν.
1227 2271 1312 2350 ἀλλ’
1334 2271 1353 2348 ὁ

149 2388 217 2490 μίν
237 2391 371 2496 Κύριος
389 2393 491 2493 ήμῶν
507 2395 651 2494 Ἰησοῦς
670 2396 690 2474 ὁ
708 2393 872 2499 Χριστὸς
891 2394 954 2474 τὸν
971 2395 1055 2495 ἡμῖν
1073 2395 1259 2496 πρέποντα
1278 2398 1354 2472 δια-

150 2515 306 2620 κομίζων
323 2516 483 2621 σταυρόν
502 2519 566 2598 οῦκ
590 2520 744 2626 ἐρυθριᾷ,
770 2521 830 2599 καὶ
855 2526 961 2598 τοῦτο
988 2516 1115 2598 παθῶν
1135 2516 1194 2597 διά
1221 2516 1288 2617 τὴν
1306 2523 1354 2600 είς

150 2639 244 2739 ἡμᾶς
263 2642 461 2743 ἀγάπησιν·
496 2641 594 2741 ἡμεῖς
615 2641 653 2722 δὲ
675 2648 708 2722 οἱ
726 2642 890 2740 δείλαιοι,
912 2643 1026 2722 καίτοι
1043 2642 1179 2744 μητέρα
1198 2637 1264 2739 τὴν
1284 2638 1352 2720 ὑπὸ

149 2761 267 2848 πόδας
292 2769 437 2865 ταυτηνὶ
463 2769 520 2845 καὶ
544 2767 763 2867 ἀναίσθητον
782 2766 922 2872 ἔχοντες
940 2770 1020 2868 γῆν,
1040 2768 1098 2844 καὶ
1125 2768 1164 2845 ἐκ
1192 2771 1256 2845 τοῦ
1283 2787 1386 2864 pan-b

99 2918 138 2958 20
151 2885 252 2973 δενδς
271 2894 319 2972 είς
337 2887 379 2970 τὸ
397 2887 484 2970 εἶναι
507 2890 727 2990 κεκλημένοι,
746 2898 818 2970 τῶν
840 2891 927 2994 ὑπὲρ
952 2894 1016 2989 τῆς
1041 2891 1224 2986 εὐσεβείας
1249 2888 1352 2991 ἱδρύ-

150 3046 225 3092 των
250 3013 326 3093 οόδ’
347 3011 438 3093 ὅσον
463 3015 649 3116 ἀποθίγειν
676 3018 940 3116 ἀποτολμῶμεν
967 3015 1049 3096 ἔσθ’
1070 3013 1139 3112 ὅτε,
1165 3011 1265 3093 ἀλλά
1293 3017 1353 3093 καὶ

152 3134 185 3214 εἴ
199 3170 234 3216 τι
252 3136 391 3237 γένοιτο
408 3143 536 3218 παθεῖν
554 3137 611 3218 διὰ
629 3136 695 3238 τὴν
713 3143 761 3222 είς
779 3136 943 3242 Χριστόν
961 3139 1156 3235 εὐσέβειαν,
1167 3137 1351 3243 ἀφόρητον

151 3258 256 3343 εύθῦς
287 3259 483 3360 ποιούμεθα
515 3258 580 3360 τὴν
610 3259 798 3367 αἰσχύνην,
826 3265 884 3342 καὶ
917 3261 982 3343 τὸν
1011 3269 1084 3343 τῶν
1116 3262 1158 3341 δι’
1191 3261 1350 3345 ἐναντίας

150 3385 232 3486 ἤτοι
249 3391 322 3465 τῶν
340 3383 514 3465 εἰωθότων
533 3389 827 3492 φιλοψογεῖν,ὡς
846 3384 1010 3490 ὀλέθριόν
1029 3421 1063 3467 τι
1081 3390 1203 3492 χρῆμα
1220 3419 1350 3488 παραι-

98 3545 138 3605 25
151 3509 316 3608 τούμενοι
341 3509 495 3612 γέλωτα,
513 3513 578 3609 τῆς
604 3511 730 3612 ὀλίγης
749 3513 901 3611 ταυτησὶ
920 3513 978 3592 καὶ
999 3511 1224 3614 προσκαίρου
1242 3513 1351 3615 φιλο-

150 3632 276 3739 δοξίας
304 3631 452 3714 κατόπιν
469 3636 593 3719 ἐῶντες
620 3634 662 3713 τὸ
685 3638 813 3714 δοκοῦν
836 3640 888 3742 τῷ
912 3639 1006 3742 θεῷ,
1023 3634 1089 3734 τὴν
1106 3634 1284 3730 ἁπάντων,
1303 3637 1351 3717 ὡς

149 3757 238 3840 ἔπος
255 3761 372 3854 εἰπεῖν,
390 3757 527 3861 μητέρα
544 3764 617 3838 τῶν
635 3764 753 3838 κακῶν
772 3767 948 3856 νοσοῦμεν
966 3760 1179 3863 ὑπεροψίαν,
1200 3761 1258 3836 καὶ
1276 3763 1380 3842 τοῖςο

148 3882 313 3960 ἐντεῦθεν
330 3882 533 3984 ἐγκλήμασι
561 3882 831 3984 περιπίπτομεν.
872 3881 960 3985 ὑπὲρ
985 3881 1058 3986 γὰρ
1085 3881 1149 3963 τόν
1173 3881 1293 3984 κύριον
1316 3887 1350 3960 οἱ
1395 3909 1431 3959 cf.
1440 3910 1470 3960 ib.
1480 3923 1517 3970 ιη.

150 4009 288 4102 δοῦλοι,
315 4007 374 4084 καὶ
399 4001 487 4107 ύπὲρ
512 4000 575 4084 τόν
600 4005 824 4085 διδάσκαλον
845 4009 878 4084 οἱ
900 4009 1071 4105 μαθηταὶ,
1092 4003 1292 4110 φρονοῦμέν
1310 4038 1349 4084 τε

95 4164 136 4220 30
150 4132 212 4210 καῖ
241 4127 456 4229 προίπτομεν.
492 4130 576 4207 ἀλλ’
605 4127 634 4208 ῶ
663 4132 727 4228 τῆς
754 4131 848 4208 οὕτω
878 4131 992 4228 δεινῆς
1024 4128 1221 4223 ἀσθενείας,
1250 4126 1351 4227 παρά

149 4251 267 4336 πόδας
294 4253 377 4352 ἡμῖν
401 4253 465 4331 ούκ
493 4249 561 4332 οἷδ’
582 4252 680 4338 ὅπως
706 4253 952 4353 κειμένης,καῖ
974 4256 1037 4350 τῆς
1062 4259 1125 4330 τοῦ
1151 4250 1349 4353 πρέποντος

150 4375 265 4478 θήρας
283 4375 602 4483 ἀποσφαλλούσης
619 4375 682 4458 τὸν
702 4385 797 4457 νοῦν.

189 4551 216 4600 4·
235 4531 263 4586 δι’
275 4550 324 4603 pro
337 4531 368 4603 δὴ
381 4531 413 4587 Ε.
600 4551 641 4588 11.
661 4533 790 4604 ἀκολουθῆ
804 4534 836 4590 Ε.
999 4549 1041 4587 21.
1060 4531 1193 4603 ὀποθίγειν
1206 4531 1239 4586 Ε.
1251 4531 1348 4603 α’ποθίγ-

149 4624 208 4676 γειν
218 4603 268 4656 Ed.
412 4620 455 4671 24.
474 4624 499 4657 τι
513 4603 545 4659 E.
558 4603 661 4675 Migne.
674 4627 702 4659 τε
714 4605 787 4660 Aah.
932 4621 974 4676 30.
993 4605 1062 4676 παρὰ
1077 4603 1107 4662 Ε.
1119 4605 1178 4674 περὶ
1191 4603 1242 4660 Ed.

196 4703 266 4750 v012.
283 4703 335 4750 111.
748 4707 772 4750 Μ
