3278 5158
322 323 387 388 208
489 322 529 387 B.
552 321 742 387 CYRILLI
767 321 1034 386 ALEXANDR.
1063 322 1344 388 FRAGMENTA
1395 323 1453 386 vii.
1468 341 1522 390 αα.

191 440 204 476 ι
233 427 272 478 Μ.

167 424 178 492 [
206 439 221 489 ³
285 427 297 494 ]
321 483 442 582 νόμον,
462 488 528 591 οῦχ
554 489 602 570 ὡς
626 491 689 586 τῆς
706 487 880 587 ἁμαρτίας
907 484 950 564 τὸ
978 485 1123 587 κέντρον
1141 485 1390 582 ἀπαμβλύνειν
1409 483 1521 590 ἶσχό-

321 643 419 705 οντα,
432 611 511 690 οὔτε
524 609 595 710 μὴν
608 617 844 712 κατανεκροῦν
858 607 932 689 οἷόν
946 644 984 689 τε
999 610 1065 709 τὴν
1078 613 1116 690 ἐν
1129 612 1214 711 ἡμῖν
1232 611 1418 713 ἁμαρτίαν,
1432 603 1522 689 ἀλλ’

321 735 370 818 ὡς
397 732 529 814 ε’νιέντα
557 731 668 830 μόνον
690 739 742 841 τῷ
770 740 820 841 νῷ
848 732 915 834 τὴν
938 742 1002 814 τοῦ
1029 735 1280 839 συμφέροντος
1308 742 1459 837 γνῶσιν.
1492 740 1523 814 εῖ

321 856 394 960 γάρ
421 856 502 954 ε’μοί
527 864 622 961 φησι
651 857 860 962 παράκειται
880 855 916 938 τῦ
937 858 1041 939 κακόν
1061 862 1109 943 ὡς
1134 863 1291 939 ἐνοικοῦν
1319 863 1364 962 τῇ
1393 859 1520 960 σαρκὶ,

325 981 617 1080 κατακιβδηλεόει
645 984 794 1084 γεμὴνό
821 981 927 1080 νόμος
950 981 1047 1079 αὐτὸ,
1077 982 1253 1088 χαρίζεται
1281 981 1347 1083 τὴν
1374 987 1559 1078 {naxon-5

322 1106 403 1207 ρίαν
431 1108 488 1186 καὶ
518 1113 646 1186 νοεῖται
674 1109 895 1206 σύμβουλος,
915 1108 957 1187 οὐ
983 1105 1056 1206 μὴν
1075 1107 1126 1188 ἔτι
1155 1111 1213 1187 καὶ
1242 1105 1439 1210 λυτρωτής·
1469 1112 1528 1187 δεῖ

323 1228 362 1308 δέ
388 1228 431 1327 δὴ
459 1227 603 1317 πάντως
631 1239 704 1315 τοῖς
731 1232 961 1333 ἀῤῥωστοῦσι
983 1229 1048 1330 τὴν
1071 1232 1258 1333 ἁμαρτίαν,
1278 1233 1319 1310 οῦ
1343 1238 1407 1310 τοῦ
1432 1233 1518 1309 διει-

322 1350 417 1432 δέναι
442 1351 552 1450 μόνον
571 1351 624 1434 ότι
652 1353 698 1433 τά
722 1352 851 1450 ἀμείνω
876 1352 1051 1454 προσήκει
1077 1359 1166 1458 δρᾶν
1187 1354 1325 1452 αὐτοῦς,
1344 1352 1443 1434 ἀλλά
1461 1357 1522 1434 καὶ
1627 1407 1628 1460 i

322 1485 386 1556 τοῦ
412 1475 589 1557 δύνασθαι
615 1483 812 1580 κατορθοῦν
831 1476 923 1580 άπερ
941 1475 987 1556 ἀν
1009 1477 1048 1558 εὖ
1066 1479 1141 1582 ἔχοι
1159 1483 1287 1588 καὶτῷ
1306 1479 1403 1586 νόμῳ
1421 1482 1521 1582 δοκῇ·
1627 1471 1628 1488 ’

204 1627 249 1681 24
262 1624 310 1682 Π.
323 1599 485 1700 καθάπερ
505 1593 632 1696 ἀμέλει
656 1603 713 1680 καὶ
734 1607 808 1684 τοῖς
825 1600 1014 1681 ἐθέλουσιν
1030 1603 1224 1700 εὐδοκιμεῖν
1243 1605 1280 1682 ἐν
1298 1603 1429 1707 μάχαις
1456 1605 1522 1683 οὐκ
1538 1637 1581 1678 ιο

324 1723 467 1826 ἀπόχρη
481 1721 573 1827 πρὸς
590 1732 696 1804 τοῦτο
716 1725 835 1824 γυμνὴ
855 1729 913 1804 καὶ
931 1724 1024 1825 μόνη
1042 1733 1116 1805 τῶν
1134 1731 1310 1805 τακτικῶν
1327 1727 1350 1825 ἡ
1369 1727 1519 1825 εἵδησις,

324 1847 409 1928 ἀλλ’
443 1853 472 1925 εὶ
504 1847 759 1952 προσυπάρχοι
791 1847 905 1958 τοότιρ
939 1853 997 1928 καὶ
1032 1848 1074 1928 τὸ
1110 1846 1283 1947 εὐσθενὲς,
1314 1846 1381 1929 εἶεν
1412 1845 1456 1927 ἀν
1487 1853 1522 1928 οἱ

324 1971 450 2049 τοιοίδε
476 1967 557 2049 τότε
584 1967 628 2069 δὴ
656 1969 762 2068 μόλις
791 1976 951 2072 λαμπροὶ
977 1977 1035 2051 καὶ
1058 1970 1295 2070 ἀπόβλεπτοι.
1336 1974 1463 2052 οὐκοῦν
1490 1978 1522 2052 εἰ

324 2093 484 2173 διδάσκει
510 2094 574 2190 μὲν
593 2096 613 2174 ό
634 2093 741 2192 νόμος
762 2092 805 2174 τό
829 2097 867 2174 ἐν
885 2098 1034 2198 ἀγαθοῖς
1056 2094 1225 2200 εότεχνές,
1244 2097 1320 2175 κατ’
1340 2096 1464 2176 οὐδένα
1482 2094 1522 2176 δὲ

323 2215 458 2319 τρόπον
485 2224 558 2302 τοῖς
585 2215 918 2319 πλεονεκτουμένοις
941 2223 1117 2322 ε’πικουρεῖ
1141 2217 1208 2318 τὴν
1233 2221 1409 2322 ἁμαρτίαν
1426 2223 1520 2300 ἀπο·
1537 2259 1579 2319 ¹5

324 2347 466 2444 νευριῦν,
485 2339 594 2425 καλός
613 2339 677 2440 μέν
696 2341 750 2421 ότι
769 2345 827 2421 καὶ
847 2340 1078 2439 διδάσκαλος,
1100 2344 1141 2422 οῦ
1160 2341 1232 2442 μὴν
1250 2343 1300 2423 ἔτι
1319 2347 1377 2422 καὶ
1393 2345 1431 2423 έν
1449 2342 1521 2449 ’ίσῳ

322 2462 441 2570 χάριτι
469 2471 515 2569 τῇ
545 2463 603 2545 διὰ
626 2470 790 2568 Χριστοῦ
819 2465 1098 2567 καταλογισθείη
1126 2464 1172 2545 ἀν
1200 2465 1351 2565 είκότως,
1368 2474 1433 2546 τοῦ
1461 2468 1521 2545 καὶ

323 2593 466 2695 σοφοῦν
505 2587 694 2694 ἰσχύοντος
733 2591 792 2668 καὶ
828 2589 1095 2691 ἀλκιμωτέρους
1130 2591 1222 2690 ἡμᾶς
1257 2588 1522 2694 ἀποφαίνοντος

323 2719 388 2790 τοῦ
409 2719 529 2793 κακοῦ.

216 2963 310 3025 mq.
339 2935 526 3014 Συνήδομοι
554 2937 613 3027 τὰρ
639 2941 687 3023 τῷ
714 2939 805 3024 νόμῳ
830 2943 888 3004 τοῦ
916 2936 1000 3003 Θεοῦ
1029 2937 1111 3004 κατὰ
1138 2938 1195 3004 τὸν
1221 2938 1290 3004 ἔσω
1317 2935 1503 3025 ἄνθρωπον,
1537 2967 1580 3008 20

379 3091 445 3175 Ὡς
473 3091 566 3196 ἔφην
587 3092 667 3193 ἤδη,
685 3096 779 3200 διψᾷ
804 3090 870 3191 μὲν
896 3095 916 3172 ό
947 3101 1028 3178 νοῦς
1056 3091 1098 3172 τὸ
1129 3093 1329 3197 ἐλεύθερον,
1354 3095 1419 3172 καὶ
1447 3097 1524 3172 τῶν

325 3214 618 3314 διαβεβλημένων
646 3219 886 3322 ἀπαλλακτιᾲ,
915 3219 972 3295 καὶ
1001 3223 1078 3300 ταῖς
1099 3214 1269 3296 ἀνωτάτω
1291 3223 1408 3315 τιμαῖς
1430 3249 1518 3296 στε-

324 3343 437 3442 φανοῖ
460 3335 523 3418 τόν
542 3339 651 3435 νόμον
668 3343 715 3423 ὡς
739 3347 812 3420 τῶν
837 3339 1050 3420 καλλίστων
1067 3339 1274 3442 εἰσηγητήν·
1314 3337 1522 3441 καταβιάζε-

323 3497 382 3542 ται
400 3462 438 3540 δὲ
456 3467 503 3546 είς
522 3460 690 3548 ε’κτόπους
707 3462 836 3564 ἡδονὰς
855 3464 877 3563 ἡ
895 3469 960 3563 τῆς
982 3462 1117 3567 σαρκός
1137 3463 1258 3570 φύσις,
1277 3461 1522 3560 πολεμοῦντός

323 3619 362 3666 τε
390 3588 448 3665 καὶ
473 3585 673 3687 ἐγκειμένου
697 3595 760 3666 τοῦ
783 3584 893 3684 νόμον
917 3591 981 3685 τῆς
1003 3587 1190 3690 ἁμαρτίας·
1223 3591 1324 3693 νόμον
1342 3585 1380 3666 δὲ
1398 3593 1519 3690 ἁμαρ·
1538 3633 1579 3693 ²5

322 3711 402 3795 τίας
426 3705 515 3787 εἶναί
540 3716 634 3813 φησι
655 3707 698 3788 τό
719 3709 878 3813 ἔμφυτον
906 3712 1046 3807 κίνημα,
1072 3714 1130 3788 καὶ
1159 3709 1247 3811 όπερ
1276 3707 1322 3790 ἀν
1349 3709 1522 3815 ὑπάρχειν

324 3830 431 3912 σ”ωιτό
446 3864 500 3917 τις
512 3835 576 3931 τῆς
590 3834 832 3938 φιλοσαρκίας
843 3831 885 3911 τό
900 3831 1025 3930 πάθος,
1036 3831 1197 3937 καθάπερ
1209 3831 1334 3932 ἀμέλει
1348 3836 1404 3912 καὶ
1420 3834 1523 3936 νόμον

324 3955 394 4062 ἔφη
413 3955 480 4043 νόος
497 3954 563 4053 τὴν
580 3955 627 4038 ε’ίς
646 3989 688 4057 γε
706 3953 747 4035 τό
766 3956 903 4059 ἀγαθόν
922 3958 1030 4036 αῦτοῦ
1047 3955 1164 4060 ῥοπήν
1183 3961 1296 4036 τεκαὶ
1315 3955 1476 4056 θέλησιν.

360 4155 387 4213 5·
406 4145 420 4196 ι
439 4142 644 4211 ιορωμαι.
681 4141 997 4214 ,ιωμοςιιτηιιιςα
1071 4157 1095 4212 7·
1114 4141 1146 4210 ιη
1158 4157 1213 4196 om.
1226 4142 1260 4196 κ.
1332 4158 1359 4213 9.
1376 4140 1437 4210 ατη
1450 4103 1522 4197 λιι.

325 4213 395 4267 δοκεῖ
407 4212 458 4268 Ed.
622 4231 662 4267 ιο.
681 4215 751 4284 μάχη
764 4213 798 4267 Α.
955 4229 997 4267 11.
1017 4210 1146 4281 ηοωλ.
1244 4281 1270 4301 μ
1304 4227 1344 4281 13·
1363 4213 1421 4265 τότε
1432 4211 1523 4294 pias-

327 4284 585 4422 {iffiffiii
609 4283 883 4424 Μ”Ψλωὲἱίὲηκ
896 4351 1033 4407 emnam
1046 4281 1369 4423 xif‘i‘iffiiff”'⁰“⁰
1381 4279 1523 4495 “iffi

1508 4445 1525 4478 Ι

328 4439 376 4492 pro
388 4443 416 4475 τι
429 4423 462 4475 Α.
519 4425 596 4490 νόμον
607 4423 731 4494 ἁμαρτίας
742 4425 812 4495 φησὶ
823 4425 853 4479 τὸ
866 4423 959 4494 incipit
970 4425 1004 4478 Α.
1159 4423 1202 4478 28.
1220 4425 1271 4494 ἔφη
1284 4441 1338 4478 om.
1351 4425 1385 4476 Α.

327 4491 406 4545 αὐτοῦ
419 4491 458 4562 (τι
476 4493 613 4562 omittens)
626 4497 660 4548 A.
773 4494 816 4548 28.
835 4495 951 4564 θελησιν,
964 4492 993 4549 ὅς
1003 4515 1035 4564 γε
1052 4495 1120 4566 διψᾷ
1134 4495 1181 4564 μὲν
1192 4495 1222 4548 τὸ
1235 4493 1264 4563 (ε
1277 4493 1369 4563 supra)
1382 4511 1469 4566 unque
1487 4493 1524 4548 nd

327 4560 452 4630 ἁμαρτίας
465 4561 526 4632 (²5)
540 4563 672 4618 clausulas
684 4572 861 4635 transponens
873 4566 908 4621 Α.
