3280 5142
122 339 321 409 xix.16-18.
417 345 475 410 IN
506 347 539 412 S.
564 348 585 413 J
590 347 821 414 OANNEM.
867 346 964 414 LIB.
988 346 1069 413 XII.
1288 345 1331 415 79

121 501 252 608 ὥσπερ
269 507 490 597 ἀπολύοντες
507 512 651 618 αὐχένα.
693 520 800 594 τοῦτο
818 510 890 616 γὰρ
908 509 953 612 ἦν
972 513 1131 614 ἐναργῶς
1149 508 1192 591 τὸ
1210 509 1361 613 λέγεινο

120 633 201 711 Οὐκ
226 631 347 736 έχιμει
364 635 524 729 βασιλέα
546 645 572 718 εἰ
595 636 643 744 μῆ
666 641 839 746 Καίσαρα.
892 639 976 717 ἀλλ’
997 634 1196 739 εὑρήσομεν
1216 633 1330 716 πάλιν

120 757 181 832 καὶ
219 754 301 836 τότε
338 757 405 860 μέν
442 762 499 841 ἐπὶ
536 766 588 868 τῷ
622 766 763 865 Σωτῆρι
795 767 949 869 Χριστῷ
983 760 1082 865 παρὰ
1119 766 1193 841 τῶν
1227 766 1329 840 λαεῦν

120 878 362 982 γεγενημένην
394 883 460 984 τὴν
496 883 684 992 εὐφημίαν,
716 883 817 990 παρὰ
854 883 892 966 δέ
930 889 994 985 τῆς
1029 891 1103 966 τῶν
1138 883 1329 989 ἀρχιερέων

89 1005 348 1099 5δνσβουλίας
397 1010 455 1087 καὶ
501 1008 637 1110 ταύτην
680 1018 757 1096 ταῖς
803 1009 937 1095 ν’ίλλαις
981 1008 1333 1111 προστετολμῆσθαί

120 1135 245 1234 φαμεν
272 1129 339 1231 τὴν
366 1131 563 1234 καταβοήν.

252 1391 336 1458 Τότε
363 1387 420 1460 οὖν
446 1391 639 1484 παρέδωκεν
666 1388 777 1460 αὐτοῖο
805 1393 905 1461 αὐτὸν
932 1393 986 1458 ἵνα
1014 1395 1200 1482 σταυρωθῇ.
1344 1398 1379 1455 16

177 1569 270 1647 Ταῖς
295 1569 368 1643 τῶν
385 1565 568 1646 Ἰουδαίων
586 1564 752 1670 ἀκράτοις
777 1567 901 1670 ὀργαῖς
926 1567 1094 1664 ἀπονέμει
1120 1559 1250 1644 λοιπόν
1268 1564 1327 1642 καὶ

120 1688 189 1792 οὐχ
213 1685 304 1768 ἐκδιν
323 1690 343 1768 ό
364 1687 525 1774 Πιλάτος
549 1688 615 1790 τὴν
634 1697 682 1774 εἰς
706 1697 779 1771 πῦν
797 1693 914 1772 ὁτιοῦν
932 1693 991 1770 καὶ
1017 1696 1089 1770 τιῦν
1112 1688 1182 1795 ἔξω
1208 1685 1328 1786 νόμων

76 1809 343 1913 ιούποδρομὴν,
380 1815 439 1894 καὶ
477 1811 544 1914 τὴν
579 1822 653 1898 τοῖς
689 1812 873 1916 δικάζουσι
909 1814 1122 1919 πρέπουσαν
1158 1811 1328 1920 ἐξουσίαν

123 1936 284 2041 ἀφελὼν,
303 1935 523 2037 ἀταμιεύτοις
550 1937 618 2038 ἤδη
647 1937 820 2044 φέρεσθαι
847 1946 923 2023 τοῖς
951 1944 1074 2037 θυμοῖς
1099 1933 1363 2039 ἀνεγκλήτωςᾶ

122 2061 258 2162 ἐφίησι,
278 2069 459 2164 σταυροῦν
480 2062 676 2167 ἐπιτρέψας
701 2059 764 2142 τὸν
787 2063 840 2142 ἐπ’
861 2064 974 2142 οὐδενὶ
999 2060 1065 2159 μέν
1083 2068 1156 2141 τῶν
1174 2058 1328 2166 φαύλων

122 2181 262 2264 ἁλόντα
298 2192 495 2284 παντελῶς,
533 2184 588 2266 ότι
622 2185 660 2266 δέ
698 2185 809 2286 μόνον
838 2183 929 2266 Υίύν
960 2185 1086 2267 ἑαυτὸν
1123 2185 1193 2292 ἐφη
1232 2189 1326 2264 Θεοῦ
1373 2183 1464 2316 §23²ss

120 2307 343 2411 παραλόγως
383 2307 600 2414 κρινόμενον.
648 2309 832 2395 Ἰουδαίοις
867 2308 933 2410 μέν
970 2311 1034 2390 οῦν
1072 2307 1114 2390 τό
1153 2315 1226 2389 πᾶν
1263 2316 1326 2388 τοῦ

77 2462 108 2518 ¹5
121 2430 355 2532 τολμήματος
387 2433 588 2541 ἐπιγράψαι
621 2468 675 2518 τις
708 2432 764 2532 όν,
792 2437 851 2515 καὶ
883 2431 950 2534 τὴν
981 2438 1046 2533 τῆς
1078 2433 1326 2536 πρωτουργίας

119 2554 267 2641 εἰκότως
293 2556 338 2636 ἂν
365 2553 462 2656 οἶμαι
489 2561 548 2638 καὶ
576 2565 696 2644 καλῶς
729 2559 874 2659 ἀναθείη
908 2557 1066 2664 γραφήν·
1120 2557 1221 2635 αὐτοὶ
1252 2553 1324 2658 γὰρ

120 2679 297 2782 γεγόνασι
323 2685 387 2781 τῆς
415 2680 504 2762 κατὰ
533 2687 698 2785 Χριστοῦ
731 2683 947 2776 δυσσεβείας
976 2679 1083 2787 ἀρχή·
1118 2680 1184 2778 τὴν
1213 2679 1257 2758 δέ
1282 2712 1325 2780 γε

123 2803 290 2885 Πιλάτου
318 2804 482 2911 κεφαλὴν
509 2811 572 2905 τῆς
602 2807 741 2886 ἐκείνων
769 2803 1002 2906 ἀνοσιότητος
1035 2807 1099 2886 οὐκ
1131 2803 1355 2906 όμοιρῆσαίθ

121 2935 254 3034 φαμεν,
273 2930 359 3008 ἀλλ’
380 2928 467 3008 εἶναι
494 2937 567 3014 τοῖς
593 2931 755 3031 δράσασι
781 2931 1024 3028 συνυπαίτιον,
1043 2929 1185 3031 ἐπείπερ
1203 2926 1324 3030 ἐκρύε·

73 3053 215 3133 νοσθαί
238 3087 277 3133 τε
305 3056 363 3133 καὶ
392 3055 578 3159 διασώζειν
601 3054 685 3162 ἐξόν
706 3059 769 3154 τῆς
795 3061 868 3135 τῶν
886 3055 1083 3161 φονιόντων
1100 3051 1238 3150 μανίας,
1258 3052 1327 3156 οὐχ

121 3178 219 3262 ὅπως
238 3178 395 3286 ἐξείλετο
416 3177 537 3278 μόνον,
557 3179 659 3259 ἀλλὰ
684 3183 741 3259 καὶ
768 3179 972 3283 παρέδιοκεν
989 3181 1057 3284 οὐχ
1081 3179 1220 3274 ἁπλῶς,
1238 3177 1323 3255 ἀλλ’

120 3302 176 3384 ἰἰα
196 3305 438 3414 σταυρώσειαν.

120 3553 315 3642 Παρὲλαβον
347 3548 404 3618 οὐν
432 3555 489 3619 τὸν
512 3554 648 3636 Ἰησοῦν,
676 3551 729 3620 καί
761 3554 927 3644 βαστάζων
954 3554 1064 3640 ἑαυτῷ
1094 3554 1151 3619 τὸν
1183 3553 1323 3642 σταυρὸν
1339 3577 1374 3640 17

100 3678 106 3687 “
170 3678 307 3748 ἐξῆλθεν
331 3675 377 3743 εἷο
404 3679 442 3745 τὸ
469 3683 644 3756 λεγόμενον
667 3679 798 3771 κρανίου
825 3681 975 3762 τόπον,ὃ
1003 3678 1132 3754 λὲτεται
1154 3678 1323 3770 Ἐβραϊστί

69 3813 106 3872 ²5
174 3803 330 3886 Γολτοθᾱ,
354 3807 436 3873 ὅπου
464 3806 562 3872 αὐτὸν
585 3807 809 3898 ἐσταύρωσαν,
829 3807 882 3871 καὶ
905 3807 969 3883 μετ’
994 3805 1093 3871 αὐτοῦ
1115 3805 1237 3871 ἄλλους
1263 3804 1322 3869 δύο
1338 3811 1374 3868 18

170 3931 320 3997 ἐντεῦθεν
347 3931 400 3996 καὶ
426 3933 583 4012 ἐντεῦθεν,
610 3935 709 4010 μέσον
737 3932 773 3998 δὲ
799 3933 857 4000 τὸν
880 3933 1016 3999 Ἰησοῦν.

175 4099 384 4204 Ἀπάγουσι
407 4100 472 4201 μέν
492 4107 539 4187 ὡς
566 4101 824 4210 τεθνηξόμενον
846 4104 915 4205 ἤδη
935 4103 999 4184 τὸν
1016 4106 1079 4201 ’τῆς
1099 4101 1188 4204 ζωῆς
1207 4103 1318 4206 ἀρχη-
1333 4135 1489 4194 nom,

115 4224 197 4330 γδν,
231 4226 425 4330 ἐπράττετο
456 4227 570 4307 δέκαὶ
600 4237 706 4308 τοῦτο
735 4225 823 4330 ὐπέρ
851 4227 964 4327 ἡμῶν,
995 4224 1141 4325 δυνάμει
1169 4231 1214 4331 τῇ
1245 4226 1322 4335 θείᾳ

156 4469 201 4508 22.
220 4453 368 4522 σταυρώσω
380 4451 413 4507 Ε.
521 4469 564 4524 23.
582 4451 733 4525 παρέλαβον
745 4453 773 4508 δέ
785 4454 831 4508 τὸν
842 4451 946 4521 Ἰησοῦν
957 4453 999 4507 καὶ
1010 4455 1109 4526 ἤγαγον
1120 4451 1155 4508 είς
1168 4452 1198 4506 τό
1209 4455 1322 4522 πραιτώ-

117 4547 177 4663 ρέορ
185 4523 382 4666 ρελλξρόῗτίέιυν
393 4525 438 4580 τόν
450 4525 564 4596 σταυρὸν
576 4525 654 4580 αὐτοῦ
668 4525 689 4580 F
701 4543 757 4598 mg.
771 4523 822 4580 Ed.
835 4542 890 4596 mg.
1082 4540 1125 4592 24.
1144 4521 1172 4595 δ]
1187 4521 1215 4582 δς
1229 4523 1250 4579 F
1264 4542 1321 4596 mg.
