3244 5146
540 913 604 979 DE
635 913 927 982 DOGMATUM
960 913 1262 980 SOLU'I'IONE.

327 1123 351 1162 1.
372 1101 423 1161 Au
436 1100 565 1160 mambra
578 1097 684 1159 habeat
696 1099 785 1160 Dsus.

325 1220 350 1260 r.
374 1198 453 1274 Quid
466 1197 578 1256 homiui
591 1197 696 1258 efficiat
708 1195 887 1274 spiraculum
900 1197 986 1258 vitae.

324 1319 351 1374 3.
372 1296 514 1373 Anjuxta
524 1295 680 1372 imaginem
691 1302 720 1354 et
727 1295 814 1372 juxta
822 1295 1043 1355 similitudinem
1055 1295 1156 1354 uadem
1164 1295 1315 1355 divorsave
1326 1293 1510 1370 significent.

323 1415 350 1468 4.
373 1394 482 1454 Utrum
497 1393 554 1452 Dei
568 1393 663 1470 imago
677 1391 777 1464 simus,
792 1412 830 1450 an
843 1392 979 1469 imaginis
992 1393 1096 1471 imago.

324 1507 352 1568 5.
372 1492 422 1551 An
435 1491 574 1568 profloora
587 1489 679 1567 possit
693 1489 789 1549 aouulo
803 1495 927 1549 venturo
941 1490 1048 1550 anima.

324 1593 351 1650 6.
372 1589 433 1650 Gur
453 1609 491 1647 ox
513 1587 610 1646 Adam
630 1586 840 1646 transmittitur
862 1606 965 1664 paona,
987 1586 1105 1648 Christo
1124 1585 1287 1648 vivificatus
1308 1586 1375 1664 quis
1395 1585 1507 1645 mucii-

423 1691 516 1745 tatam
529 1705 588 1744 non
601 1684 784 1743 transmittit.

324 1799 351 1861 γ.
372 1783 421 1842 An
433 1781 605 1842 rosurrootio
615 1781 677 1858 jam
691 1781 767 1840 facta
780 1780 827 1840 sit.

323 1885 351 1942 8.
373 1881 418 1940 Do
432 1881 551 1940 Ianaro.

324 1996 351 2051 9.
372 1976 419 2037 An
439 1978 532 2054 possit
552 1977 632 2037 Deus
655 1997 690 2036 aa
710 1995 783 2054 quaa
806 1975 964 2054 praeterita
984 1975 1046 2054 jam
1070 1977 1131 2036 sint
1154 1975 1266 2036 afficere
1286 1982 1321 2036 ut
1342 1994 1509 2052 numquam

424 2073 620 2152 contigerint?

426 2332 766 2399 RESPONSIONES
789 2333 852 2396 AD
875 2331 1107 2396 TIBERIUM
1129 2330 1380 2396 DIACONUM

770 2458 1035 2525 SOCIOSQUE.

327 2659 352 2700 1.
373 2639 522 2698 Adversus
535 2637 663 2697 dioautes
676 2637 799 2695 formam
812 2636 969 2696 humanam
983 2643 1013 2695 et
1027 2635 1167 2696 Divinam
1181 2655 1251 2696 esso.

326 2757 352 2797 a.
437 2741 453 2769 “
557 2741 573 2767 “
655 2735 766 2793 Filium
777 2754 868 2812 quum
879 2733 959 2792 sitin
973 2740 1052 2792 tarra
1065 2755 1132 2794 oum
1142 2733 1231 2795 Patra
1244 2734 1403 2795 mundum
1414 2733 1511 2812 hypo-

711 2831 803 2892 stasin
817 2851 875 2890 non
888 2831 1022 2892 adfuisse.
1145 2849 1148 2854 ’

326 2951 352 3008 3.
436 2936 454 2964 “
556 2935 572 2964 ‘⁴
654 2929 765 2988 Filium
798 2929 945 2988 hominum
978 2930 1087 2990 iactum
1114 2931 1209 2991 ooslos
1236 2929 1410 2990 Divinitatis
1437 2951 1511 2992 suae

710 3045 816 3086 vaurms
836 3025 995 3103 reliquisse.

324 3147 353 3202 4.
446 3131 453 3159 ‘
557 3131 574 3157 “
655 3123 765 3184 Filium
779 3124 857 3182 diem
870 3124 1059 3184 novissimum
1073 3126 1190 3186 nascita.

326 3239 353 3298 5.
438 3227 455 3254 “
557 3227 575 3255 “
656 3221 764 3280 Filium
778 3221 918 3281 miracula
931 3227 1082 3299 operatum
1095 3241 1181 3283 oarne
1194 3241 1247 3283 sua
1259 3239 1318 3283 non
1330 3229 1510 3300 cooperante

325 3325 353 3380 ⁶.
437 3324 453 3352 “
557 3322 574 3351 ‘⁴
657 3319 766 3378 Filium
780 3339 847 3378 oum
860 3339 946 3378 oarne
960 3339 1018 3378 non
1032 3327 1224 3398 assumptum.
1356 3321 1368 3338 “

326 3431 353 3491 7.
375 3415 525 3490 Quomodo
539 3415 763 3494 intelligendum
775 3415 904 3475 Verbum
918 3437 984 3476 oaro
1001 3417 1110 3478 iactum
1124 3426 1177 3478 ast.

325 3517 353 3573 8.
374 3511 524 3572 Adversus
536 3513 664 3573 dioantas
677 3513 728 3572 An
746 3513 855 3590 aliquid
869 3513 1013 3575 humanae
1034 3522 1154 3576 naturas
1175 3515 1297 3595 largitus
1316 3515 1355 3576 sit
1370 3515 1509 3578 Christus

427 3629 459 3668 1n
472 3629 568 3670 oarno.

327 3727 355 3784 9.
376 3707 462 3783 Quod
474 3727 528 3785 per
541 3727 656 3768 oarnom
670 3729 751 3768 suam
766 3709 904 3769 miracula
918 3717 1069 3787 operatum
1083 3711 1222 3772 Verbum.

309 3821 356 3866 1ο.
378 3805 531 3880 Quomodo
545 3806 582 3865 ad
596 3806 653 3865 Dai
666 3807 822 3884 imaginem
835 3807 930 3867 homo.

309 3926 355 3968 11.
378 3906 463 3981 Quod
477 3905 691 3965 Eucharistiam
705 3906 737 3965 in
750 3905 819 3964 solis
834 3905 993 3966 Catholicis
1006 3906 1143 3967 Euolasiia
1158 3909 1302 3968 ualabraru
1316 3915 1460 3986 oporteat.

308 4022 356 4064 11.
377 4004 463 4079 Quod
476 4003 605 4064 carnalos
619 4003 784 4063 affecuones
797 4011 933 4064 truncare
945 4004 1091 4082 possimus
1105 4007 1250 4066 eradicare
1263 4027 1324 4066 non
1336 4006 1439 4067 adhuo.

310 4121 355 4178 13.
375 4103 526 4162 Advomus
538 4101 667 4162 dioentoa
680 4101 729 4161 An
742 4099 807 4161 fieri
820 4103 949 4178 potuerit
963 4103 1041 4180 quod
1053 4111 1153 4181 peooot
1167 4104 1309 4164 Christus.

309 4219 356 4274 14.
438 4206 457 4234 “
560 4205 577 4233 “
685 4199 735 4259 An
749 4205 779 4258 et
793 4199 888 4276 angeli
901 4200 939 4259 ad
952 4200 1108 4278 imsginom
1123 4203 1188 4262 Dei.

309 4313 356 4373 15.
439 4305 456 4333 ‘⁴
560 4303 577 4332 “
687 4297 840 4373 Quomodo
866 4296 1020 4359 daemonas
1049 4299 1212 4378 inoorporai
1240 4319 1307 4361 aum
1334 4299 1507 4360 mulieribus

732 4414 794 4454 rom
810 4393 971 4456 habuerint.
