3244 5146
279 327 346 392 584
511 326 550 392 B.
573 325 761 391 CYRILLI
788 323 1054 410 ALEXANDR.
1081 323 1251 388 Fanum.

280 489 531 574 conjunctionem
554 489 595 553 od
617 489 722 554 Deum
743 488 896 568 Verbum,
919 487 981 552 nisi
1003 487 1091 572 prius
1112 486 1334 552 immaculatus
1356 487 1492 551 effectus

279 597 369 669 esset,
391 591 544 676 plurimas
565 591 661 656 simul
683 591 894 676 aocusadones
916 589 1065 656 adversus
1086 613 1142 654 sua
1163 589 1273 654 scribit
1293 589 1489 674 vaniloquia.

279 693 367 758 Nam
388 693 526 778 primum
548 693 676 778 quidem
696 693 878 759 indecenter
892 693 980 773 dicit,
995 694 1165 758 meruisse:
1194 693 1306 756 deinde
1328 691 1492 776 disjungit

279 796 315 860 in
329 795 464 862 alterum
486 797 657 881 separatim
678 796 789 876 filium,
805 797 861 881 qui
887 819 926 860 ex
940 797 1060 861 semine
1077 801 1125 861 est
1140 795 1256 873 David,
1271 817 1366 880 quern
1380 795 1490 878 ipsum

280 898 381 962 solum
396 900 566 984 separatim
578 899 600 962 J
601 921 689 963 esum
701 899 864 964 nominare
879 899 1079 984 impudenter
1090 898 1263 963 contendit.
1298 898 1349 962 Ad
1361 897 1440 961 haec
1455 899 1525 962 ct5

279 1001 517 1066 immaculatum
540 1002 620 1066 effici
640 1024 712 1066 eum
727 1002 838 1081 dicere,
853 1007 1017 1086 tamquam
1030 1002 1089 1066 hoc
1104 1000 1273 1085 aliquando
1288 1023 1351 1064 non
1365 999 1489 1064 haben-

279 1107 357 1182 tem,
382 1105 552 1189 plurimam
580 1106 639 1171 hcc
664 1104 760 1170 habet
785 1111 818 1170 et
842 1105 1080 1188 blasphemiam.
1135 1104 1256 1168 Unitua
1285 1103 1371 1168 enim
1396 1103 1488 1168 Deus

279 1209 422 1274 Verbum
444 1231 483 1272 ex
503 1208 572 1292 ipso
594 1213 683 1272 utero
704 1209 792 1272 carni
813 1230 897 1286 suae,
912 1230 995 1272 unus
1016 1211 1093 1286 erat,
1108 1213 1141 1272 ct
1156 1207 1200 1272 sic
1214 1213 1248 1270 et
1262 1205 1488 1270 immaculatus

280 1313 390 1390 Filius,
408 1312 544 1376 Sanctus
563 1316 754 1390 sanctorum,
769 1315 802 1375 et
817 1311 856 1375 do
871 1333 927 1374 sua
941 1310 1139 1395 plenitudine
1155 1309 1311 1394 Spiritum
1326 1309 1405 1372 dans
1419 1331 1487 1372 non

279 1416 381 1482 solum
412 1414 604 1494 hominibus,
635 1415 690 1479 sed
725 1413 821 1479 etiam
851 1435 975 1478 sursum
1004 1417 1038 1478 et
1066 1414 1101 1478 in
1130 1413 1215 1478 coelo
1243 1411 1487 1477 rationabilibus
1504 1418 1543 1458 ¹0

280 1517 463 1584 virtutibus.

625 1613 634 1641 ¹
753 1629 798 1692 Et
812 1633 1006 1713 postpauca.

795 1770 975 1835 Turonum.

110 1915 233 1968 neuun
324 1899 342 1930 “
359 1891 547 1975 Multiscric
574 1891 746 1976 multisque
774 1893 879 1956 modic
903 1893 980 1956 olim
1004 1892 1092 1956 Deae
1122 1891 1245 1956 bimatus
1264 1889 1422 1974 patribus
1447 1887 1486 1950 iu

281 2001 299 2030 “
310 1995 487 2080 prophetia,
510 1995 547 2058 in
567 1995 751 2059 oooiaoiruia
772 1995 884 2060 dicbus
906 1995 958 2059 bio
982 1995 1104 2059 moutam
1124 2005 1169 2058 eat
1191 1993 1283 2058 nobis
1306 1993 1343 2056 ia
1360 1990 1484 2054 Ιῧίῐὶο.η
1503 2005 1541 2064 15

281 2099 349 2163 Pcr
371 2099 500 2164 Filiam
528 2099 612 2162 enim
641 2099 762 2163 lectam
790 2109 837 2163 eet
862 2099 974 2172 achim
1007 2109 1128 2162 certum
1153 2108 1199 2162 eat
1224 2117 1307 2174 cero,
1331 2095 1418 2180 qaod
1444 2095 1485 2158 de

110 2230 185 2293 1b.5.
281 2212 446 2286 aammpto
467 2201 601 2265 bomine.
648 2207 666 2237 “
680 2201 742 2265 Oai
763 2202 847 2265 caim
868 2202 956 2264 dirit
969 2201 1150 2285 aliquando
1168 2199 1356 2283 eupator-am
1370 2197 1485 2262 Filius

283 2311 302 2340 “
317 2325 404 2369 orcus
428 2325 461 2368 ee
487 2317 529 2382 ta,
553 2326 609 2388 epo
635 2304 729 2368 bodie
750 2305 848 2388 penui
871 2302 951 2368 te.⁹’'
995 2304 1143 2380 Nullam,
1169 2304 1261 2379 dicit,
1281 2302 1484 2387 participem

270 2409 357 2491 fecit
371 2409 546 2492 dipaitatia
557 2407 653 2471 Filii.
690 2406 761 2470 Hoc
775 2407 860 2470 enim
875 2409 960 2491 qaod
974 2407 1067 2484 dicit,
1079 2406 1178 2491 genui
1192 2409 1234 2482 te,
1245 2407 1341 2490 quari
1348 2425 1411 2486 per
1424 2405 1484 2468 boo

272 2511 552 2596 participationem
559 2511 734 2594 filiationis
749 2509 859 2574 dedit.-
873 2511 1001 2574 omniuo
1016 2531 1087 2575 vero
1099 2520 1209 2595 aperte
1223 2509 1348 2572 nullom
1362 2508 1483 2573 bobeno
1501 2528 1540 2567 ao

278 2615 325 2678 od
338 2615 444 2679 Deam
461 2614 596 2679 Verbum
610 2615 868 2690 communiorem,
884 2625 1025 2698 apparet
1038 2613 1097 2678 boc
1110 2614 1196 2700 qaod
1209 2613 1334 2677 dictam
1349 2623 1405 2676 eat.

737 2784 858 2848 Saron
879 2784 1026 2850 Cramer.

324 2905 417 2970 Certe
438 2911 471 2970 et
485 2905 521 2970 in
534 2904 785 2984 allocutionibus,
800 2927 879 2990 quas
892 2903 968 2968 fecit
981 2905 1022 2969 od
1036 2904 1252 2991 baptizandos,
1267 2907 1384 2970 iterum
1399 2906 1485 2971 dixit

282 3160 301 3190 ‚,
317 3110 467 3189 monium,
483 3112 537 3175 scd
553 3134 591 3176 ex
606 3111 715 3175 divina
732 3112 835 3176 edocti
857 3134 965 3176 sumus
983 3111 1147 3195 scriptura,
1163 3111 1310 3196 quoniam
1325 3117 1359 3176 et
1371 3111 1484 3175 beatus
1499 3127 1538 3185 ²5

111 3241 186 3290 Rom.
200 3238 234 3288 ix.
244 3250 268 3300 5,
282 3262 300 3291 ‚,
316 3213 433 3278 Paulus
455 3214 502 3278 ita
523 3213 601 3278 dicit
625 3215 694 3278 ‘Ex
716 3214 831 3298 quibus
846 3215 991 3279 Christus
1013 3213 1184 3280 secundum
1206 3237 1341 3293 carnem,
1359 3213 1414 3298 qui
1434 3219 1484 3278 est

283 3365 300 3394 „
317 3325 328 3354 ‘
339 3339 432 3399 super
454 3316 559 3380 omnia
581 3317 688 3394 Deus:
715 3339 778 3380 non
800 3317 884 3402 quod
905 3340 944 3382 ex
960 3317 1088 3381 Judaois
1110 3323 1143 3382 et
1164 3317 1335 3382 secundum
1357 3339 1483 3381 carnem

282 3467 301 3497 „
316 3423 373 3496 est,
389 3417 444 3502 qui
464 3440 557 3502 super
576 3419 681 3482 omnia
697 3419 783 3483 Deus
801 3425 866 3485 eet:
890 3421 944 3486 scd
958 3421 1016 3484 boc
1031 3421 1157 3504 quidem
1179 3420 1219 3484 ad
1238 3420 1482 3506 significandum

282 3569 302 3601 „
317 3521 486 3586 humanam
503 3527 649 3586 naturam
666 3521 758 3599 dixit,
773 3545 869 3606 quam
888 3525 928 3589 ab
944 3523 1118 3588 Israelitico
1133 3545 1247 3608 genere
1267 3545 1333 3588 esse
1353 3523 1481 3602 sciebat,

282 3673 302 3704 ‚,
318 3624 397 3689 illud
411 3630 517 3689 autem
532 3623 572 3688 ad
587 3626 810 3690 ostendendam
826 3626 967 3690 divinam
981 3633 1139 3706 naturam,
1154 3649 1250 3711 quam
1268 3649 1362 3710 supra
1376 3628 1480 3691 omnia
1498 3643 1539 3701 30

112 3738 217 3792 Faxlii.
230 3739 268 3791 18.
283 3778 300 3807 „
317 3733 350 3792 et
372 3729 516 3794 omnibus
539 3728 754 3793 dominantem
775 3728 924 3795 sciebat.'’
947 3729 1009 3793 “O
1033 3729 1119 3793 surdi
1139 3729 1257 3808 audite,
1278 3734 1311 3794 et
1333 3729 1415 3794 caeci
1434 3729 1483 3794 vi-

281 3840 302 3872 “
318 3831 420 3911 dcte,'’
442 3831 628 3898 acclamavit
649 3832 762 3917 aliquis
785 3839 965 3898 sanctorum
987 3833 1032 3898 cis
1053 3832 1108 3919 qui
1122 3833 1253 3899 fuerunt
1267 3857 1306 3898 ex
1328 3833 1484 3919 sanguine

318 4001 344 4040 a.
363 3983 477 4054 plurima
489 3984 569 4038 simul
583 3983 618 4038 D.
673 4000 736 4038 suaa
750 3982 852 4038 Bellov.
865 4001 926 4038 eum
941 3984 976 4038 D.
1098 3995 1123 4053 5.
1142 3984 1229 4038 solum
1242 4001 1291 4038 om.
1304 3983 1341 4038 D.
1395 3985 1483 4038 nomi·

282 4055 339 4108 nari
352 4053 524 4124 inprudenter
538 4055 573 4118 D,
587 4054 722 4109 “Veteres
735 4055 821 4109 libri’'
837 4054 929 4108 Belua.
966 4063 1090 4108 stoream
1109 4061 1162 4107 tum
1175 4071 1214 4108 ea.
1228 4054 1264 4109 D.
1311 4069 1335 4124 7.
1348 4065 1375 4110 et
1386 4074 1436 4109 om.
1446 4055 1482 4120 D,

282 4131 301 4156 “
312 4125 464 4196 conjunctio
477 4123 550 4178 deest
562 4124 590 4177 iu
603 4125 715 4178 vetustis
727 4124 948 4195 exemplaribus''
960 4125 978 4179 i.
987 4141 1010 4178 e.
1025 4125 1060 4187 D,
1100 4125 1188 4188 ellov.,
1202 4123 1295 4178 baluz.
1379 4127 1405 4180 8.
1425 4144 1483 4180 car-

282 4196 325 4248 nis
340 4195 375 4248 D.
429 4204 455 4248 et
468 4195 516 4248 ott.
529 4211 577 4248 ona.
591 4195 628 4248 D.
727 4211 768 4248 ro.
781 4205 808 4248 et
819 4212 868 4248 cm.
882 4193 918 4248 D.
1016 4211 1057 4264 13.
1076 4194 1210 4248 Theodori
1225 4195 1260 4258 D,
1275 4195 1483 4259 Surius‚‘1'beo-

283 4265 365 4318 dorus
379 4263 431 4320 Ed.
648 4281 688 4331 14.
706 4265 819 4335 loquens
833 4265 869 4318 D.
1073 4265 1116 4320 16.
1133 4265 1167 4319 de
1179 4265 1206 4319 id
1219 4276 1358 4337 assumpto
1371 4269 1432 4336 (sic)
1447 4267 1482 4322 D.

286 4349 326 4404 17.
346 4337 501 4404 angelorum
514 4352 563 4388 om.
577 4335 614 4389 D.
665 4335 705 4388 18.
724 4335 850 4458 participe
899 4404 905 4414 .
937 4405 942 4424 ι
975 4405 1009 4416 Η
1238 4407 1242 4417 Ι
1357 4409 1361 4418 Ι

282 4415 426 4474 —apparet
441 4422 490 4459 om.
505 4406 540 4459 D.
756 4420 797 4458 aa.
837 4415 907 4458 ancti
920 4403 1011 4474 tyrillr
1026 4406 1061 4466 D,
1077 4405 1170 4476 Cyrrllr
1183 4405 1287 4470 burrus,
1300 4405 1417 4477 Cyullua
1432 4407 1482 4463 Ed.

284 4475 489 4556 sperono..
531 4545 536 4557 ι
591 4489 634 4600 Ἥ.
652 4474 723 4528 docti
738 4473 773 4528 D.
877 4476 1089 4556 apetamD..
1132 4547 1136 4557 Ι
1177 4477 1219 4530 28.
1239 4477 1482 4558 eatDeusinoarso

282 4543 372 4598 ordene
385 4543 420 4599 D.
470 4545 607 4616 significan
628 4545 686 4616 um]
708 4545 748 4598 lta
761 4555 859 4600 veteres
873 4546 941 4599 lrbrr.
957 4544 1049 4601 Belua.
1069 4545 1456 4617 spumantemamnem.

851 4333 889 4404 m]
904 4334 1058 4404 angelorum
1072 4335 1226 4406 participem
1242 4335 1275 4390 D.
1326 4339 1482 4392 nonullam
