3294 5150
152 441 280 508 [m]

307 341 371 403 252
448 338 488 402 B.
512 335 701 402 CYRILLI
727 333 994 399 ALEXANDR.
1021 333 1304 397 FRAGMENTA
1349 333 1370 396 i.
1390 347 1437 413 17,
1451 350 1504 397 20.

257 601 291 663 ιγ
322 581 367 647 Οὐ
395 583 455 672 τὰρ
483 581 673 647 ἀπέστειλέν
700 602 739 655 με
766 578 902 668 Χριστὸς
929 577 1098 666 βαπτίζειν,
1124 577 1194 641 ἀλλ’
1226 575 1491 666 εὐαγγελίζεσθαι.

362 763 611 844 Ἀπέσταλται
639 760 704 859 μὲν
726 762 1020 863 ὁμολογουμένως
1050 760 1271 867 διακηρύξων
1289 767 1363 842 τοῖς
1386 759 1507 839 ἔθνεσι

307 887 371 969 τὸν
389 889 549 988 Ἰησοῦν·
578 887 663 964 ἀλλ’
684 884 790 986 ἔργον
809 881 899 964 εἷναί
920 892 1039 989 φαμεν
1061 889 1124 983 τῆς
1147 886 1359 982 ἀποστολῆς
1386 881 1428 962 τὸ
1457 886 1507 967 ὡς

307 1014 345 1091 έν
364 1014 474 1118 καιρῷ
492 1044 529 1090 τε
549 1015 605 1089 καῖ
625 1008 757 1113 χρείαις
774 1015 948 1110 πληροῦν,
963 1007 1023 1087 εἴτ’
1039 1009 1102 1087 οὖν
1120 1006 1249 1104 ἕλοιτο,
1264 1012 1321 1087 καῖ
1340 1005 1381 1088 τῦ
1400 1015 1503 1103 βαπ-

308 1135 407 1214 τίσαι
436 1132 546 1217 τινοίς.
588 1133 646 1212 ἵνα
676 1132 713 1213 δὲ
743 1131 793 1232 μὴ
824 1133 887 1212 τὸν
915 1140 980 1212 τοῦ
1013 1136 1141 1236 χρῆναι
1169 1129 1352 1232 κηρύττειν
1383 1129 1545 1232 καιρὸν5

309 1257 437 1360 ἑτέροις
456 1260 618 1363 φαίνοιτο
637 1261 806 1337 δαπανῶν
823 1256 1096 1354 σπουδάσμασι,
1115 1259 1239 1356 παρείς
1256 1255 1294 1333 εὖ
1311 1255 1413 1353 μάλα
1432 1261 1508 1339 τοῖς

309 1380 401 1461 κατὰ
428 1379 546 1485 χῶρας
574 1384 632 1460 καὶ
659 1387 754 1459 πᾶσι
780 1379 1005 1480 τεταγμένοις
1028 1385 1076 1463 είς
1100 1378 1300 1479 ἐπισκοπὴν
1327 1378 1368 1460 τὸ
1394 1383 1444 1464 ὡς
1468 1383 1508 1459 έν

309 1511 431 1609 σχολῇ
459 1513 564 1584 τοῦτο
593 1509 691 1606 δρῦν,
711 1502 955 1606 εὐηγγελίζετο
982 1508 1128 1601 μᾶλλον
1150 1500 1266 1598 αὐτὸς,
1286 1501 1347 1583 ἀτε
1375 1501 1418 1602 δὴ
1447 1507 1507 1582 καὶ

310 1630 425 1729 λόγου
452 1629 575 1731 χρείαν
601 1625 879 1722 πεπιστευμένος
907 1629 966 1704 καὶ
993 1624 1090 1705 πολῦ
1117 1628 1202 1705 λίαν
1229 1625 1436 1729 ἠκριβωκῶς
1463 1624 1507 1706 τὸ

311 1757 477 1852 Χριστοῦ
508 1747 717 1850 μυστήριον·
764 1747 850 1828 ἀλλ’
879 1745 1005 1852 ῶσπερ
1035 1751 1054 1827 ὁ
1084 1747 1278 1834 θεσπέσιος
1312 1749 1507 1855 Στέφανος,
1528 1777 1572 1818 10

310 1874 424 1953 καίτοι
449 1871 631 1974 τραπεζῶν
650 1872 813 1952 διάκονον
837 1873 1163 1977 προχειρισάμενος,
1182 1874 1246 1953 οῦκ
1273 1870 1510 1971 ἀπόπεμπτον

310 1999 461 2076 ἐποιεῖτο
479 1996 520 2076 τὸ
539 2000 667 2101 χρῆναι
685 2003 950 2097 μυσταγωγεῖν,
967 1998 1059 2075 οὕτω
1079 2001 1136 2074 καὶ
1156 1999 1176 2076 ὁ
1194 1996 1387 2081 θεσπέσιος
1406 2001 1510 2076 Παῦ-

311 2130 375 2202 λος
402 2121 513 2199 καίτοι
537 2119 732 2215 τεθειμένος
754 2124 802 2202 είς
820 2117 862 2197 τὸ
885 2122 957 2198 δεῖν
976 2118 1258 2228 εὐαγγελίζεσθαι
1282 2117 1324 2198 τῦ
1342 2124 1509 2222 Χριστοῦ

310 2244 519 2346 μυστήριον,
538 2240 695 2346 ε’πλήρου
720 2241 811 2321 κατά
836 2241 958 2343 καιρὸν
987 2246 1045 2320 καὶ
1070 2241 1137 2341 τὴν
1165 2251 1227 2322 τοῦ
1254 2245 1508 2341 βαπτίσματος

311 2369 444 2473 χρείαν,
463 2365 692 2471 προκειμένης
717 2367 770 2444 ἐπ’
791 2367 902 2470 ἄμφω
921 2369 983 2463 τῆς
1006 2364 1173 2472 ἐξουσίας
1191 2367 1297 2472 αῦτηῖ,
1316 2369 1374 2446 καὶ
1391 2365 1505 2474 ε’ξείρ-
1527 2393 1571 2452 15

311 2527 439 2595 γοντος
458 2488 598 2573 οὐδενὸς
615 2489 712 2592 εἴπερ
729 2484 848 2568 ’ἕλοιτο
866 2497 972 2568 τοῦτο
991 2491 1090 2590 δρῦν.

262 2786 299 2825 20
364 2758 431 2821 Ποῦ
459 2758 582 2844 σοφίη
614 2761 676 2821 ποῦ
704 2757 930 2845 τραμματεύο;
960 2761 1022 2822 ποῦ
1050 2760 1225 2846 ουςιιτιιτιλε
1251 2765 1309 2825 τοῦ
1337 2756 1458 2825 αἰῶνοα

145 3195 226 3257 Supra
238 3209 289 3243 ver.

148 3261 186 3310 18.

844 2884 959 2948 τούτου
970 2913 978 2964 ;

369 3055 455 3134 Τοῖς
487 3047 553 3148 μὲνΙ
579 3050 672 3150 μέγα
702 3055 900 3154 φρονοῦσιν
929 3051 986 3129 ε’πῖ
1015 3050 1132 3156 σοφίᾳ
1165 3057 1320 3154 κοσμικῇ
1352 3053 1411 3131 καῖ
1442 3048 1510 3151 τὴν

313 3172 437 3252 πίστιν
456 3175 497 3251 οῦ
514 3172 771 3275 προσιεμένοις,
792 3177 903 3270 δῆλον
922 3171 959 3252 δὲ
977 3171 1032 3251 ὅτι
1050 3172 1116 3271 τὴν
1134 3179 1182 3257 είς
1199 3174 1374 3276 Χριστὸν,
1392 3174 1508 3277 μωρία
1525 3221 1573 3262 20

314 3293 355 3374 τὸ
374 3295 595 3396 εὐαγγέλιον·
636 3295 718 3394 ἡμῖν
737 3292 775 3374 δὲ
794 3297 861 3399 οὐχ
878 3296 1002 3392 οὕτως,
1023 3304 1167 3376 πολλοῦ
1185 3332 1226 3399 γε
1245 3300 1304 3377 καὶ
1322 3302 1385 3378 δεῖ·
1427 3300 1504 3377 δια·

314 3418 496 3516 τεθείμεθα
525 3417 597 3521 γὰρ
627 3417 680 3497 ὅτι
711 3417 857 3516 δύναμις
887 3423 983 3498 θεοῦ
1012 3420 1100 3516 ε’στι,
1131 3424 1188 3499 καὶ
1218 3421 1398 3523 σωτηρίας
1427 3418 1508 3505 ὁδὸς

313 3541 551 3645 ἀποφέρουσα
578 3539 669 3642 πρδς
696 3539 888 3641 ἁγιασμῖιν,
909 3545 966 3621 καί
995 3549 1044 3625 είς
1070 3542 1135 3642 τὴν
1152 3548 1216 3643 τῆς
1238 3545 1407 3645 ἀληθείας
1427 3543 1506 3624 έπί·

314 3698 453 3765 γνωσιν
470 3666 757 3763 παιδογωγοῦσα
782 3670 909 3769 σοφῶς
938 3667 1107 3772 δαψιλῶν
1126 3668 1374 3769 κηρυγμάτων.
1412 3665 1508 3767 οἶμαι

314 3786 352 3867 δὲ
377 3786 491 3888 ἔγωγε
518 3785 650 3894 σοφοὺς
678 3795 741 3866 νῦν
764 3789 872 3867 αὐτὸν
895 3791 1092 3868 ἀποκαλεῖν
1115 3788 1197 3874 τοῦς
1220 3791 1387 3895 ῥήτορας,
1408 3791 1443 3872 οῖ
1463 3797 1508 3896 τῇ
1527 3837 1546 3877 2
1552 3833 1574 3894 5

313 3917 387 3991 τῶν
415 3910 537 4012 λόγων
565 3910 735 4010 δεινότητι
763 3910 805 3991 τὸ
832 3911 984 3994 πιθανὸν
1013 3916 1066 3992 ἀεῖ
1099 3919 1150 4020 τῶ
1182 3915 1306 4020 ψεύδει
1338 3917 1506 4016 συμπλέ-

314 4069 444 4132 κοντες,
470 4038 532 4134 τῆς
561 4035 729 4134 ἀληθείας
757 4037 853 4144 αὐτῷ
880 4035 947 4136 τὴν
974 4037 1123 4138 δόκησιν
1149 4047 1343 4143 περιποιεῖν
1370 4038 1509 4121 ἐσπού-

314 4157 431 4258 δαζεν·
470 4159 703 4265 γραμματέας
721 4161 758 4239 δὲ
777 4157 873 4259 οἶμαι
898 4161 980 4245 τοῦς
998 4162 1273 4264 γραμματιστὰς
1290 4162 1369 4262 ἤτοι
1386 4198 1506 4266 γραμ-

314 4279 496 4380 ματικοῦς,
532 4281 584 4365 οἷς
620 4281 666 4388 ἦν
697 4285 775 4368 έθος
812 4282 877 4368 τάς
913 4290 986 4364 τῶν
1021 4292 1180 4382 ποιητῶν
1215 4285 1509 4389 περιεργάζεσθαι

315 4403 535 4506 συγγραφὰς
560 4407 618 4482 καὶ
647 4407 881 4505 διερμηνεύειν
908 4414 981 4489 τοῖς
1010 4406 1110 4490 νέοις·
1145 4408 1329 4518 συζητητάς
1352 4411 1398 4489 δέ
1414 4417 1509 4516 φησι
1523 4455 1574 4511 30

315 4523 396 4606 τοῦς
425 4533 642 4630 λογομαχεῖν
661 4526 826 4612 εἰωθότας
854 4532 912 4608 καὶ
940 4530 1104 4635 ἀκριβείᾳ
1122 4534 1228 4631 δῆθεν
1243 4539 1315 4612 τῶν
1332 4531 1506 4637 πραγμά-
