3268 5130
137 421 149 488 [
202 327 358 487 Μ1240
438 325 478 390 Β.
502 323 691 389 OYRILLI
717 321 983 389 ALEXANDR.
1010 321 1293 388 FRAGMENTA
1336 321 1420 406 xi.9,
1437 341 1490 384 11.

160 436 190 485 4²
235 458 241 472 .

261 587 279 644 9
401 567 459 634 Καί
484 566 585 650 Δαβίδ
613 571 699 644 λέτει
726 567 748 632 Γ
749 567 901 635 ενιιθιίτω
928 567 946 632 εἰ
975 565 1116 656 τράπεζα
1143 566 1252 633 αὐτῶν
1277 570 1386 638 κ.’τ.λ.

350 735 507 832 Γειηθίτιι
531 740 647 844 φησὶν
666 741 682 832 ἡ
701 736 855 847 τράπεζα
875 736 980 817 αὐτῶν
998 745 1044 822 εἰς
1063 730 1218 838 παγίδα,
1238 739 1296 814 καί
1318 732 1366 814 τὰ
1388 733 1489 840 ἑξῆς·

292 860 521 964 παρακομίζει
539 858 630 962 πρὸς
647 859 829 967 ἀπόδειξιν
847 857 897 939 ῶν
915 856 989 941 εἰπε
1008 861 1067 941 καί
1085 857 1235 964 γράμμα
1252 857 1489 964 προφητικὸν,

125 985 257 1104 {mh-
294 983 362 1089 οὐχ
379 982 456 1068 ἑνὸς
474 980 575 1063 ἀλλὰ
594 982 657 1064 δύο
675 989 873 1090 προφητῶν
889 981 981 1086 πρὸς
998 983 1195 1080 σύστασιν,
1214 993 1236 1028 “
1249 983 1308 1061 ἵνα
1325 983 1383 1064 ε’πί
1400 978 1490 1061 στό-

293 1115 316 1154 “
333 1139 446 1205 ματος
457 1106 520 1188 διίο
539 1109 597 1186 καί
608 1114 716 1210 τριῶν
733 1107 923 1210 μαρτύρων
939 1112 1059 1212 σταθῇ
1076 1113 1149 1188 πῶν
1162 1105 1291 1210 ῥῆμα.”
1313 1102 1489 1207 ἐπάρατος
1506 1145 1531 1207 5

292 1228 364 1334 γάρ
389 1233 447 1311 καί
473 1237 576 1329 μάλα
600 1232 714 1333 ὀρθῶς
738 1232 886 1333 γέγονεν
907 1230 1012 1311 αὐτῶν
1033 1229 1234 1338 ἡτριίπεζα,
1252 1226 1438 1308 τουτέστιν
1465 1227 1489 1326 ἡ

293 1355 480 1461 κακοξενία
498 1357 557 1434 καὶ
576 1355 598 1454 ἡ
617 1352 768 1453 ὠμότης,
786 1353 831 1452 ἣν
849 1355 907 1434 ἐπὶ
920 1358 1071 1458 Χριστῷ
1089 1354 1299 1452 πεποίηνται
1317 1348 1408 1429 κατὰ
1425 1347 1492 1429 τὸυ

124 1479 165 1609 ἐξ
174 1479 253 1532 ¹¹*st
291 1484 357 1557 τοῦ
370 1484 619 1582 σταυροῦσθαι
630 1475 765 1580 καιρόν·
795 1475 1003 1584 δεδιψηκότι
1019 1475 1091 1578 γὰρ
1105 1477 1201 1582 αὐτῷ
1216 1472 1490 1578 προσεκόμισαν

292 1598 378 1708 ὅξος
401 1601 497 1706 χολῇ
523 1600 714 1704 συμμιγές·
750 1598 809 1679 διὰ
833 1602 1019 1681 τοῦτοκαὶ
1044 1599 1302 1699 ἐσκοτῶθησαν
1320 1595 1383 1677 τὸν
1405 1603 1490 1680 νοῦν

292 1725 352 1802 καί
370 1721 467 1803 κάτω
486 1721 665 1830 κεκόφασι
682 1721 776 1824 μόνα
795 1720 1052 1832 φανταζόμενοι
1069 1719 1116 1801 τὰ
1132 1723 1189 1802 ε’πί
1207 1725 1288 1823 γῆς.
1510 1763 1556 1804 ιο

245 1987 280 2036 ιι
427 1967 518 2040 Λὲτω
543 1961 611 2044 οὖν,
637 1965 681 2044 μιί
709 1967 867 2035 ἔπταισαν
893 1967 947 2033 ἰνα
973 1967 1119 2048 πέοωσι;
1146 1963 1190 2042 μιί
1219 1965 1354 2039 τὲνοιτο.

344 2129 504 2238 Ἄγαμαί
527 2170 573 2216 σε
590 2141 654 2238 τῆς
672 2140 865 2237 ἐπιεικείας,
882 2134 912 2217 ὦ
929 2137 1097 2218 θεσπέσιε
1115 2142 1253 2232 Παῦλε,
1271 2131 1490 2240 μεταχειρίζῃ

293 2255 366 2362 γάρ
402 2259 574 2364 εὐτεχνῶς
606 2265 671 2360 τῆς
702 2261 903 2361 οἰκονομίας
938 2258 1021 2346 τοὺς
1052 2259 1200 2364 λόγους·
1250 2261 1329 2365 οιίχί
1358 2259 1491 2357 ταύτης

292 2380 393 2462 ἕνεκα
419 2385 485 2480 τῆς
512 2386 626 2468 αἰτίας
652 2390 851 2486 κεκλῆσθαι
882 2384 930 2466 τοί
956 2387 1041 2485 ἔθνη
1066 2382 1332 2484 διατεινόμενος,
1356 2381 1416 2461 ἰνα
1441 2387 1491 2465 εἰς

177 2526 280 2584 481.
293 2503 392 2586 ἅπαν
421 2506 601 2586 ἀποπέσοι
632 2511 697 2608 τῆς
728 2515 777 2594 εἰς
810 2507 906 2590 Θεὸν
936 2511 1081 2593 ἐλπίδος
1109 2505 1303 2610 όἸσραὴλ
1334 2504 1392 2586 οἶοί
1420 2538 1490 2584 τινι
1506 2537 1549 2598 ¹⁵

293 2628 386 2738 λίθῳ
403 2629 701 2732 περιπταίσαντες
718 2637 882 2740 Χριστῷ,
900 2634 987 2714 ἀλλ’
1006 2633 1064 2712 ἰνα
1084 2637 1232 2730 μᾶλλον
1249 2627 1333 2715 τοὺς
1356 2626 1488 2728 ἀδοκή-

292 2785 363 2836 τως
391 2753 678 2854 εἰσδεδτγμένους
704 2756 1004 2860 παραζηλοῦντες,
1030 2761 1249 2854 μεταμαθεῖν
1276 2751 1415 2834 ἕλοιντο
1442 2751 1492 2832 τὰ

293 2874 514 2980 αἰσχίω,καί
540 2881 686 2981 φρονεῖν
704 2879 847 2978 ἄμεινον
868 2879 892 2980 ἢ
919 2883 1015 2981 πρίν,
1042 2874 1303 2986 παραδεξαιντό
1329 2910 1370 2958 τε
1395 2879 1491 2957 οὕτω

292 2995 358 3078 τὸν
389 2996 589 3102 λυτρωτήν.
638 3001 913 3106 παραστήσεται
944 3002 983 3084 δὲ
1014 3003 1035 3082 ό
1067 3001 1180 3104 λόγος
1211 3005 1260 3086 ὡς
1290 3003 1329 3081 εὐ
1359 3007 1496 3104 βραχεῖ

292 3122 567 3222 παραδείγματι·
595 3129 718 3210 παῖδες
734 3125 802 3225 μὲν
815 3125 888 3231 γὰρ
905 3127 988 3207 ἔσθ’
1009 3126 1069 3206 ὅτε
1085 3126 1207 3229 μικροί
1221 3159 1259 3205 τε
1278 3128 1337 3205 καί
1350 3123 1489 3223 ἄνηβοι,
1508 3162 1552 3202 20

293 3243 359 3326 τάς
390 3251 464 3329 τοῖς
495 3245 547 3328 ἔτι
578 3249 715 3346 νηπίοις
746 3251 955 3352 πρέπουσας
984 3249 1205 3354 εἰσδέχοιπαι
1236 3247 1364 3352 λύπας·
1412 3243 1490 3327 εἶτα

293 3365 430 3470 πατρὸς
457 3366 637 3476 ἢμητρός
663 3373 931 3476 ἀποδραμόντες
957 3370 1088 3478 βραχὺ,
1116 3371 1398 3478 ἀπροφάσιστον
1422 3371 1490 3471 μὲν

294 3495 368 3568 τῶν
392 3491 562 3591 ὀμμάτων
587 3497 802 3601 καταχέουσι
830 3497 997 3600 δάκρυον,
1025 3504 1184 3576 λυποῦσι
1211 3494 1250 3576 δὲ
1275 3497 1317 3576 οὐ
1339 3495 1492 3599 μετρίως

294 3613 377 3697 τοὺς
394 3619 660 3720 γεγεννηκότας·
699 3619 799 3726 φέρει
826 3621 899 3723 γὰρ
916 3627 965 3704 εἰς
982 3627 1090 3700 τοῦτο
1110 3624 1175 3718 τῆς
1193 3622 1350 3726 φυσικῆς
1375 3626 1486 3725 φιλο·

294 3739 469 3840 στοργίας
487 3743 508 3822 ὁ
528 3741 647 3840 νόμος·
687 3748 747 3824 καί
769 3740 814 3842 δὴ
832 3748 898 3844 τῆς
920 3745 1164 3851 μικροψυχίας
1190 3747 1248 3824 καί
1276 3743 1490 3842 εἰκαιότητος
1509 3777 1552 3837 25

295 3875 556 3968 νηπιοπρεποῡς
574 3867 793 3971 ἀφιστάντες
811 3869 992 3974 εὐτέχνως,
1008 3868 1152 3948 παιδίον
1169 3868 1295 3951 ἁπλῶς
1312 3865 1355 3946 τὸ
1373 3900 1491 3968 παρα-

292 3983 404 4092 τυχόν
432 3987 664 4091 ἁρπάζουσιν,
693 3992 790 4096 αὐτῷ
819 4025 859 4070 τε
895 3991 1128 4096 προσάγουσι
1156 3989 1221 4074 τάς
1251 3987 1351 4092 παρὰ
1379 3991 1493 4095 σ’φῶν

293 4108 408 4210 τιμιίς,
445 4109 732 4214 παραζηλοῦντες
769 4115 880 4194 έκεῖνο
916 4117 974 4194 καί
1012 4111 1088 4193 οἰον
1123 4114 1401 4218 κατερεθίζοντες
1441 4119 1493 4197 εἰς

329 4341 361 4410 ³:
375 4325 433 4379 Ine.
445 4327 611 4396 παρακομίζει
620 4327 655 4382 Α.
779 4341 841 4400 3-5.
861 4328 935 4383 Haec
947 4327 1218 4397 παρακομίζει-ῥῖν’η
1230 4337 1396 4383 mmm
1409 4347 1442 4382 ex
1455 4331 1493 4386 Α.

294 4395 321 4447 6.
333 4395 360 4447 δι
374 4413 423 4464 pro
434 4398 485 4464 γὰρ
496 4398 537 4448 u}
550 4399 583 4449 Α.
690 4415 717 4464 η,
734 4414 774 4453 ιο.
793 4400 916 4467 διδ-γῆς
927 4410 1065 4468 assumpta
1077 4417 1109 4452 ex
1123 4403 1157 4454 A.
1250 4417 1290 4453 ις.
1310 4399 1414 4455 1αε.ὅς
1425 4401 1493 4470 ἄγα-

293 4485 339 4528 μαι
352 4467 387 4517 Α.
495 4481 536 4531 15.
555 4465 603 4536 εἰς]
617 4469 682 4534 πρὸς
694 4471 728 4520 Α.
834 4469 874 4522 16.
892 4471 1063 4536 περιπταίσας
1076 4471 1109 4523 A.
1218 4487 1260 4523 πο.
1279 4491 1306 4522 τε
1319 4480 1495 4541 assumptum

295 4549 328 4584 u
340 4535 375 4586 Δ.
517 4535 560 4588 26.
578 4541 608 4587 τὸ
621 4539 656 4588 Α.
668 4559 695 4590 τε
710 4537 761 4591 Ed.
904 4555 948 4609 ²7·
966 4541 1034 4610 m'rft
1046 4540 1087 4611 τε]
1101 4541 1143 4594 καί
1154 4541 1237 4612 τοίην
1249 4541 1283 4594 Α.
