3294 5130
321 341 386 402 442
695 335 755 398 DE
779 333 1072 398 FRAGMENTIS
1098 334 1151 398 IN

322 505 445 576 οὐρανίων
458 503 559 574 μέθεξιν
571 501 681 576 ιίγαθῶν.
710 501 744 558 ὣς
763 503 814 575 γὰρ
835 505 914 576 έαυτῷ
935 502 1056 556 δεδόσθαι
1075 503 1198 574 φησζτῇ
1219 505 1265 556 τοῦ
1285 502 1423 574 είνθρύτου
1444 500 1532 574 φύσει

322 601 467 674 προσνέμει,
483 602 538 656 έπεί
551 606 605 657 πῶς
617 605 648 668 τῇ
662 605 708 654 τοῦ
722 600 855 671 ἀνθρώπου
868 601 981 670 πτωχείᾳ
994 598 1223 670 πεπλουτήκαμενς

637 729 718 788 afol·
737 733 782 787 28.
804 729 833 785 ὃν
847 735 861 785 ό
875 733 940 788 Θεὸς
952 735 1052 804 ήγειρεν
1065 730 1092 784 έκ
1106 736 1204 802 νεκρῶν.

359 845 419 902 Ὀτι
437 847 464 902 δέ
484 849 498 900 θ
516 845 599 917 πατήρ
613 845 641 899 ε’κ
659 849 751 916 νεκρῶν
763 844 908 914 ἀναστήσω
924 845 1027 918 λέγεται
1042 847 1087 900 τὸν
1100 844 1193 918 Κύρων
1205 846 1275 915 ήμῶν
1285 845 1389 914 Ἰησοῦν
1402 847 1533 915 Χριστὸν,

324 945 504 1017 ε’νεργουμένου
519 945 636 1013 δηλονότι
653 945 711 1014 περὶ
729 943 775 1010 τήν
788 944 871 1014 σόρικα
889 943 967 996 αὐτοῦ
985 945 1031 997 ταῦ
1049 945 1206 1015 πράγματος,
1221 945 1266 997 οῦκ
1280 944 1311 997 ἂν
1323 942 1467 998 ε’νδοιάσειέ
1480 965 1531 1012 τις,

325 1043 400 1099 αύτθς
413 1065 441 1096 τε
455 1043 576 1114 ι’πτείρχων
589 1040 604 1109 ή
619 1041 740 1108 ζωοποιός
754 1062 782 1093 τε
796 1041 836 1093 καὶ
849 1039 951 1112 ἐνεργής
965 1039 1067 1109 δύναμις
1080 1045 1127 1095 τοῦ
1140 1043 1250 1112 Πατρθς,
1258 1043 1304 1095 τὸν
1316 1040 1381 1096 ἰ’θιον
1393 1041 1532 1108 ε’ζωοποίει

326 1141 386 1195 ναὸν
399 1141 461 1194 κατὰ
474 1143 504 1194 τό
518 1141 535 1169 “
546 1137 647 1193 Λύσατε
661 1139 705 1192 τὸν
718 1139 776 1191 ναὸν
789 1139 933 1192 τοῦτονκαὶ
951 1137 978 1192 έν
991 1138 1076 1210 τρίσιυ
1089 1137 1192 1210 ήμέραις
1205 1138 1286 1211 ε’γερῶ
1302 1137 1404 1193 αὐτόν’
1431 1136 1464 1205 ἢν
1477 1137 1531 1207 ἆρα

325 1239 355 1292 τὸ
370 1235 569 1306 ζωοποιούμενον
582 1236 628 1289 οῦκ
641 1235 787 1305 ἀλλότριον,
801 1237 859 1288 οῦτε
872 1235 922 1304 μήν
936 1235 991 1291 ίνὸς
1003 1240 1054 1289 τῶν
1067 1234 1125 1290 καθ’
1140 1236 1205 1305 ἡμᾶς
1223 1235 1371 1307 ἀνθρώπων,
1386 1235 1447 1288 ἀλλ’
1462 1233 1532 1288 ’ίθιον

323 1337 402 1390 αὐτοῦ
416 1337 462 1389 τοῦ
476 1325 560 1405 Λόγου
574 1337 656 1401 σῶμα.

337 1463 416 1522 αίοί.
434 1482 467 1538 3¹
483 1482 510 1521 v.
533 1461 602 1521 Sine
616 1461 733 1520 nomine
747 1461 797 1520 sed
811 1463 934 1537 κυριλλου
947 1463 1005 1536 ιἰρχ.
1021 1460 1199 1534 ἄλεξανδριίας
1212 1462 1331 1520 exhibet
1345 1463 1408 1521 cod.
1422 1463 1513 1522 Ooisl.

581 1560 662 1617 deest
676 1559 706 1616 in
720 1558 826 1635 Migne.
843 1560 1008 1633 συνήχθησαν
1019 1563 1070 1634 γὰρ
1084 1562 1123 1618 ἐπ’
1137 1561 1263 1630 ἀληθείας.

366 1679 423 1748 Οῦχ
443 1673 484 1731 ἵνα
501 1698 527 1730 τι
540 1680 591 1730 τῶν
608 1675 748 1748 ἀναγκαίων
768 1676 804 1733 είς
825 1675 913 1744 ὄνησιν
933 1677 969 1733 είς
988 1677 1067 1748 πέρας
1086 1676 1219 1749 ἆγείγωσιν
1238 1676 1297 1731 ἀλλ’
1314 1674 1355 1732 ἵνα
1375 1677 1533 1749 ε’μτταροινή-

325 1796 417 1830 σαντες
436 1796 472 1848 την
490 1777 595 1847 Χριστῷ
615 1777 661 1827 τοῦ
680 1773 782 1846 Κυρίου,
796 1774 915 1829 τουτέστι
935 1778 981 1828 τοῦ
994 1778 1061 1828 Θεοῦ
1082 1774 1123 1828 καί
1141 1775 1252 1848 Πατρὸς,
1267 1777 1338 1830 κακαί
1359 1779 1441 1833 κακῶς
1462 1775 1533 1830 ὢτό·

324 1874 410 1926 λαιντο
424 1873 464 1926 καί
477 1872 523 1928 τὸς
536 1873 581 1950 τῆς
594 1871 762 1943 κυριοκτονίας
776 1871 964 1942 ε’ξαεταιτηθείεν
977 1872 1052 1930 δίκας.

514 2018 531 2056 a
545 1998 593 2056 fol.
610 2016 645 2071 41
663 2018 692 2056 v.
707 1998 817 2073 Ἀνδρες
829 2001 940 2073 ἀδελφοί
952 2003 994 2056 καί
1006 2001 1113 2074 πατέρες
1125 2001 1253 2057 ἀκούσατέ
1265 2025 1325 2072 μου.

364 2114 557 2184 Ἐτοιμιίζεσθαι
581 2113 677 2169 κελεύει
700 2115 764 2188 πρὸς
788 2117 818 2170 τὸ
842 2114 939 2186 εῦήνιον
959 2117 1000 2170 καὶ
1022 2117 1158 2187 μονονουχὶ
1179 2119 1373 2176 κατακλίνοντας
1397 2121 1429 2174 τὸ
1451 2121 1535 2176 ὦτίον

324 2211 437 2266 συνιέναι
456 2214 558 2269 λεπτῶς
577 2217 629 2267 τῶν
649 2213 724 2268 θείων
743 2215 830 2284 λόγων
849 2213 895 2282 τήν
913 2213 1025 2284 δύναμιν.

365 2360 384 2398 ο
397 2338 444 2398 fol.
461 2358 508 2413 42.
525 2342 617 2414 ’Δθρει
631 2343 661 2411 δή
675 2342 892 2401 οὖν-πλουσίως
904 2347 1058 2416 μπαλαχεῐν
1070 2364 1086 2401 ο
1100 2341 1175 2401 libro
1189 2343 1284 2420 primo
1298 2343 1334 2403 de
1344 2343 1534 2406 Adoratione

324 2457 353 2514 p.
371 2456 407 2495 ας
422 2459 440 2496 ο
453 2438 646 2514 desumptum.

365 2568 445 2627 afol.
461 2583 509 2642 45.
530 2572 730 2644 Τοιγάρτοι-οί
743 2571 850 2645 πατέρες
862 2592 878 2630 ο
893 2571 996 2649 Glaph.
1015 2586 1072 2646 254
1084 2573 1103 2630 b
1118 2575 1311 2651 desumptum.

365 2682 445 2741 οἱοί.
462 2697 501 2757 45
515 2703 542 2742 v.
557 2683 598 2740 *Η
612 2687 662 2758 γὰρ
677 2687 883 2759 οὐχὶ-κένωσιν
898 2705 913 2745 e
928 2688 1033 2765 Gluph.
1051 2705 1108 2764 253
1121 2709 1136 2748 e
1150 2689 1344 2767 desumptum.

366 2815 384 2854 α
397 2795 445 2854 fol.
462 2799 510 2869 46.
531 2798 857 2872 Ἐνεκαλεῑτο-δαιμονῶν
870 2821 886 2859 e
899 2799 1005 2878 Glaph.
1022 2817 1078 2877 ι55
1090 2803 1110 2861 d
1125 2805 1319 2882 desumptum.

366 2909 444 2968 οἷοί.
460 2911 569 2970 eodem.
593 2916 982 2989 Μετακιχὼρηκεν-γαλιλοίαν
996 2914 1108 2995 (Migne
1125 2917 1370 2998 praetermissum)
1385 2940 1402 2978 e
1417 2921 1530 3000 olaph

329 3019 384 3080 257
396 3007 416 3064 b
429 3007 622 3084 desumptum.

367 3139 385 3178 a
399 3120 447 3180 fol.
464 3125 502 3193 46
513 3142 541 3182 τ.
557 3124 826 3200 ’Δθρει-ἐιτίγνοσιν
839 3146 855 3185 e
869 3125 973 3204 Glaph.
991 3142 1047 3205 297
1059 3128 1289 3207 bssdesumptum·

367 3252 385 3291 α
399 3233 445 3292 rol.
463 3249 509 3310 47.
532 3242 689 3312 Νεκρότητόκ
702 3241 852 3313 τε-ρύτον
865 3261 881 3300 e
894 3240 999 3319 Glaph.
1019 3245 1076 3318 263
1088 3263 1104 3302 ο
1117 3245 1312 3321 desumptum.

408 3363 485 3422 οἱοί.
503 3379 540 3440 4η
555 3385 582 3425 v.
605 3367 810 3442 Simmiae,
825 3373 903 3430 unde
917 3373 1016 3451 Migne
1030 3375 1272 3451 pmetermiswffl.
1303 3383 1354 3434 Τοῦ
1367 3381 1444 3453 ἁγίου

607 3485 730 3554 κυρίλλου
744 3484 805 3542 cod.
820 3485 905 3544 Coisl.
921 3488 994 3547 οῦτός
1007 3492 1079 3546 ε’στιν
1092 3495 1107 3546 ὅ
1121 3495 1241 3562 Μωυσῆς.

369 3597 554 3666 Προοναφωνεῖ
574 3599 625 3670 γὰρ
649 3600 728 3654 παλαι
751 3601 797 3669 τήν
819 3607 865 3656 τοῦ
888 3603 953 3658 ίδίου
976 3604 1128 3676 γεννήματος
1151 3607 1340 3678 ε’νανθρεύετησιν
1360 3611 1374 3662 ύ
1395 3611 1462 3667 Θεὸς
1486 3615 1532 3667 καὶ

327 3691 424 3762 Πατήρ,
446 3693 487 3746 καί
507 3691 547 3746 ὅτι
567 3693 684 3765 δεύτερος
704 3695 747 3768 ἔφ’
764 3697 829 3766 ήμᾶς
849 3701 985 3770 νομοθέτης
1004 3702 1221 3775 ἀναδειχθήσεται,
1243 3704 1361 3774 λαλήσας
1378 3707 1425 3775 μέν
1444 3709 1531 3764 πᾶλειι

326 3789 379 3843 τοῖς
393 3787 565 3860 α’ρχαιοτέροις
578 3792 655 3848 αὐτὸς
670 3792 702 3847 δι’
718 3793 835 3866 ιίγγέλων
847 3798 893 3850 τὸν
905 3799 989 3869 νόμον,
1004 3798 1031 3852 έν
1044 3799 1072 3853 δέ
1085 3801 1240 3858 τελευταίοις
1258 3807 1304 3857 τοῦ
1322 3803 1412 3861 αίῶνος
1429 3811 1531 3879 ταφαῖς

327 3885 467 3958 αὐτουργὸς
480 3888 516 3944 είς
529 3887 592 3957 ἡμᾶς
606 3889 811 3964 είναδεδειγμένος
824 3895 864 3948 καί
878 3897 962 3965 καινής
973 3897 1134 3968 χρηματίσας
1148 3897 1265 3969 διαθήκης
1277 3899 1395 3973 ἅγγελος.

368 4014 445 4073 afol.
462 4031 510 4089 50.
535 4019 801 4089 ἐπειδή-(Βαβυλῶνα
825 4041 841 4080 e
864 4042 966 4082 comm.
991 4024 1022 4083 in
1047 4025 1137 4085 Amos
1161 4027 1332 4104 prophetam
1357 4031 1451 4105 310d
1475 4031 1529 4092 de-

327 4119 484 4187 sumptum.

603 4217 622 4254 a
635 4196 684 4256 fol.
701 4211 740 4272 50
753 4218 780 4257 v.
803 4203 887 4274 εὑρεῖν
900 4203 1021 4275 σκήνωμα
1033 4228 1069 4281 της
1083 4211 1141 4282 Θεῷ
1153 4206 1256 4275 Ἰακώβ.

369 4308 494 4376 Ούδεμιᾶς
506 4313 556 4384 γάρ
570 4315 653 4384 φησιν
671 4309 767 4392 [φασιν
780 4315 842 4374 cod.
858 4313 957 4397 Coisl]
976 4320 1122 4390 θναταύλης
1135 4323 1233 4392 μεθέξω
1246 4325 1307 4396 πρίν
1319 4324 1350 4382 ὃν
1362 4326 1469 4396 μθθοιμι
1483 4329 1531 4384 τὸν

327 4407 373 4456 τοῦ
385 4405 478 4474 Κυρίου
492 4412 571 4463 τόπον
584 4411 625 4465 καί
638 4413 669 4466 τὸ
682 4410 812 4483 σκήνωμα,
824 4416 943 4472 τουτέστι
957 4418 1003 4486 τήν
1012 4417 1141 4489 σκήνωσιν
1154 4424 1199 4475 τοῦ
1209 4425 1276 4476 Θεοῦ
1289 4421 1390 4492 Ἰοκίοβ,
1405 4423 1486 4492 δῆλον
1500 4426 1530 4481 δι’

328 4495 367 4550 ὅτι
381 4507 503 4570 Χριστοῦ.
