3278 5130
140 382 173 425 x.
186 376 239 446 35,
254 361 296 426 xi.
310 382 340 450 3,
356 378 384 445 7.
430 363 484 427 IN
512 361 770 428 EPISTOLAM
800 361 863 427 AD
894 360 1145 427 HEBRAEOS.
1276 353 1338 424 411

1353 475 1498 544 [ΝΜ]

412 583 507 650 Ἠτις
533 584 599 672 ἔχει
626 583 883 662 μισθαποδοσίαν
909 583 1064 661 μετάλαν.
1353 610 1392 670 35

194 751 281 832 'On
309 753 353 832 δι’
377 756 557 855 ὑπομονῆς
585 761 644 835 καὶ
674 763 738 835 τοῦ
765 755 816 855 μὴ
846 754 1031 862 ἀψικόρως
1060 755 1153 860 ἐχειν
1184 756 1265 856 περὶ
1296 753 1339 835 τό

140 884 307 979 πληροῦν
332 874 379 957 τά
406 877 569 984 ἐξαίρετα
596 886 668 959 τῶν
692 875 990 981 κατορθωμάτων,
1009 878 1110 957 ἀλλὰ
1138 881 1252 984 διψῆν
1272 875 1340 976 μέν

142 1001 207 1097 ἀεὶ,
227 1003 284 1079 καὶ
309 1001 513 1104 ἀκορείττως
531 1001 632 1106 ἔχειν,
652 1006 710 1082 καὶ
732 999 931 1102 ἀπλήστως
948 1004 1031 1104 ἐρᾶν
1048 999 1184 1086 παντὸς
1201 1003 1339 1103 ἀγαθοῦ

107 1120 367 1225 5πράγματας,
388 1128 445 1204 καὶ
466 1124 726 1228 κατασωρειίειν
748 1128 882 1208 ἑαυτοῖς
906 1122 972 1223 τὴν
990 1127 1028 1204 ἐκ
1052 1123 1219 1230 πράξεσιν
1237 1127 1336 1204 εὐδο·

142 1246 299 1345 κίμησιν,
318 1249 355 1326 ἐν
373 1247 551 1332 τοιαύταις
572 1249 611 1328 δέ
633 1245 720 1328 εἶναι
741 1248 962 1350 προθυμίαις,
981 1251 1018 1326 ἐν
1041 1245 1174 1349 αἷσπερ
1199 1247 1243 1326 ἀν
1272 1245 1339 1328 εἶεν

142 1372 201 1447 καί
220 1374 252 1448 οἱ
273 1379 337 1450 τοῦ
361 1379 531 1451 πλουτεῖν
549 1374 712 1474 ἐρασταὶ,
734 1373 815 1472 περὶ
833 1368 883 1449 ὧν
902 1369 1099 1472 γε’γραπται
1137 1381 1158 1418 “
1176 1373 1339 1472 Ἀγαπιῦν
1352 1390 1420 1442 le·
1432 1407 1488 1456 νς-

143 1503 165 1539 “
183 1492 352 1595 ἀργύριον
380 1496 421 1574 οῦ
442 1494 697 1594 πλησθήσεται
725 1495 926 1597 ἀργυρίου·”
961 1500 992 1574 εί
1015 1492 1053 1574 δέ
1071 1495 1112 1573 οῦ
1133 1494 1339 1596 κορέννυσιν

142 1617 291 1698 ἐκείνους
316 1617 362 1696 τὰ
390 1616 497 1720 γήϊνα
520 1623 578 1698 καὶ
605 1615 810 1722 πρόσκαιρα
838 1621 896 1697 καί
925 1616 1138 1721 εῦμάραντα,
1167 1624 1246 1702 πιῦς
1274 1621 1338 1698 οῦκ

87 1765 130 1803 ¹0
141 1740 335 1840 ἀναγκαῖον
373 1741 465 1839 ἡμᾶς
501 1741 727 1845 θερμοτέρας
767 1744 965 1844 κεχρῆσθαι
1011 1747 1089 1824 ταῖς
1130 1742 1337 1840 ἐπιθυμίαις,

141 1862 199 1942 ίνα
222 1862 443 1965 κερδάυωμεν
460 1862 507 1943 τὰ
534 1863 633 1964 παρὰ
653 1869 759 1961 Θεοῦ,
778 1860 802 1943 ἀ
826 1868 884 1943 καὶ
904 1870 954 1949 είς
972 1861 1190 1967 ἀπεράντους
1208 1871 1337 1949 αἰῶνας

140 1986 337 2085 ἐκτείνεται,
355 1991 414 2067 καὶ
432 1985 683 2088 ἀκατάληκτον
703 1987 774 2093 ἔχει
792 1986 857 2088 τήν
876 1987 1070 2086 εὐθυμίαν,

1353 2201 1431 2278 Κεφ.
1448 2193 1498 2260 ια’.

152 2229 263 2296 Πίστει
290 2236 427 2308 νοοῦμεν
456 2231 666 2321 κατηρτίσθαι
695 2235 768 2299 τοὺς
795 2229 918 2298 αἰῶνας
947 2233 1067 2320 ῥήματι
1091 2231 1186 2312 Θεοῦ,
1212 2230 1259 2296 είς
1286 2231 1323 2299 τό
1352 2303 1370 2360 3

325 2356 369 2434 μιί
396 2357 435 2423 ἐκ
462 2359 671 2445 φαινομένων
697 2357 737 2423 τὰ
766 2361 949 2436 βλεπόμενα
977 2357 1153 2432 τετονὲναι.

84 2561 124 2621 ¹5
196 2529 308 2630 Μέγα
331 2527 375 2629 δή
403 2530 466 2608 οὖν
494 2532 551 2609 καὶ
580 2529 762 2636 ἐξαίρετον
795 2528 932 2631 ἀγαθὸν
965 2529 987 2627 ή
1017 2529 1152 2611 πίστις·
1190 2534 1343 2607 πλουτεῖ

137 2648 212 2752 γάρ
237 2653 418 2755 ἁμαρτιῶν
443 2650 633 2748 ἀπόθεσιν,
654 2651 769 2757 ῥύπου
796 2648 931 2735 παντὸς
959 2649 1222 2754 ἀποκάθαρσιν·
1258 2651 1338 2729 ἐστι

137 2773 176 2854 δέ
195 2777 254 2854 καὶ
271 2777 465 2874 μνηστείας
483 2773 656 2881 πρόξενος
674 2779 737 2873 τῆς
755 2774 856 2879 παρὰ
866 2781 973 2871 Θεοῦ,
989 2777 1048 2854 καὶ
1064 2772 1144 2858 ὁδός
1163 2780 1211 2858 είς
1229 2775 1334 2874 ἁγια-

137 2896 237 2996 σμόν
254 2901 313 2977 καί
333 2899 522 2996 υἱοθεσίαν,
541 2903 599 2978 καὶ
617 2897 846 3004 ἁπαξαπλῶς
860 2894 996 2981 παντὸς
1015 2901 1153 2997 ἀγαθοῦ
1171 2894 1333 2999 προμνή-

138 3048 258 3122 στρια·
286 3022 399 3106 οὕτως
412 3019 586 3120 εὐδόκιμοι
600 3022 796 3122 γεγόνασιν
813 3027 847 3101 σί
862 3019 1020 3123 πατέρες,
1038 3022 1150 3105 οὕτως
1164 3018 1338 3120 λαμπρὰν

82 3189 124 3229 20
139 3147 198 3224 καὶ
225 3146 384 3242 ἀοίδιμον
402 3141 582 3249 ἐσχήκασι
608 3143 732 3251 δόξαν·
764 3145 1048 3250 κατηνδρίσαντο
1076 3141 1114 3222 δέ
1143 3148 1200 3224 καὶ
1228 3143 1337 3222 αὑτοῦ

139 3265 295 3347 θανάτου
314 3272 460 3367 πολλοὶ,
480 3271 537 3348 καὶ
567 3268 630 3348 τὸν
658 3267 862 3372 ἀμάραντον
890 3271 953 3368 τῆς
981 3265 1088 3373 δόξης
1116 3267 1337 3368 ἀνεδήσαντο

138 3391 333 3497 στέφανον.

138 3605 248 3674 Πίστει
279 3609 506 3697 χρηματισθεὶς
539 3607 612 3673 Νῶε
643 3609 718 3700 περί
744 3611 811 3678 τῶν
838 3611 976 3688 μιιδέπω
1003 3613 1212 3692 βλεπομένων
1240 3547 1469 3696 etta-{zm

199 3732 307 3812 βαθεία
335 3736 544 3825 κατεσκεύαζε
573 3735 711 3814 κιβωτὸν
737 3734 784 3801 εἰς
810 3737 974 3826 σωτιιρίαν
999 3744 1055 3804 τοῦ
1083 3735 1174 3804 οίκου
1202 3738 1308 3804 αὐτοῦ.

80 3959 97 4000 2
103 3951 123 4014 5
193 3901 340 4004 Ἐπειδὴ
368 3902 440 4007 γάρ
467 3905 490 4004 ή
518 3905 700 4006 σύμπασα
728 3943 776 4011 γη
803 3906 870 4007 τὴν
898 3907 982 3989 ὁδόν
1013 3911 1121 4008 αὐτῆς
1150 3909 1335 4014 διέφθειρε,
1349 3936 1504 3989 (teman.

137 4026 232 4108 καθά
252 4029 462 4131 γε’γραπται,
481 4033 540 4110 καὶ
567 4029 794 4110 ἀπονένευκεν
822 4033 844 4131 ἡ
873 4034 1001 4134 καρδία
1023 4043 1046 4080 “
1059 4039 1123 4112 τοῦ
1144 4032 1334 4133 ἀνθρώπου
1348 4061 1388 4110 lb.
1402 4062 1502 4112 παπ.

175 4254 199 4292 1.
218 4236 309 4293 Schol.
321 4237 372 4293 hoc
391 4237 489 4294 dicitur
507 4239 601 4311 cyrilli
618 4247 644 4294 et
661 4239 821 4298 Theodoreti
839 4250 869 4297 ut
884 4239 994 4297 adnotat
1007 4239 1105 4295 Maius.
1141 4239 1231 4294 Verba
1247 4239 1336 4310 priora

137 4309 262 4363 Διδάσκει
274 4309 303 4362 δέ
318 4311 360 4363 καλ
374 4315 431 4367 πῶς
441 4315 492 4364 τῶν
503 4311 624 4365 ἐπάθλων
635 4314 723 4382 τυχεῖν
736 4313 844 4367 δυνατόν
854 4330 869 4367 ε
880 4311 983 4367 Theod.
996 4310 1030 4365 ad
1042 4313 1093 4364 λος.
1107 4309 1247 4380 desumpta
1260 4329 1334 4380 prae·

136 4379 264 4434 termitto.
488 4397 529 4435 τε.
550 4381 614 4436 Post
625 4381 690 4436 baec
703 4384 864 4454 sequebatur
874 4385 910 4437 Τὸ
922 4379 1174 4452 γεμήν-ελεῦθερον
1185 4397 1199 4434 ε
1211 4380 1257 4435 lib.
1272 4398 1286 4434 2
1300 4381 1335 4434 ad

138 4447 232 4503 Herm.
245 4467 297 4520 443
310 4467 325 4505 α
338 4449 522 4520 desumptum,
534 4460 565 4505 ut
577 4460 682 4506 tantum
695 4469 750 4507 non
762 4453 898 4508 adnotavit
911 4454 1011 4508 Μαίας.
1211 4466 1253 4506 22.
1272 4452 1334 4506 στί·

136 4517 235 4590 φανον]
253 4526 281 4582 4
297 4521 338 4573 καί
354 4522 380 4574 τί
395 4524 476 4574 ταῦτα
493 4521 563 4593 λίγα
580 4523 612 4575 τά
629 4521 725 4592 ἀρχαῖα
746 4524 935 4594 παραδραμῶνς
962 4521 1042 4590 ήκέτω
1065 4523 1136 4586 βοῦν
1157 4523 1172 4576 ό
1192 4522 1334 4594 θαυμάσιος

136 4591 237 4645 παῦλος
250 4588 328 4655 (ἶσα,
342 4590 370 4646 S.
382 4589 475 4663 cyrilli
488 4599 577 4647 tumen
589 4609 713 4648 essenon
726 4592 858 4649 videntur.

602 4713 608 4726 ·
695 4693 786 4760 3⁰2
