3284 5130
297 286 361 351 104
598 286 638 352 B.
661 287 874 354 CYRILLI
903 286 1192 353 ALEXANDR.
1364 286 1428 348 xix.
1442 283 1498 371 38.

558 501 635 582 Περὶ
649 505 700 582 τῆς
715 501 859 583 αἰτήσεως
873 506 926 566 τοῦ
942 503 1078 583 κυριακοῦ
1093 500 1238 580 σώματος.

245 681 284 756 38
297 666 392 734 Μετὰ
420 667 456 733 δὲ
483 675 584 734 ταῦτα
613 666 765 759 ιίρώτιισε
791 669 848 736 τὸν
875 669 1019 735 Πιλάτου
1045 667 1211 755 δἸωσιίφ
1234 667 1252 733 ὁ
1276 665 1343 734 ἀπὸ
1361 665 1498 753 Ἀριμα-

348 793 452 875 θαίας,
471 793 518 861 ὢν
539 795 687 873 μαθιιτιίε
713 802 770 863 τοῦ
793 796 909 874 Ἰιισοῦ,
929 794 1149 884 κεκρυμμένος
1173 793 1209 859 δὲ
1233 791 1286 858 διὰ
1310 791 1367 858 τὸν
1392 791 1498 878 φόβον

346 921 413 988 τῶν
436 920 619 1003 Ἰουδαίων,
645 921 699 988 ίνα
725 921 790 1012 ἀρη
816 921 854 988 τὸ
883 922 977 999 σῶμα
1003 925 1061 986 τοῦ
1084 921 1204 986 Ἰυσοῦ·
1239 917 1292 983 καί
1313 917 1497 1006 ἐπέτρεψεν

347 1046 365 1111 ὁ
391 1045 544 1117 Πιλάτου.
578 1041 676 1112 ιίλθεν
703 1041 760 1111 οῦν
789 1044 842 1110 καί
870 1041 930 1135 ἀρε
955 1045 994 1111 τὸ
1021 1044 1116 1122 σῶμα
1143 1043 1256 1113 αὐτοῦ.
1515 1055 1535 1116 5

129 1241 285 1300 loma
354 1221 562 1321 Κατηγορεί
581 1215 647 1316 μὲν
666 1218 687 1299 ὁ
705 1214 818 1321 λόγος
840 1219 899 1298 καί
924 1221 987 1318 τῆς
1002 1216 1185 1296 Ἰουδαίων
1203 1211 1435 1313 ἀνοσιότητος
1454 1212 1498 1291 οῦ

296 1339 445 1442 μετρίως
473 1347 647 1448 καταβοᾷ,
666 1339 858 1447 σφαλερὸν
880 1338 966 1422 εἶναι
992 1338 1127 1424 δεικνὺς
1154 1341 1213 1419 καί
1240 1338 1283 1418 οὐ
1308 1341 1498 1421 παντελῶς

297 1461 446 1567 ἀζήμιον
476 1463 519 1545 τὸ
546 1464 811 1566 μαθητεόεσθαι
839 1471 891 1572 τῷ
918 1469 1082 1572 Χριστῷ·
1124 1459 1315 1543 λανθάνειν
1341 1459 1412 1564 γάρ
1441 1459 1498 1540 ὅτι

296 1587 462 1686 μάλιστα
489 1585 773 1669 διεσπουδακότα
799 1587 864 1670 τὸν
892 1587 1155 1670 ἐπιεικέστατον
1176 1587 1315 1667 τουτονὶ
1345 1585 1498 1682 νεανίαν,

299 1713 392 1815 φημί
416 1709 460 1811 δῆ
488 1710 552 1792 τὸν
569 1711 723 1818 Ἰωσὴφ,
741 1710 979 1812 είσκεκόμικεν
1005 1715 1172 1816 ἐναργῶς,
1193 1712 1306 1791 καίτοι
1333 1717 1410 1793 ταῖς
1437 1707 1498 1789 διὰ
1515 1747 1556 1789 ιο

299 1837 466 1935 Χριστοῦ
487 1837 736 1920 διδασκαλίαις
754 1835 1060 1936 ἀναπεπεισμένον
1078 1836 1246 1937 λατρείαν
1263 1833 1412 1915 ἑλέσθαι
1430 1832 1499 1935 τῆν

298 1954 410 2041 ὅντως
435 1959 555 2060 ἀληθῆ
584 1963 643 2040 καὶ
667 1964 732 2061 τῆς
758 1966 903 2060 νομικῆς
920 1962 1068 2060 ἐντολῆς
1086 1961 1216 2060 ἀμείνω
1234 1993 1272 2040 τε
1297 1962 1355 2039 καὶ
1372 1958 1499 2058 ἡδίονα

298 2085 351 2186 τῷ
375 2080 558 2190 φιλαρέτηι
578 2089 671 2191 θεῷ,
691 2083 838 2185 ὁμοῦδὲ
865 2088 923 2165 καί
951 2091 1095 2180 βεβαιοῖ
1118 2082 1160 2164 τὸ
1188 2088 1237 2168 είς
1263 2083 1388 2163 πίστιν
1414 2083 1499 2183 ἡμῖν

263 2211 503 2308 ῦάναγκαῖον.
540 2207 609 2288 ε’δει
636 2206 708 2312 γάρ
734 2209 803 2290 ἔδει
830 2207 1011 2288 πιστεύειν
1030 2207 1085 2288 ότι
1112 2207 1263 2287 τέθεικεν
1281 2205 1369 2308 όπέρ
1396 2207 1498 2306 ἡμῶν

299 2328 365 2428 τῆν
395 2327 521 2438 ψυχὴν
549 2334 570 2412 ὁ
599 2330 773 2435 Χριστός.
813 2332 905 2413 ὅπου
937 2330 1009 2433 γάρ
1039 2330 1296 2439 ε’νταφιασμάς,
1324 2336 1402 2414 πῶς
1432 2330 1497 2410 οὐκ
1513 2357 1553 2419 15

299 2455 500 2555 ἀναγκαίως
515 2455 642 2562 ἕψεται
661 2454 703 2535 τό
722 2461 921 2536 διακεῖσθαι
944 2458 1002 2537 καί
1021 2452 1214 2560 ἀραρότως,
1234 2454 1289 2536 ὅτι
1307 2457 1365 2534 καί
1384 2452 1496 2535 θάνα·

299 2610 360 2661 τος
379 2575 447 2677 ἦν;
476 2581 777 2687 καταψηφίσαιτο
796 2583 830 2658 δ’
851 2581 897 2660 ἀν
915 2615 979 2678 τις,
999 2583 1057 2662 καί
1082 2581 1146 2662 οὐκ
1168 2577 1241 2660 ἀπό
1260 2587 1412 2678 σκοποῦ,
1431 2576 1498 2679 τῆν

299 2699 459 2806 ἐσχάτην
487 2702 682 2807 ἀγριότητα
712 2708 776 2804 τῆς
803 2705 987 2785 Ἰουδαίων
1019 2702 1225 2806 ἀλαζονείας
1258 2706 1317 2783 καί
1352 2702 1498 2806 γνώμης

299 2826 537 2925 ἀσυμπαθοῦς
573 2830 632 2907 καί
668 2825 944 2932 ἀφιλοστόργου
977 2825 1218 2933 φρονήματος,
1248 2825 1281 2906 οί
1313 2826 1403 2928 μηδέ
1432 2826 1499 2927 τῆν

300 2953 374 3032 τοῖς
392 2954 564 3029 τεθνεῶσι
587 2950 882 3053 χρεωστουμένην
900 2949 1140 3050 ἀπονέμουσιν
1158 2948 1245 3031 αίδάι
1263 2953 1316 3056 τῷ
1334 2955 1497 3058 Χριστῷ,
1513 2985 1555 3024 20

270 3105 289 3147 ο
300 3070 390 3171 μηδὲ
421 3072 506 3180 όσίρι
535 3078 701 3171 τιμῶσιν,
729 3073 867 3154 ἀπνουν
899 3076 957 3154 καὶ
991 3074 1114 3178 νεκρὸν
1146 3076 1298 3178 ὁρῶντες
1329 3074 1498 3174 κείμενον,

302 3195 416 3277 καίτοι
434 3197 673 3299 γινώσκοντες
702 3194 758 3277 ὅτι
784 3194 890 3283 αῦτός
908 3199 1010 3278 ἐστιν
1028 3200 1048 3278 ὁ
1068 3196 1240 3301 Χριστὸς,
1258 3197 1438 3285 πολλάκις
1460 3195 1498 3279 δὲ

301 3321 360 3399 καί
379 3324 720 3423 θαυματουργοῦντα
748 3319 1097 3423 καταπεπληγμένοι,
1116 3327 1145 3400 εί
1173 3325 1232 3401 καὶ
1260 3320 1385 3423 δριμὺς
1408 3319 1499 3402 ώνό

302 3440 436 3548 φθόνος
464 3444 623 3545 γνησίως
651 3445 770 3528 αότοῖς
798 3443 962 3549 ε’νιζάνειν
980 3443 1047 3545 τὴν
1065 3447 1103 3526 ἐκ
1124 3449 1188 3544 τῆς
1213 3448 1501 3550 θαυματουργίας

302 3562 429 3664 ὄνησιν
443 3565 715 3671 συγκεχώρηκεν
728 3568 901 3668 οόδαμῶς.
929 3575 977 3652 είς
991 3576 1100 3669 κρίμα
1112 3569 1230 3649 τοίνυν
1243 3572 1307 3668 τῆς
1319 3570 1501 3651 Ἰουδαίων
1516 3606 1557 3667 ²5

302 3690 567 3794 ἀπανθρωπίας,
587 3693 646 3771 καὶ
673 3695 721 3775 είς
749 3687 901 3795 έλεγχον
919 3697 992 3770 τῶν
1010 3692 1310 3796 Ἱεροσολυμιτῶν
1328 3694 1348 3772 ὀ
1371 3694 1410 3773 ε’κ
1437 3697 1502 3792 τῆς

302 3813 531 3921 Ἀριμαθιιίας
550 3814 689 3920 ἔρχεται
706 3812 856 3920 μαθητῆς
875 3818 934 3895 καὶ
952 3822 1029 3899 ταῖς
1047 3815 1287 3917 καθηκούσαις
1301 3817 1503 3921 θεραπείαις

268 3943 399 4046 ἀτιμᾷ,
417 3936 459 4019 ῦν
487 3944 604 4044 γυμνῇ
632 3937 698 4038 μέν
726 3939 836 4036 οὔπω,
854 3939 1012 4046 λαθραίρ
1040 3941 1073 4020 δ’
1098 3940 1160 4019 οῦν
1185 3938 1281 4039 ὅμως
1308 3946 1355 4046 τῆ
1380 3942 1503 4022 πίστει

301 4064 464 4163 τετίμηκε
487 4057 547 4142 θιά
567 4062 620 4144 τδι
639 4065 745 4171 φόβον
763 4062 826 4145 τόν
843 4059 1020 4156 Ἰουδαίων,
1042 4061 1137 4144 καθά
1155 4071 1271 4170 φησιν
1289 4065 1310 4144 ὁ
1331 4063 1503 4170 μακάριος

247 4277 250 4282 ,
304 4183 590 4289 Εὖαγγελιστῆς.
1518 4227 1561 4285 30

342 4388 352 4422 1
373 4388 425 4426 om.
441 4371 472 4426 E.
486 4371 694 4462 e'xhibet'autem
709 4372 829 4496 ηρυρίῑυίί
842 4374 926 4445 more)
942 4374 971 4430 1³.
1209 4393 1235 4442 4.
1253 4373 1455 4446 ίπίστρεψινῼ)
1470 4373 1503 4430 Ε.

307 4440 400 4510 13-16.
419 4440 631 4514 είς-ανσγιισιως
644 4461 698 4497 om.
739 4485 744 4496 .
