3278 5130
133 403 145 468 ἱ
215 320 355 470 Μ1404ι
443 319 481 382 Β.
507 317 696 383 CYRILLI
722 313 989 381 ALEXANDR.
1017 313 1301 378 FRAGMENTA
1350 313 1392 376 iii.
1407 310 1486 396 5,,6.

158 416 204 466 ιι4
247 440 254 455 .

290 481 549 581 κοσμούμενον·
579 479 667 562 εἶναι
689 479 761 584 γάρ
780 486 896 587 φησιν
914 481 944 560 ἐν
962 489 1009 588 τῷ
1036 481 1115 587 οἴκῳ
1137 474 1272 560 πιστδν
1291 486 1336 564 εἷς
1357 477 1487 585 μαρτύ-

290 642 350 713 ριον
377 605 439 686 τῶν
471 603 752 711 λαληθησομένων,
779 606 965 685 τουτέστιν
997 610 1045 688 είς
1078 602 1256 684 διακονίαν
1285 608 1358 682 τῶν
1386 599 1488 703 παρὰ

291 732 386 808 Θεοῦ
419 728 553 830 λόγων,
581 728 748 832 Χριστὸν
776 726 814 806 δέ
842 729 909 832 οὐχ
936 729 1060 811 οὕτως·
1090 729 1131 807 οῦ
1158 724 1231 830 γάρ
1259 729 1308 811 ὡς
1335 729 1372 805 ε’ν
1399 724 1487 831 α’ίκερ

288 849 422 931 πιστὸν
446 852 593 951 οἰκέτην,
621 854 706 930 ἀλλ’
730 855 777 936 ὦς
799 849 889 932 Υίδν
918 853 976 931 καὶ
1003 849 1185 950 δεσπότην
1212 852 1270 930 ε’πὶ
1297 849 1361 929 τὸν
1387 845 1488 929 οἶκον

289 983 353 1054 τοῦ
374 972 530 1079 Πατρός,
551 975 736 1056 τουτέστιν
764 976 857 1075 ἡμᾶς
883 973 965 1060 τοῦς
992 978 1030 1055 έν
1050 974 1172 1056 πίστει
1200 971 1521 1070 δεδικαιωμείιονςε

288 1101 347 1178 καί
378 1099 618 1200 ἡγιασμένους
648 1102 687 1180 έν
714 1099 900 1198 πνεύματι.
945 1098 1242 1200 πεπαιδαγώγηκε
1274 1095 1340 1196 μέν
1364 1095 1436 1198 γάρ
1467 1098 1488 1174 ὁ

289 1227 433 1321 Μωσῆς
451 1222 510 1302 διὰ
532 1228 595 1323 τῆς
620 1231 684 1303 τοῦ
708 1223 819 1322 νόμον
836 1230 941 1306 σκιᾶς
968 1222 1050 1308 τοῦς
1078 1218 1325 1328 ἀρχαιοτέρους
1353 1223 1411 1299 καὶ
1439 1217 1487 1298 τά

288 1349 352 1444 τῆς
383 1351 553 1446 οἰκετικῆς
583 1345 819 1448 γνησιότητος
850 1343 1027 1448 ἐκομίζετο
1056 1345 1155 1450 γέρα,
1188 1350 1285 1425 θεοῦ
1313 1343 1487 1445 λέγοντος

119 1490 197 1540 θεοί
211 1505 234 1540 v·
287 1469 379 1573 πρὸς
407 1469 514 1550 αάτόν
532 1482 554 1519 “
572 1470 623 1550 Σῦ
649 1470 688 1550 δέ
714 1472 823 1551 αὐτοῦ
849 1475 958 1570 στῆθι
985 1472 1058 1570 μετ’
1079 1471 1193 1569 ε’μοῦ,”
1214 1467 1310 1548 πολῦ
1334 1469 1372 1548 δὲ
1401 1470 1487 1546 λίαν

119 1569 230 1685 Qui.
242 1636 264 1685 3·
288 1597 326 1673 έν
338 1595 528 1692 ’ἀμείνοσιν
545 1597 602 1675 ἐπὶ
620 1600 796 1697 Χριστοῦ.
834 1594 994 1675 κεκάθικε
1014 1592 1085 1696 γάρ
1104 1604 1126 1640 “
1139 1596 1177 1673 έν
1195 1592 1297 1700 δεξιᾷ
1318 1601 1382 1672 τοῦ
1401 1589 1486 1694 θρό-
1504 1627 1542 1668 ιο

289 1729 310 1764 “
328 1751 391 1797 νου
409 1722 473 1817 τῆς
490 1719 755 1820 μεγαλωσύνης
774 1721 811 1797 ἐν
830 1719 1016 1824 ῦψηλοῖςξῗ
1035 1722 1092 1796 καὶ
1112 1716 1314 1822 κατῴκηκεν
1333 1720 1380 1799 ὡς
1397 1714 1487 1800 Υἱός

288 1844 346 1922 καὶ
368 1841 500 1943 Κύριος
523 1844 631 1949 ἐντῷ
657 1841 742 1949 οἴκῳ
770 1849 833 1921 τοῦ
854 1841 998 1943 Πατρός
1017 1843 1139 1921 αὑτοῦ.
1179 1840 1395 1944 ἐναυλίζεται
1412 1839 1486 1943 γὰρ

287 1966 371 2063 ἡμῖν
390 1969 438 2048 ὡς
458 1965 551 2049 Θεὸς
570 1964 629 2044 διὰ
646 1973 710 2044 τοῦ
730 1965 818 2046 ἰδίου
839 1964 1058 2064 Πνεῦματος,
1078 1967 1190 2045 καίτοι
1209 1972 1273 2044 τοῦ
1288 1963 1487 2069 πανσόφου

289 2088 457 2172 Μωσέως
476 2093 514 2169 έν
532 2091 646 2170 οῦδενὶ
665 2087 955 2187 κατοικήσαντος,
975 2090 1015 2168 οῦ
1033 2087 1105 2191 γάρ
1122 2087 1269 2193 μέτοχοι
1285 2086 1486 2190 γεγόναμεν

289 2212 468 2310 Μωσέως,
505 2214 590 2293 ἀλλ’
625 2211 705 2293 οῦδὲ
742 2208 864 2315 ἑτέρου
901 2211 994 2296 τινὸς
1033 2219 1106 2293 τῶν
1142 2214 1265 2315 ἁγίων,
1300 2210 1480 2316 μετεσχή-
1502 2239 1541 2299 15

287 2335 454 2434 καμενδέ
479 2346 543 2418 τοῦ
561 2343 736 2439 Χριστοῦ,
753 2335 813 2416 διοί
830 2370 868 2415 τε
892 2345 955 2416 τοῦ
975 2337 1185 2435 Πνεόμοτος
1212 2339 1270 2417 καὶ
1293 2341 1357 2436 τῆς
1374 2337 1480 2415 εὐλο-

286 2461 367 2561 γίας
394 2464 458 2558 τῆς
484 2463 673 2559 μυστικῆς.
713 2459 825 2539 καίτοι
850 2457 922 2561 γάρ
940 2464 1035 2539 Θεοῦ
1057 2455 1229 2562 λέγοντος
1253 2461 1295 2539 δι’
1315 2458 1394 2544 ένδς
1411 2465 1485 2539 τῶν

285 2585 398 2686 ἁγίων
423 2589 622 2688 προφητῶν
650 2594 673 2631 “
683 2580 772 2663 Ὅτι
797 2581 971 2683 ε’νοικήσω
995 2587 1033 2662 ἐν
1050 2585 1169 2670 αὐτοῖς
1196 2587 1254 2663 καὶ
1282 2587 1482 2686 ε’μπεριπο-

286 2717 307 2754 “
325 2705 428 2806 τήσω
449 2709 506 2786 καὶ
524 2707 654 2804 ἔσομαι
671 2708 790 2785 αὐτῶν
808 2705 902 2790 Θεὸς
922 2709 980 2785 καὶ
999 2707 1098 2787 αὐτοὶ
1117 2707 1264 2788 ἔσονταί
1281 2742 1341 2806 μοι
1361 2708 1482 2793 λαός.”

284 2830 516 2930 ἐνεστηκότος
543 2831 611 2934 ἤδη
639 2839 763 2932 καιροῦ
791 2832 873 2911 καθ’
894 2827 936 2910 δν
955 2831 1021 2910 ἔδει
1046 2839 1152 2912 τοῦτο
1168 2841 1342 2936 πληροῦν,
1362 2831 1479 2940 κατῷ-
1500 2863 1541 2904 20

284 2989 390 3055 κηκεν
408 2956 445 3034 ἐν
467 2955 552 3054 ἡμῖν
577 2955 597 3032 ὁ
622 2952 786 3055 Χριστὸς
813 2951 905 3032 κατὰ
933 2953 998 3052 τῆν
1025 2955 1178 3060 ἀρχαίαν
1207 2954 1419 3060 ὑπόσχεσιν,
1439 2957 1482 3036 ἵν’

284 3077 376 3178 ἡμᾶς
407 3076 578 3182 ἀποφήνῃ
615 3073 721 3162 ναοῦς
751 3081 848 3157 Θεοῦ
879 3074 1019 3176 ζῶντος,
1051 3076 1238 3158 τουτέστιν
1271 3080 1389 3177 αὐτοῦ,
1423 3083 1484 3160 καὶ

285 3199 437 3307 σννάψη
467 3202 510 3280 δι’
531 3202 640 3280 αὐτοῦ
668 3208 720 3308 τῷ
743 3205 826 3306 Θεῷ
851 3203 909 3281 καὶ
936 3201 1065 3304 Πατρί.
1107 3205 1165 3281 καὶ
1192 3211 1281 3305 γοῦν
1309 3200 1380 3308 ἔφη
1408 3211 1483 3286 τοῖς

134 3375 140 3386 ·
218 3375 224 3388 ·
285 3323 398 3423 ἀγίοις
424 3322 646 3408 ἀποστόλοις
665 3336 687 3372 “
700 3326 766 3404 Ἐν
785 3324 897 3430 ἐκείνῃ
921 3330 966 3429 τῇ
990 3322 1106 3432 ἡμέρᾳ
1129 3327 1318 3428 γνώσεσθε
1336 3326 1391 3406 ὅτι
1409 3325 1483 3428 ε’γάι

285 3449 363 3526 “ε’ν
382 3452 433 3554 τῷ
453 3449 576 3550 Πατρί
596 3481 665 3543 μου
688 3451 747 3526 καὶ
771 3450 865 3545 ὑμεῖς
890 3450 927 3526 ἐν
945 3450 1023 3546 ἐμοὶ
1045 3446 1144 3551 κάγὼ
1167 3453 1204 3529 ἐν
1234 3452 1328 3550 ὑμῖν·
1361 3449 1482 3554 ὁγὰρ
1498 3481 1537 3542 ²5

285 3579 307 3617 “
326 3570 553 3667 κολλώμενος
575 3577 627 3678 τῷ
648 3571 770 3678 Κυρίῳ
795 3569 834 3650 έν
852 3571 995 3668 πνεῦμιί
1010 3571 1126 3669 έστι,”
1144 3571 1235 3652 κατά
1253 3572 1296 3652 τὸ
1314 3608 1477 3675 γεγραμ-

284 3691 401 3792 μένον.
453 3691 734 3797 παρατιθέμενος
766 3692 804 3772 δέ
842 3698 900 3773 καὶ
936 3695 1029 3793 ἡμᾶς
1065 3701 1117 3803 τῷ
1149 3701 1233 3804 Θεῷ
1270 3701 1327 3776 καὶ
1361 3702 1481 3800 Πατρί

114 3896 168 3945 xvii
190 3911 239 3947 ²⁰-
283 3817 396 3895 πάλιν
414 3817 507 3895 οὕτω
526 3819 642 3921 φησίν
660 3827 682 3864 “
696 3817 754 3896 Ου’
781 3821 861 3918 περὶ
889 3817 1025 3897 τούτων
1043 3817 1080 3897 δέ
1108 3823 1227 3921 ε’ρωτιῦ
1251 3817 1361 3918 μόνον
1380 3819 1482 3900 ἀλλὰ

117 3934 175 4023 ις’
284 3949 305 3988 “
323 3942 381 4019 καὶ
405 3943 486 4042 περὶ
510 3938 655 4020 πάντων
679 3945 752 4019 τῶν
774 3938 1016 4021 πιστευόντων
1044 3939 1101 4021 διά
1130 3949 1193 4022 τοῦ
1221 3941 1335 4044 λόγον
1363 3945 1482 4023 αῦτιῦν

284 4073 305 4111 “
324 4069 371 4148 είς
389 4062 460 4162 ε’μέ,
479 4064 537 4143 ἵνα
555 4063 685 4148 πάντες
709 4061 747 4142 ἓν
766 4061 847 4161 ὦσι,
867 4063 985 4148 καθὼς
1007 4064 1058 4144 σὺ
1079 4067 1200 4168 Πατὲρ
1225 4069 1262 4147 ἐν
1279 4070 1357 4166 ἐμοὶ
1380 4065 1481 4168 κάγὼ
1495 4099 1535 4157 3ο

283 4196 305 4232 “
323 4188 361 4265 έν
374 4189 446 4284 σοὶ,
465 4188 523 4267 ἵνα
542 4191 600 4266 καὶ
618 4188 718 4267 αὐτοὶ
736 4189 774 4266 έν
791 4189 875 4286 ἡμῖν
894 4185 932 4267 ἓν
949 4185 1039 4268 ὦσιν
1057 4189 1115 4269 ἵνα
1134 4191 1153 4268 ὁ
1173 4187 1311 4289 κόσμος
1327 4192 1481 4297 πιστεύῃ

319 4483 344 4534 3.
363 4467 386 4520 εί
399 4485 447 4536 pto
459 4469 489 4520 οὗ
502 4467 548 4522 Cr.
677 4486 717 4523 11.
736 4468 884 4542 κατῴκησεν
897 4470 942 4526 Cr.
1070 4489 1111 4543 13.
1131 4472 1202 4544 ἡμῶν
1215 4472 1259 4528 Cr.
1378 4489 1421 4544 19.
1439 4476 1481 4530 καὶ

283 4535 355 4588 οῦτοὶ
367 4537 471 4590 ἔσονταί
482 4559 525 4606 μοι
537 4539 601 4594 λοός
613 4538 703 4593 omisit
716 4539 762 4594 Cr.
869 4557 913 4611 3ο.
932 4543 1023 4612 Πατὴρ
1036 4542 1082 4596 Cr.
