3294 5150
305 319 370 384 2⁷0
429 318 467 383 Β.
492 316 680 384 CYRILLI
706 315 971 382 ALEXANDR.
999 315 1283 381 FRAGMENTA
1326 316 1379 382 vii.
1398 317 1505 403 8sqqc

305 477 457 561 “”Οσοι
481 480 525 561 ἂν
544 478 779 588 φυλάξωνται
803 480 849 560 τὰ
870 479 1045 576 σάββατά
1066 514 1136 577 μου
1159 483 1218 560 καὶ
1243 477 1503 586 ἐκλέξωνταιά

305 615 327 652 “
344 603 415 705 ἐγὼ
434 603 530 686 θέλω
548 602 606 684 καὶ
630 603 844 707 ἀντέχωνται
869 607 933 702 τῆς
951 602 1118 703 διαθήκης
1145 638 1226 701 μου,
1245 603 1353 683 δώσω
1381 606 1501 688 αὐτοῖς

184 752 228 806 59
245 749 292 805 Μ.
305 736 327 774 “
343 728 381 807 ἐν
405 731 456 835 τῷ
483 727 566 835 οἴκῳ
589 761 658 826 μου
683 728 740 806 καὶ
768 729 805 804 ἐν
833 733 883 833 τῷ
911 729 1017 831 τείχει
1045 761 1115 824 μου
1143 727 1254 807 τόπον
1284 724 1501 823 ὀνομαστὸν,

150 430 279 496 [sm]

305 860 327 898 “
344 855 514 952 κρεῖσσον
541 855 624 930 υῖιῖιν
648 854 707 929 καὶ
731 849 935 952 θυγατέρων
953 849 1067 948 ὄνομα
1090 849 1230 929 αἰώνων
1248 849 1356 929 δώσω
1380 851 1500 935 αὐτοῖς

260 1067 262 1070 ,
305 986 326 1022 “
344 977 402 1055 καὶ
421 976 484 1054 οῦκ
503 975 695 1078 ἐκλείψει.”
1515 1003 1537 1062 5

361 1100 503 1178 Οὐκοῦν
526 1101 589 1196 τῆς
612 1095 815 1201 ἐγκρατείας
840 1096 1059 1202 ἀξιόληπτος
1077 1097 1098 1174 5
1115 1095 1255 1185 μισθός
1288 1103 1362 1180 τοῖς
1385 1094 1500 1198 γεμῆν

303 1221 371 1321 ἤδη
404 1228 454 1328 τῷ
481 1219 585 1329 γάμιρ
616 1220 915 1318 κατειλημμένοις,
946 1223 1147 1325 ἀποφοιτῦιν
1174 1221 1238 1299 οῦκ
1269 1221 1401 1323 ἀφίησι
1433 1223 1498 1316 τῆς

303 1342 407 1451 ἅπαξ
429 1344 708 1452 συνῳκισμένης,
727 1345 784 1422 ἵνα
808 1342 858 1441 μῆ
883 1341 1048 1442 θορύβων
1072 1343 1237 1440 ἔμπλεων
1262 1345 1327 1441 τῆν
1353 1344 1411 1422 ὑπ’
1432 1346 1493 1422 οῦ·

301 1465 411 1570 ρανδν
432 1468 473 1546 τὸ
497 1466 675 1569 σωτήριον
697 1463 866 1570 ἀποφήνῃ
894 1465 1072 1568 κήρυγμα·
1111 1468 1175 1545 οῦκ
1203 1468 1428 1552 ἐπαινοῦντος
1454 1465 1497 1546 τό

302 1595 424 1694 χρῆμα
451 1599 515 1670 τοῦ
541 1589 687 1670 πάντων
705 1589 805 1688 ἡμῶν
825 1593 993 1690 Σωτῆρος
1011 1594 1187 1691 Χριστοῦ,
1206 1595 1235 1668 εὶ
1260 1593 1318 1669 καὶ
1343 1593 1364 1670 ὁ
1390 1588 1497 1688 νόμος
1516 1633 1560 1673 το

89 1785 94 1794 ,
136 1740 161 1818 s:
174 1739 269 1790 Μιιιιι.
303 1720 529 1811 οἰκονομικῶς
552 1716 663 1819 ἐφῆκε
683 1721 757 1796 τοῖς
781 1711 1021 1817 ἀρχαιοτέροις
1044 1721 1150 1791 τοῦτο
1174 1720 1288 1793 ποιεῖν
1314 1712 1373 1793 διὰ
1399 1713 1497 1812 “τῆν

134 1821 186 1854 ω’
198 1807 222 1855 8’
303 1849 327 1885 “
343 1839 632 1940 σκληροκαρδίαν
650 1838 800 1934 αῦτῶν,”
820 1837 917 1915 καθά
932 1844 1047 1938 φησιν
1066 1833 1171 1920 αῦτδς
1190 1838 1209 1914 ό
1229 1835 1368 1940 Σωτῆρ.

352 1956 441 2040 Ὀτι
468 1958 506 2039 δέ
534 1959 806 2065 ἀσφαλέστεροί
834 1993 871 2040 τε
901 1962 959 2039 καῖ
988 1958 1221 2064 ἀλκιμώτεροι
1251 1967 1324 2039 τῶν
1352 1963 1498 2065 ἀρχαιο-

301 2084 413 2186 τέρων
442 2088 475 2163 οῖ
507 2086 547 2162 ἐν
571 2088 733 2190 Χριστῷ,
763 2086 951 2162 κάντεῦθεν
980 2086 1064 2162 ῖδεῖν
1095 2091 1169 2166 τοῖς
1200 2079 1366 2164 ἐθέλουσι
1393 2089 1494 2191 ῥᾷον·

302 2210 322 2286 ὁ
348 2207 413 2304 μὲν
437 2205 509 2308 γάρ
536 2204 643 2303 νόμος
669 2213 742 2291 τοῖς
768 2207 813 2314 ἐξ
833 2204 989 2309 Ἰσραῆλ
1016 2205 1182 2310 ἀπέφησε
1210 2207 1251 2287 τὸ
1280 2210 1351 2286 δεῖν
1379 2211 1494 2288 ἀλλο·
1516 2241 1556 2299 15

300 2331 431 2437 φύλοις
456 2329 612 2411 συνιέναι
639 2365 677 2410 τε
705 2333 763 2410 καὶ
793 2337 953 2434 γαμικῶς
982 2330 1256 2410 ἀναπλέκεσθαι·
1297 2331 1381 2428 ῆμῖν
1408 2331 1445 2410 δέ
1476 2335 1496 2411 5

183 2477 234 2511 ver.
250 2475 286 2511 ¹²·
302 2459 450 2538 Παῦλος
471 2457 516 2533 Εἴ
535 2489 586 2538 τις
610 2449 765 2560 ἀδελφδς
792 2456 943 2555 γυναῖκα
973 2452 1042 2550 ἔχει
1070 2451 1228 2548 ἄπιστον,
1250 2457 1308 2532 καὶ
1330 2452 1376 2533 τά
1398 2454 1492 2560 ἑξῆς.

299 2579 438 2662 ἐκείνοις
466 2576 531 2675 μέν
553 2575 623 2678 γδιρ
649 2577 669 2654 5
695 2585 775 2660 νοῦς
798 2575 842 2675 ἧν
860 2573 997 2678 σαθρός
1023 2579 1081 2655 καὶ
1104 2573 1382 2673 σεσαλευμένος,
1399 2576 1497 2675 ἡμεῖς

299 2699 338 2779 δέ
357 2703 423 2805 οῦχ
441 2703 563 2784 οὕτως·
594 2701 813 2805 κεχρίσμεθα
832 2697 901 2801 γάρ
919 2705 967 2782 εῖς
987 2700 1166 2779 υἱοθεσίαν
1184 2706 1235 2804 τῷ
1252 2699 1367 2808 Ἀγίιρ
1382 2700 1497 2779 Πνεῦ-

298 2858 385 2920 ματι
409 2828 466 2903 καὶ
492 2819 693 2930 κατῴκηκεν
718 2825 755 2901 ἐν
778 2824 862 2921 ἡμῖν
887 2825 908 2901 ὁ
934 2821 1106 2925 Χριστός·
1144 2821 1339 2920 βεβηκότες
1364 2821 1408 2920 δὴ
1433 2825 1497 2904 οῦν
1511 2859 1557 2898 20

300 2948 411 3030 οὕτως
437 2944 527 3048 πρὸς
557 2953 630 3026 πᾶν
655 2947 773 3024 ὁτιοῦν
800 2951 872 3022 τῶν
900 2947 1057 3046 ἀγαθῶν,
1078 2945 1240 3043 δεδίαμεν
1269 2943 1344 3022 κατ’
1374 2945 1497 3026 οῦδένα

299 3067 434 3170 τρόπον
459 3067 501 3147 τδ
525 3068 686 3148 συνεῖναί
708 3101 776 3146 τινι
802 3074 875 3146 τιῦν
896 3069 1061 3147 ἀπίστων
1080 3067 1142 3147 ἐτι·
1176 3064 1440 3170 τεθαρῤῆκαμεν
1458 3069 1495 3150 δέ

298 3198 444 3289 μᾶλλον
466 3191 521 3269 ότι
547 3189 822 3290 σαγηνεύσομεν
847 3196 895 3273 είς
923 3191 1116 3288 εὐσέβειαν,
1134 3194 1192 3270 καὶ
1220 3191 1286 3294 οῦχ
1310 3191 1407 3289 ἡμεῖς
1431 3196 1496 3292 τῆς

299 3312 449 3410 ἐνούσης
475 3313 615 3396 ἐκείνοις
639 3315 792 3411 ἀμαθίας
820 3312 976 3410 ἐσόμεθα
1001 3313 1156 3414 θήραμα·
1192 3317 1250 3393 καὶ
1278 3315 1495 3415 εὐλογοῦμεν

300 3443 446 3535 μᾶλλον
463 3435 545 3520 τοῦς
569 3437 668 3516 οὕτω
690 3434 957 3519 πιστεύσαντας
976 3435 999 3536 ῆ
1017 3435 1246 3534 μολυνόμεθα
1264 3439 1347 3537 παρ’
1367 3439 1493 3518 αὐτῶν·
1510 3463 1555 3524 ²5

182 3585 233 3619 ver·
250 3584 286 3630 ¹4·
301 3559 464 3661 ἡγίασται
494 3559 563 3666 γάρ
590 3564 707 3665 φησιν
729 3568 743 3639 5
770 3557 843 3666 ιἰνῆρ
869 3569 884 3640 ὁ
909 3562 1055 3645 ἄπιστος
1084 3563 1115 3640 ἐν
1142 3570 1179 3673 τῆ
1205 3565 1354 3663 γυναικί·
1384 3562 1495 3644 οὕτως

334 3785 360 3832 4.
375 3765 504 3835 κρείσσων
515 3764 549 3819 Α.
559 3767 659 3834 (Alex.)
674 3764 792 3858 [κρείττω
805 3767 895 3838 (vat.)
910 3765 956 3821 sed
968 3769 1093 3838 κρεῖσσον
1106 3765 1134 3823 S.
1143 3767 1207 3856 Ογτ.
1220 3767 1247 3821 iu
1261 3767 1289 3822 S.
1299 3767 1379 3822 Joan·
1389 3767 1444 3837 960
1452 3768 1494 3841 d].

299 3836 325 3891 6.
346 3835 402 3890 Inc.
420 3839 480 3892 Τοῖς
496 3839 669 3905 γεγαμηκόσιν
681 3859 711 3890 ον
726 3840 859 3924 συγχωρεῖ
874 3839 1020 3908 ἀποφοιτῖιν
1032 3838 1226 3908 τῆς-θορύβου
1238 3837 1320 3892 αἴτιον
1330 3843 1385 3893 τοῖς
1397 3840 1494 3908 ἀνθρώ-

297 3927 355 3961 ποις
367 3905 487 3976 ἀποφῆνη
499 3908 529 3958 τδ
542 3906 656 3996 κήρυγμα
668 3910 727 3961 οὕτε
739 3910 809 3962 λυειν
821 3910 852 3962 τά
865 3909 1022 3963 συνοικίσια·
1046 3909 1079 3960 τὰ
1095 3909 1147 3979 γὰρ
1158 3910 1251 3973 βιβλία
1268 3912 1313 3977 τῆς
1330 3909 1495 3966 ἀποστασίου

298 3979 329 4030 τδ
342 3975 402 4030 ὄντα
414 3976 542 4047 καταρχὰς
555 3977 589 4031 ὥς
599 3977 723 4033 οσθενέσι
734 3981 788 4034 τοῖς
800 3978 921 4035 ίουδσίοις
933 3980 1100 4050 συνεχώρησε
1113 3979 1154 4032 διὰ
1167 3978 1274 4046 μωσίεος
1286 3982 1300 4031 δ
1311 3982 1385 4036 θεός·
1404 3981 1435 4034 οῦ
1444 3980 1495 4048 μὴν

297 4046 357 4114 ἡμῖν
368 4049 423 4102 τοῖς
434 4045 585 4117 ε’ῤῥοιμένοις
597 4047 624 4102 ἐν
635 4049 723 4104 πίστει
736 4049 893 4113 θεοσεβείας.
909 4050 945 4103 H.
1091 4068 1133 4103 10.
1151 4048 1221 4118 ῆρῶν
1233 4059 1402 4138 assumptum
1415 4069 1446 4103 ex
1460 4053 1493 4105 Α.

302 4134 343 4170 ιι.
362 4119 392 4170 τὸ
404 4135 453 4187 pro
465 4120 541 4170 τοῦτο
553 4119 588 4170 Α.
691 4119 722 4172 ι8
740 4136 800 4190 εηη.
839 4119 930 4174 Paullo
943 4121 1018 4174 aliter
1031 4121 1068 4175 H.
1076 4119 1180 4188 Ὠσπερ
1193 4119 1277 4173 διὰτὸ
1290 4119 1432 4189 ε’ρροιμίνον
1443 4126 1495 4175 τῶν

297 4193 398 4242 πιστῶν
415 4189 460 4240 οῦκ
478 4187 607 4256 ἐπιτρέπει
624 4187 697 4242 λύειν
707 4191 753 4242 τὸν
763 4192 846 4259 γάμον
857 4191 899 4243 καί
916 4190 1009 4246 ἀλλοις
1027 4193 1147 4254 συνεῖναι,
1160 4193 1218 4242 οὔτε
1234 4190 1355 4246 ἀπίστοις
1367 4193 1494 4245 συνοικεῖν

298 4257 390 4312 κωλύει
402 4259 437 4313 ὣς
448 4260 462 4311 δ
474 4261 583 4314 παλαιὸς
601 4261 677 4323 νόμος
693 4259 734 4312 διὰ
750 4262 780 4311 τδ
792 4259 899 4328 ἀδρανὲς
917 4264 964 4313 τοῦ
977 4265 1021 4314 νοῦ
1037 4265 1088 4315 τῶν
1099 4261 1226 4322 ίουδοίων,
1238 4259 1305 4314 οὕτω
1317 4262 1358 4314 καὶ
1371 4265 1415 4316 νῦν
1427 4283 1492 4331 συγ-

297 4331 377 4395 χωρεῖ
394 4330 448 4384 τοῖς
464 4331 568 4384 πιστοῖς
586 4331 698 4382 συνεῖναι
714 4331 769 4384 τοῖς
781 4329 843 4396 (uic)
854 4329 974 4386 ἀπίστοις
991 4333 1120 4401 γαμεταῖς,
1134 4331 1168 4384 ὣς
1182 4328 1323 4398 θοῤῥοῦσιν
1335 4330 1375 4385 ὅτι
1391 4334 1494 4398 μᾶλλον

298 4397 370 4450 αὐτοὶ
382 4397 427 4451 τὰς
438 4397 562 4453 ἀπίστους
573 4399 760 4464 μεταπείσονσι
771 4401 897 4467 γυναῖκας,
908 4401 938 4453 οὔ
949 4400 999 4468 μὴν
1010 4401 1050 4454 ὅτι
1061 4399 1301 4470 μιτστραπῆσοντοι
1313 4401 1354 4456 ἐπὶ
1364 4403 1395 4455 τδ
1404 4404 1493 4470 χεῖρον

298 4469 339 4519 καὶ
351 4465 390 4519 ὅτι
402 4467 542 4536 εῦλογοῦσι
554 4470 655 4532 μᾶλλον
666 4469 711 4524 τάς
723 4465 862 4530 συνούσας,
873 4469 904 4522 οῦ
916 4470 965 4538 μὴν
976 4471 1129 4540 μολύνονται
1140 4469 1200 4540 παρ’
1213 4470 1304 4524 αῦτῶν.
1413 4471 1492 4540 26-p.

300 4549 358 4606 ηπ,
373 4552 398 4604 3.
417 4535 612 4605 οῦτως--ρύπον
625 4538 718 4607 partim
732 4537 838 4592 exhibet
851 4549 875 4592 et
891 4539 926 4593 H.
