3244 5146
224 278 406 343 CONTRA
427 279 722 346 THEODORUM
748 283 886 349 EPISC.
911 284 1043 350 MOPS.
1069 286 1155 350 LIB.
1180 286 1226 349 II.
1273 290 1337 351 529

123 463 239 526 suma
252 453 407 506 naturam
420 443 487 526 ejus
501 445 560 529 qui
577 445 775 530 cornaqaitar
791 448 994 530 beneficium.-
1015 449 1070 512 ille
1085 470 1158 513 uero
1174 461 1336 535 tamquam

125 545 315 628 bemficiom
329 565 524 630 consequens,
539 547 718 630 eracapere,
735 571 832 630 qoam
848 562 903 627 est,
919 553 959 614 ab
974 573 1009 616 eo
1024 553 1211 636 accipiens.

587 821 706 886 Senon
729 822 875 896 Crarnnr.

179 978 198 1008 “
215 972 320 1037 Sobrii
340 978 439 1039 estote
459 974 536 1038 ebrii
556 998 596 1039 ex
610 976 684 1040 vino
699 976 838 1056 eorum‚'’
857 979 1009 1042 acclamet
1023 978 1138 1062 aliquis
1160 979 1205 1041 sie
1226 999 1332 1042 erran·
1344 1000 1403 1049 Joel
1415 1001 1431 1050 i.
1445 1015 1468 1062 5·

86 1105 108 1160 5
126 1071 231 1137 tibus.
276 1075 408 1160 Impone
429 1077 522 1142 homo
544 1085 618 1143 tuae
638 1079 768 1164 linguae
791 1081 906 1144 ostium
929 1087 963 1144 et
984 1103 1105 1144 seram:
1128 1103 1213 1145 cessa
1235 1103 1333 1144 cornu
1346 1082 1491 1174 Sir-xxviii·

127 1176 167 1238 in
190 1177 393 1243 altitudinem
414 1181 578 1260 extollens,
598 1189 631 1246 et
652 1183 782 1266 loquens
805 1184 1006 1268 iniquitatem
1029 1183 1195 1247 adversum
1218 1161 1502 1262 Deum.}›³,'‚1„5„⁶,

129 1279 303 1364 Quousque
324 1283 460 1348 insultas
481 1286 616 1368 patienti
637 1286 792 1350 Christo?
836 1287 877 1350 In
899 1292 1005 1350 mente
1027 1286 1107 1349 lrabe
1129 1287 1212 1368 quod
1234 1285 1331 1368 serip-

127 1387 203 1446 tum
217 1390 266 1448 cst
280 1409 299 1450 a
313 1386 421 1450 divino
437 1387 535 1452 Paulo
552 1389 637 1452 “Sic
651 1411 725 1453 vero
741 1395 904 1472 peccantes
924 1391 958 1453 in
977 1389 1090 1452 fratres
1108 1396 1140 1452 et
1155 1390 1330 1471 percutien-
1347 1412 1356 1446 1
1369 1399 1425 1448 cor.
1433 1399 1485 1447 viii.

130 1490 216 1550 “tes
236 1509 344 1552 eorum
363 1489 523 1554 infirmam
542 1492 775 1568 conscientiam,
791 1491 826 1556 in
841 1491 1004 1555 Christum
1025 1490 1191 1574 peccatis.'’
1235 1491 1281 1553 Et
1295 1497 1332 1554 ut
1347 1477 1384 1511 ¹²'

66 1619 110 1658 ιο
127 1587 250 1672 aliquid
277 1591 373 1654 etiam
400 1615 439 1657 ex
469 1595 661 1678 propheticis
690 1595 800 1678 loquar
828 1595 987 1659 codicibus
1015 1603 1032 1630 ‘¹
1046 1593 1227 1657 «iustificata
1256 1600 1465 1661 suntanuzek.

128 1699 152 1730 “
170 1691 305 1758 Sodoma
327 1718 365 1758 ex
386 1701 420 1758 te
432 1695 461 1773 ;”
483 1699 637 1780 superasti
658 1719 854 1781 paganorum
869 1697 1084 1773 verbositates,
1099 1719 1177 1779 ques
1191 1697 1332 1760 fecerunt
1344 1677 1394 1726 ¹⁹³·
1405 1689 1445 1739 ⁵¹·

128 1802 240 1860 contra
256 1796 431 1875 Christum,
451 1799 622 1864 stultitiam
642 1800 862 1864 existimantes
882 1821 1015 1877 crucem,
1037 1799 1116 1862 nihil
1139 1821 1205 1863 esse
1226 1805 1330 1864 osten·
1346 1813 1356 1848 ¹
1371 1801 1427 1850 eor.
1441 1800 1456 1847 ἱ·

128 1899 208 1962 disti
223 1899 373 1964 Judaicae
393 1902 554 1985 superbiae
573 1903 714 1966 erimina.
760 1903 921 1967 Minorare
941 1903 1122 1987 praesumis,
1139 1909 1171 1966 et
1188 1902 1272 1986 quod
1291 1901 1332 1966 ad
1347 1866 1385 1914 ιε’

128 2007 164 2066 te
178 2004 326 2086 pertinet,
342 2005 481 2070 detrahis
499 2007 538 2069 ad
558 2006 722 2070 infamiam
738 2028 810 2070 eum
826 2007 881 2090 qui
900 2029 1048 2091 supernas
1069 2008 1157 2071 sedes
1175 2007 1330 2083 consedet,

69 2129 112 2187 15
128 2110 164 2169 et
178 2128 240 2170 una
255 2129 327 2170 cum
344 2108 412 2172 Deo
427 2115 459 2172 et
474 2108 568 2173 Patre
582 2110 723 2173 eamdem
740 2111 846 2174 sedem
860 2108 965 2173 habet.
1011 2109 1095 2173 Eum
1112 2110 1197 2174 enim
1218 2109 1274 2192 qui
1293 2132 1332 2173 ex

128 2211 264 2274 mortuis
286 2211 466 2290 resurrexit,
488 2211 523 2274 in
545 2211 671 2276 sedibus
692 2211 821 2276 deitatis
847 2213 953 2277 sedere
979 2213 1058 2277 dicit
1081 2213 1332 2295 sapientissimus

128 2312 257 2378 Paulus.
291 2314 385 2378 Dixit
400 2315 496 2392 enim,
511 2316 594 2399 quod
611 2315 748 2378 “Talem
764 2313 914 2378 habemus
929 2315 1103 2398 principem
1119 2315 1328 2391 sacerdot-um,
1342 2326 1409 2375 Heu.
1417 2327 1460 2375 viii
1477 2340 1498 2374 r.

129 2424 150 2451 “
165 2416 220 2499 qui
234 2417 323 2480 sedet
337 2418 371 2481 in
386 2419 514 2482 dextera
536 2416 617 2481 sedis
636 2418 810 2501 majestatis
832 2417 866 2480 in
888 2414 1048 2490 excelsis‚”
1063 2417 1118 2500 qui
1138 2423 1186 2479 est
1206 2425 1224 2452 “
1236 2439 1329 2499 super
1342 2429 1406 2492 Eph.
1416 2430 1431 2478 i.
1443 2443 1481 2480 el.

129 2525 290 2582 “omnem
315 2521 527 2604 principatum
557 2524 590 2585 et
618 2526 808 2604 potestatem
836 2526 870 2584 et
898 2520 1145 2584 dominationem
1175 2524 1208 2583 et
1236 2541 1330 2584 omne

67 2645 112 2685 ro
129 2628 149 2656 “
165 2642 280 2685 nomen
308 2624 391 2707 quod
419 2623 602 2688 nominatur
629 2647 693 2688 non
723 2623 824 2688 solum
854 2623 887 2687 in
916 2625 975 2686 hoc
1005 2623 1117 2700 seculo,
1148 2625 1202 2686 sed
1232 2628 1265 2687 et
1293 2624 1328 2687 in

129 2731 148 2760 “
165 2723 301 2788 futuro.”
346 2725 498 2789 Flectitur
524 2727 658 2790 enimsi
683 2749 775 2791 omne
800 2748 894 2811 genu,
916 2730 949 2790 et
970 2725 1073 2789 omnis
1098 2724 1209 2809 lingua
1231 2726 1328 2790 conti-
1341 2730 1406 2780 Phil.
1416 2731 1440 2780 ῑῐ-
1451 2745 1489 2789 10.

126 2831 216 2890 tetur
238 2826 320 2912 quod
344 2828 490 2892 dominus
509 2828 602 2892 desua
622 2828 769 2892 Christus
791 2831 825 2893 in
849 2828 951 2913 gloria
975 2834 1023 2892 est
1043 2827 1104 2892 Dei
1125 2827 1238 2892 Patris.
1283 2830 1327 2894 Et
1343 2808 1380 2844 Μ’

127 2929 199 3012 quis
219 2929 337 3014 estqui
359 2931 394 2993 in
416 2931 465 2994 his
486 2937 534 2994 est
549 2937 712 3016 tamquam
726 2931 837 2996 Deus?
880 2931 1003 2996 Iterum
1024 2931 1108 2995 idem
1132 2932 1198 3014 ipse
1221 2932 1327 3015 expla-

127 3033 227 3111 navit,
243 3033 297 3117 qui
319 3035 385 3118 ejus
406 3034 629 3119 mysteriorum
652 3035 793 3099 sacerdos
807 3037 864 3098 est.
910 3035 1004 3098 Dixit
1017 3035 1114 3112 enim,
1130 3034 1213 3117 quod
1230 3043 1248 3071 “
1261 3035 1328 3098 exi·
1342 3034 1381 3082 1¹³·
1392 3047 1415 3096 7·
1425 3034 1448 3084 8·

69 3155 112 3216 25
129 3145 148 3172 “
164 3137 291 3200 nnnivit
312 3137 459 3220 seipsum,
475 3138 510 3201 in
532 3137 738 3202 similitudine
757 3136 896 3201 hominis
909 3137 1013 3202 faetus
1034 3142 1083 3202 est
1104 3144 1137 3201 et
1159 3138 1194 3201 in
1216 3139 1328 3202 habitu

129 3247 148 3276 “
164 3239 314 3303 inventus
328 3245 490 3323 tamquam
508 3240 618 3304 homo:
642 3244 675 3304 et
696 3239 877 3304 humiliavit
899 3241 1035 3323 seipsum
1058 3240 1159 3304 factus
1181 3243 1330 3305 obediens

128 3350 148 3381 “
166 3365 264 3426 usque
286 3343 326 3406 nd
341 3349 485 3421 mortem,
501 3348 636 3407 mortem
651 3349 759 3407 autem
777 3343 906 3409 erucis.”
952 3343 1105 3407 Flectitur
1119 3344 1222 3426 igitur
1236 3367 1328 3409 omne

127 3467 215 3528 genu
236 3445 417 3510 coelestium
439 3452 472 3511 et
493 3447 690 3512 terrestrium
712 3453 745 3510 et
767 3446 938 3510 inferorum
961 3447 989 3510 ei
1011 3447 1066 3530 qui
1087 3468 1209 3510 crucem
1231 3449 1326 3511 susti-

128 3549 219 3612 nuit:
243 3571 336 3631 quem
354 3549 440 3631 puris
461 3556 494 3615 et
515 3550 589 3614 solis
610 3549 821 3613 humanitatis
841 3551 996 3614 mensuris
1018 3549 1161 3632 injiciens
1182 3549 1327 3613 adversa-

70 3672 113 3728 30
129 3650 202 3728 rius¹
226 3651 408 3716 memoriam
431 3657 464 3716 et
485 3653 700 3716 visitationem
724 3654 873 3717 meruisse
894 3652 973 3717 dicit
994 3675 1012 3714 a
1036 3652 1104 3714 Deo
1118 3650 1233 3727 Verbo,
1255 3674 1327 3714 cum

127 3759 211 3818 certe
240 3761 363 3837 oportet
389 3756 467 3818 scire
493 3761 526 3818 et
552 3777 658 3838 sapere
683 3756 766 3837 quod
792 3778 856 3818 non
882 3755 963 3817 alter
985 3755 1071 3818 Deus
1093 3753 1234 3816 Verbum
1259 3759 1327 3817 erat

126 3863 251 3940 praeter
264 3859 367 3940 ipsum
384 3858 483 3922 Filius
502 3858 669 3942 separatim
690 3863 723 3920 et
736 3879 792 3940 per
806 3862 939 3941 partem,
954 3857 1008 3939 qui
1023 3879 1061 3920 ex
1076 3857 1194 3920 semine
1210 3855 1325 3932 David,

163 4087 416 4214 i's⁰⁰¹³‘¹¹¹¹'·⁰1¹¹l⁰'
439 4160 497 4214 aa·
536 4105 561 4158 ³·
581 4088 622 4142 ¹²²
635 4087 777 4212 ”tillut
790 4085 1157 4227 3¹!l,⁰sstl‘,i¹,¹2¹,⁸„}‘lg„.‚
1174 4085 1324 4209 „sart

126 4176 438 4292 rpplnzprppplppneetropp·
490 4178 515 4214 la
531 4177 559 4285 ld.
570 4174 783 4296 {dieisdsaillrisj
799 4177 844 4282 Dis
899 4199 906 4226 ’
929 4245 969 4294 ¹⁴·
988 4226 1114 4281 consedet
1127 4227 1153 4279 D
1167 4227 1235 4296 (vice
1248 4225 1324 4294 sec),

126 4300 254 4354 condecet
268 4301 302 4353 D.
317 4299 423 4364 Suriae,
435 4298 565 4354 condocet
580 4301 680 4354 Bellov.
695 4301 763 4369 (vice
775 4299 854 4369 seo),
867 4297 993 4354 concedet
1006 4296 1057 4350 Ed.
1179 4311 1219 4366 ¹5·
1237 4305 1263 4348 et
1276 4298 1323 4348 ult.

125 4389 173 4424 cm.
191 4371 225 4426 D.
352 4388 394 4440 19.
412 4389 492 4424 omne
503 4377 659 4440 assumptam
671 4388 702 4423 ex
717 4370 753 4436 D,
766 4370 867 4424 Bellov.
988 4383 1030 4421 22.
1049 4367 1185 4436 gloriaest
1213 4366 1323 4434 gloriam

126 4441 188 4496 Sur.
330 4457 373 4508 25.
393 4441 529 4512 sedipsum
543 4441 605 4509 (sic)
620 4441 655 4494 D.
709 4440 908 4494 similitudinem
923 4439 958 4491 D.
1013 4438 1189 4490 aaronica(
1210 4436 1325 4492 nrnlel).

126 4513 169 4566 28.
188 4512 352 4568 infernorum
368 4510 403 4566 D.
523 4527 565 4582 29.
585 4511 690 4565 initiens
705 4511 741 4566 D.
859 4527 902 4581 3²·
921 4505 1129 4580 qni]†estl).

168 4617 239 4662 von.
257 4617 309 4662 ιιι.
710 4617 763 4682 3r
