3294 5150
134 325 206 391 xiv.
219 341 249 412 5,
266 347 305 392 10
316 350 362 413 sq.
407 327 461 392 IN
487 326 553 393 ΕΡ.
574 327 603 392 Ι.
630 325 694 392 AD
721 326 1014 395 CORINTHIOS·
1051 327 1139 392 LIB.
1156 327 1197 392 V.
1272 327 1336 394 298
1363 423 1494 492 [M]

132 489 326 583 ἐκκλησίαν
346 485 520 596 οἰκοδομεῖ.
558 491 674 594 μεῖζον
692 492 754 571 σύν
773 491 844 593 ἀρα
860 494 919 572 καὶ
936 495 974 572 ἐν
993 490 1200 595 ύπερτάτοις
1219 491 1330 596 αύχή·

135 646 233 710 μασι
260 612 302 693 τό
328 611 565 720 προφητεύειν
592 617 692 694 ἐστὶν
716 618 775 694 καὶ
802 617 840 696 ἐν
864 617 992 696 ἐλπίσι
1015 623 1209 720 λαμπραῖς·
1238 615 1336 718 ε’ίπερ

136 738 241 817 ἐστὶν
269 736 414 835 ἄμεινον
441 737 736 840 ὁμολογουμένως
764 736 806 818 τό
834 740 1020 832 ἐκκλησίαν
1047 743 1255 840 οἰκοδομεῖν,
1272 746 1337 819 τοῦ

25 889 32 904 ·
135 863 255 967 ἐαυτῷ
271 893 311 939 τε
328 863 387 941 καὶ
403 861 502 968 μόνῳ
522 860 851 965 προσδιαλέγεσθαι
869 861 1041 968 γλώσσῃ.

100 1092 121 1152 5
207 1077 305 1143 Θέλω
333 1076 368 1144 δὲ
396 1079 522 1144 πάνταο
548 1079 631 1156 ὑμᾶς
658 1077 770 1146 λαλεῖν
797 1078 970 1162 τλὼοσαιε,
997 1085 1123 1157 μᾶλλον
1151 1079 1187 1147 δὲ
1214 1080 1268 1146 ἵνα
1349 1095 1367 1157 5

550 1205 781 1292 προφητεύητε
807 1209 915 1273 κ.τ.λ.

196 1363 343 1464 Ἐπειδὴ
362 1363 570 1471 παράδοξον
587 1363 631 1465 ἦν
650 1368 707 1445 καὶ
727 1365 920 1447 θεόσδοτον
936 1369 1081 1465 ἀληθῶς
1098 1363 1141 1445 τό
1159 1365 1335 1447 δύνασθαι

137 1471 333 1590 γλώσσαις
360 1493 436 1572 ταῖς
463 1486 592 1591 ἑτέρων
619 1495 746 1568 λαλεῖν
773 1489 905 1592 ἄνδρας
932 1487 1037 1573 ὄντας
1055 1489 1257 1591 Ἐβραίους,
1275 1489 1334 1569 ἵνα

137 1610 191 1710 μή
218 1645 271 1694 τις
299 1610 413 1711 οἴηται
432 1607 495 1692 τόν
513 1608 722 1692 ἀπόστολον
740 1610 933 1715 καθορίζειν
950 1609 1116 1707 ἀβούλως
1132 1619 1198 1692 τοῦ
1222 1645 1329 1715 γεγο·
1346 1643 1391 1699 ου
1407 1640 1455 1699 Μ.

79 1775 121 1814 10
139 1730 242 1817 νότος
273 1731 316 1814 τό
345 1740 474 1814 εἰκαῖον
503 1730 590 1813 εἶναι
622 1733 805 1836 λέγειν
768 1769 812 1814 το
843 1735 977 1815 διὰ
933 1769 997 1834 της
1027 1743 1091 1814 τοῦ
1123 1735 1333 1834 Πνεύματος

137 1857 312 1958 ἐνεργείας
330 1857 579 1962 δεδωρημένον,
598 1855 799 1936 δέδοται
753 1893 825 1962 γαρ
844 1863 892 1942 είς
911 1865 1061 2009 σημεῖον
1081 1865 1156 1942 τοῖς
1174 1866 1329 1943 πιστοῖς·
1345 1871 1383 1987 ff·
1394 1887 1470 1987 οἷον·

97 1978 403 2085 ἀποδέχεται
365 2013 409 2058 το
427 1983 549 2084 χρῆμα
562 2013 621 2058 και
615 1980 734 2085 ’φησι
748 1981 850 2062 Θελω
869 1977 975 2062 δὲ’
922 2015 1056 2067 παντας
1074 1985 1195 2062 λαλεῖν
1212 1981 1333 2083 γλώσ-
1362 1938 1402 2004 8⁹
1429 1953 1453 2002 ⁴

137 2138 231 2188 σοις.
255 2104 433 2205 ἀποκείρει
452 2101 489 2182 δέ
507 2106 728 2206 παραχρῆμα
742 2102 928 2210 σαφῶς
888 2137 954 2203 την
967 2104 1005 2184 ἐν
1022 2137 1066 2205 γε
1083 2102 1199 2211 τούτῳ
1217 2137 1333 2184 σπου-

136 2225 214 2324 δὴν,
229 2230 288 2306 καὶ
305 2227 501 2325 μεθίστησι
518 2223 610 2328 πρός
628 2224 670 2304 τό
689 2223 832 2323 ἀμεινον
850 2225 1048 2328 ἐπενεγκὼν
1066 2225 1167 2310 εὐθύς
1182 2231 1332 2309 Μοῖλλιν

77 2385 120 2447 15
136 2341 173 2428 θέ
185 2349 241 2428 ’ίνα
259 2346 492 2455 προφητεύητε,
506 2344 652 2456 μείζονά
668 2382 707 2427 τε
724 2348 788 2428 τόν
799 2348 1072 2454 προφητεύοντα
1087 2357 1152 2428 τοῦ
1169 2351 1332 2456 γλώσσῃ

134 2479 335 2555 λαλοῦντος
348 2470 591 2574 ἐναργέστατα
610 2469 740 2572 λέγων·
772 2471 1019 2551 καταδείκνυσι
1038 2471 1076 2551 δὲ
1095 2471 1175 2551 ούδέ
1192 2507 1326 2552 παντε-

134 2599 210 2678 λεῖς
228 2591 399 2694 ἀνόνητον
417 2595 526 2674 ἐκεῖνο
543 2599 617 2677 τοῖς
635 2592 759 2698 έχουσι
777 2595 834 2672 καὶ
851 2600 927 2677 τοῖς
945 2593 1187 2697 ἀκροωμένοις,
1198 2595 1324 2702 ἐπιφί·

131 2751 207 2819 ρων
226 2718 345 2803 Ἐιιτός
365 2725 391 2797 εί
409 2715 457 2824 μῖι
477 2715 664 2832 διερμηνεύῃ,
681 2717 867 2796 τουτέστιν
885 2721 914 2795 εί
931 2715 982 2815 μὴ
1001 2717 1076 2822 ἐχοι
1094 2716 1173 2796 τινά
1191 2716 1253 2797 τόν
1273 2721 1325 2799 ἀεὶ

132 2838 419 2943 προσεδρεύοντα
436 2842 584 2924 καὶτοῖς
601 2839 961 2943 μυσταγωγονμένοις
979 2839 1258 2944 διερμηνεύοντα.

429 3303 642 3379 ΤΟΜΟΣ
679 3303 710 3379 Ε
748 3305 942 3381 ΛΟΓΟΣ
980 3307 1023 3381 Γ.

483 3518 541 3584 Καὶ
567 3517 663 3585 οὐδὲν
690 3517 798 3586 αὐτῶν
825 3519 972 3618 ἄφωνον.
1343 3542 1435 3602 ιοεο.

189 3687 415 3798 Εῖσεφοίτων
442 3692 479 3771 ἐν
506 3699 582 3775 ταῖς
610 3691 816 3792 ἐκκλησίαις
844 3691 934 3776 τινὲς
961 3695 1007 3797 τῇ
1035 3697 1097 3771 τοῦ
1116 3689 1328 3790 Πνεύματος

131 3814 287 3922 ἐνεργείᾳ
303 3813 590 3915 πεπλουτηκότες
607 3813 650 3894 τό
668 3815 844 3895 δύνασθαι
863 3814 1056 3918 γλώσσαις
1073 3820 1212 3894 λαλεῖν·
1253 3810 1327 3893 εἶτα

170 4007 193 4048 1.
232 3990 515 4116 'icor—Mpvrpa152’
488 3991 755 4060 ουκοῦνμιίζωντδπ
855 3989 907 4044 ύειν
920 3987 958 4042 Η.
1073 3989 1183 4060 3.ύμολ
1184 3986 1328 4059 ογουμένυς

130 4079 186 4118 om.
385 4080 425 4154 9.
443 4084 458 4116 ο
468 4063 566 4131 ηθῇΗ.
621 4061 817 4116 ἀπόστολον-ε
867 4005 1326 4140 ]παῦλοντδτῶνγλένσαωνε’ξου-

131 4132 258 4187 θενεῖν’
224 4153 341 4204 χαρισμα
353 4133 393 4186 κον
406 4132 492 4187 ῖκονον
504 4127 609 4202 (sic)
582 4152 646 4186 ειναι
660 4132 697 4186 Η.
874 4146 915 4184 10.
933 4131 964 4184 τδ
976 4126 1063 4200 prius]
1076 4127 1255 4198 legendumne
1266 4128 1326 4181 nal?

131 4202 166 4257 cf.
181 4202 218 4258 Η.
315 4217 357 4256 11.
376 4201 863 4270 δ’δοτοι-τοῖςπιστοῖςςῑτδχρημα
874 4217 984 4268 usump
984 4198 1107 4252 taexfl.
1206 4213 1246 4251 υ.
1265 4196 1327 4265 ἐπή-

129 4293 211 4344 γαγεν
223 4274 306 4343 pro
306 4294 352 4341 ησι
366 4272 404 4326 Η.
572 4287 621 4342 13-
604 4272 666 4326 -18.
685 4269 918 4341 ἀποκείρει-τίμὴ
902 4217 989 4340 ηαλμ]
1003 4267 1072 4338 ὅμως
1083 4267 1186 4335 θρεινον
1196 4267 1269 4356 λιγει
1280 4287 1327 4321 σου

129 4346 242 4434 γλύσργ
254 4296 346 4398 λαλέῑν
354 4344 417 4398 τδπ
395 4341 637 4502 πρρφητεύεινμ)
567 4287 637 4411 ,πλη
639 4365 653 4396 ν
665 4345 724 4396 ούτε
735 4343 810 4395 τὸ
779 4363 829 4396 των
839 4343 972 4410 γλύσσων
983 4340 1005 4392 εί
1017 4339 1059 4392 καὶ
1070 4338 1189 4408 ἀλλαχοῦ
1197 4337 1327 4408 χρήσιμον

129 4412 341 4483 τοῑςάκροοτοῖς·
360 4413 421 4468 ὅταν
631 4429 673 4485 19.
692 4413 781 4483 διερμη
783 4409 900 4482 νεύοντα]
886 4405 1326 4482 ]-1-κοθὸςίσοσινλαλῆσιιικαὶ

128 4483 532 4557 θινούσοιοὶρυστσγογούρενοι
545 4482 583 4537 Η.
697 4499 742 4539 νο.
761 4479 996 4537 Itaemendaviex
1010 4479 1047 4534 H.
1048 4497 1116 4553 qm
1107 4479 1327 4552 τόμοςγλύγος

129 4553 272 4611 «exhibet.
427 4570 507 4628 οο-ρ.
521 4569 621 4626 ο94,9.
642 4551 807 4611 Ηιοουούιι
820 4550 973 4626 suppodnnt
960 4549 1023 4607 t.fl
