3278 5130
104 340 132 404 i.
153 360 179 404 1.
354 339 408 404 m
437 337 696 404 οοιοςοοκιι
726 335 789 401 AD
820 336 1072 402 Ηουιικοου.
1247 317 1316 401 σοι’

104 502 290 606 Χριστός·
326 502 495 604 περιττὴν
512 501 724 608 ἀποφαίνων
747 499 814 601 τὴν
839 503 887 585 ῶς
910 503 950 581 ἐκ
979 500 1093 582 τύπου
1119 503 1177 581 καὶ
1204 507 1312 585 σκιᾶς
1333 431 1472 498 [107M·]

104 625 400 732 χρειωδεστάτην
430 633 505 710 τοῖς
532 623 648 706 ποίλαι
678 623 899 732 παράδειξιν.
935 625 1133 723 καθίστησι
1158 624 1196 705 δὲ
1220 623 1311 727 πρὸς

105 751 307 858 τούτῳκαὶ
336 757 441 830 τοῦτο
469 750 554 848 ἡμῖν
572 746 725 852 ἐναργὲς,
745 747 799 828 ὅτι
819 751 879 827 καὶ
900 754 973 832 τοῖς
998 749 1151 856 ἐννόμῳ
1173 755 1306 842 βεβιω-

107 872 198 954 κόσι
217 880 402 976 λαμπρῶς,
421 873 654 972 συμβέβηκεν
672 872 740 977 οὐχ
756 872 884 975 ἑτέρως
902 869 943 952 τὸ
962 873 1000 951 ἐν
1017 872 1189 956 εὐκλείαις
1207 871 1306 974 γενέ-

69 1015 92 1076 5
107 1003 203 1077 σθαι
226 1002 284 1077 καὶ
309 999 514 1094 εὐδοκιμεῖν,
532 994 631 1095 πλὴν
650 994 704 1075 ὅτι
726 994 784 1075 διὰ
801 1000 866 1096 τῆς
882 995 1038 1079 πίστεως
1056 1001 1120 1095 τῆς
1137 1001 1186 1080 είς
1204 993 1310 1094 Θεὸν,

109 1124 172 1201 καὶ
191 1119 246 1201 ὅτι
264 1119 386 1225 χρῆμά
408 1123 508 1200 ἐστιν
524 1122 673 1224 ἀρχαῖον
691 1119 714 1218 ή
731 1120 855 1203 πίστις
872 1121 932 1199 καὶ
949 1126 1022 1203 τοῖς
1041 1119 1155 1222 ἁγίοις
1171 1118 1310 1219 πατρά-

107 1279 177 1324 σιυ
203 1243 372 1347 ἐντριβές.
413 1243 477 1322 οὐκ
512 1242 695 1346 ἐχρήσατο
726 1241 765 1321 δὲ
799 1248 876 1325 ταῖς
908 1243 1188 1341 κατειθισμεῖιαις
1215 1241 1310 1348 αὐτῷ

109 1370 240 1474 ἀρχαῖς
267 1401 305 1448 τε
333 1371 392 1447 καὶ
419 1366 628 1470 προοιμίοις,
653 1362 853 1514 ἐπειδήπερ
861 1367 899 1444 ἐν
923 1366 1095 1470 ὑποψίαις
1123 1399 1161 1445 τε
1188 1362 1233 1464 ήν
1253 1368 1310 1444 καὶ

110 1496 302 1587 διαβολαῖς
328 1489 427 1643 παρὰ
454 1496 527 1573 τοῖς
553 1487 778 1569 πιστεύσασι
804 1494 877 1568 τῶν
894 1490 1116 1569 Ἰουδαίων“
1095 1524 1142 1572 ως
1169 1495 1244 1572 τοῖς
1268 1488 1310 1595 ἐξ

53 1653 97 1693 ιο
110 1617 226 1695 ἐθνῶν
246 1614 506 1717 προσκείμενον
533 1645 592 1691 και
579 1608 917 1691 διδάσκοντα’
863 1647 1001 1696 ταυτας
1028 1617 1194 1718 πανταχῆ
1222 1647 1358 1766 παρ88
1298 1613 1360 1679 Ὀἱ
1371 1631 1439 1680 Aut·

111 1739 215 1817 οὐδεν
232 1733 453 1840 ἡγεῖσθαι
417 1770 482 1816 τον
507 1734 617 1835 νόμον
636 1769 693 1814 και
718 1742 791 1815 τῶν
809 1734 874 1832 μὲν
891 1732 1069 1844 πατρφων
1087 1739 1217 1817 ἐθῶν
1195 1771 1243 1820 ως
1262 1741 1308 1816 εῖ-
1322 1761 1374 1811 xxi.
1322 1695 1429 1812 ὃςῗίί.

111 1861 223 1940 καίων
245 1864 491 1965 καταφρονεῖν,
508 1859 601 1965 ἐφ’
583 1857 705 1961 ετέραν
721 1855 813 1939 δε”
785 1893 909 1964 ωσπερ
933 1861 1020 1940 ἱέναι
1039 1859 1219 1963 τρίβον,
1197 1895 1244 1944 ως
1270 1861 1310 1940 ἐκ

110 1991 187 2063 τῶν
203 1980 371 2090 πρθξεων
391 1990 463 2063 τῶν
482 1982 700 2062 ἀποστόλων
717 1982 823 2064 τοῦτό
844 1985 922 2064 ε’στι
945 1990 1171 2078 καταμαθεῖν.
1211 1989 1306 2062 οῖκο-

113 2107 338 2205 νομικῶτατα
366 2107 485 2187 τοίνυν
513 2103 745 2209 περιστέλλει
778 2105 824 2185 τὰ
856 2105 1009 2207 συνήθη,
1045 2111 1102 2186 καὶ
1135 2108 1309 2209 σεσίγηκε
1417 2195 1418 2200 1

57 2265 97 2325 15
111 2231 179 2332 μὲν
205 2236 270 2332 τῆς
294 2233 505 2328 ἀποστολῆς
528 2228 594 2329 τήν
618 2227 735 2334 χάριν·
772 2231 948 2336 κεχώρηκε
966 2231 1004 2310 δὲ
1027 2238 1172 2328 μᾶλλον
1191 2234 1247 2311 ἐπὶ
1266 2228 1309 2310 τὸ

111 2360 318 2454 μεμνῆσθαι
345 2359 417 2434 δεῖν
439 2354 603 2456 πατέρων
631 2387 669 2433 τε
696 2354 756 2431 καὶ
781 2360 981 2455 προφητῶν
1005 2355 1128 2455 ἁγίων,
1147 2354 1304 2455 εὐπαρά-

111 2486 238 2560 δεκτον
260 2477 411 2560 ἔσεσθαι
439 2476 503 2558 τὸν
529 2474 640 2580 λόγον
664 2477 781 2560 αὐτοῖς
809 2475 868 2556 διὰ
894 2476 1022 2557 τούτου
1048 2478 1304 2562 πεπιστευκώς.

110 2601 184 2710 ἔφη
201 2609 290 2704 γοῦν

303 2859 455 2926 Λαλιίοαο
481 2853 549 2924 τοῖς
577 2858 737 2947 πατράσιν
764 2858 800 2924 ὲν
827 2855 897 2925 τοῖς
923 2861 1123 2949 προφήταις.
1325 2871 1403 2948 Κεφ.
1420 2864 1460 2932 α’.

59 3077 98 3116 20
173 3027 363 3131 Λελᾶληκε
379 3030 450 3182 γιέν
468 3031 488 3109 ὁ
507 3028 600 3114 θεὸς
623 3037 699 3116 τοῖς
723 3032 963 3137 ἀρχαιοτέροις
988 3034 1025 3111 ἐν
1045 3033 1229 3131 Πνειίματι
1253 3032 1311 3113 διὰ

110 3151 294 3255 στόματος
324 3155 436 3256 ἁγίων
467 3157 526 3234 καὶ
558 3153 617 3233 διὰ
646 3158 768 3260 φωνης
795 3161 1004 3261 προφητῶν,
1033 3160 1091 3236 καὶ
1122 3165 1211 3259 γοῦν
1240 3156 1309 3263 ἔφη

111 3281 199 3359 δι’
181 3313 258 3363 ενος
285 3279 402 3358 αὐτῶν
427 3276 491 3361 τὰς
518 3282 592 3358 τῶν
618 3279 849 3358 Ἰουδαίων’
828 3281 996 3364 οπονοίας
1022 3281 1198 3384 ἐντρέπων
1226 3293 1247 3328 “
1260 3284 1414 3409 02620011·
1407 3307 1460 3356 ¹5

111 3413 134 3452 “
151 3436 300 3505 πατερες
326 3403 424 3501 υμῶν
452 3408 523 3480 ποῦ
550 3406 621 3480 εἱσι
649 3403 707 3482 καὶ
740 3407 773 3480 οἱ
805 3406 990 3508 προφηται
1021 3439 1071 3502 μη
1101 3402 1165 3484 τὸν
1198 3359 1347 3485 αἰῶνα6

77 3536 134 3573 “
152 3522 347 3628 ζήσουται,
378 3521 477 3624 πλὴν
500 3523 546 3604 τὰ
568 3520 700 3622 νόμιμά
724 3559 794 3622 μου
812 3525 934 3606 καὶτὰ
949 3526 1217 3629 προστάγματά
1238 3563 1308 3629 μου

60 3683 96 3741 ι5
109 3657 134 3694 “
153 3645 339 3752 δέχεσθε”
320 3681 393 3728 ασα
415 3646 487 3750 ε’γω
505 3647 758 3745 ἐντέλλομαι
740 3682 778 3727 εν
796 3647 972 3747 πνεύματί
986 3684 1057 3749 μου
1074 3656 1148 3734 τοῖς
1166 3651 1308 3737 δούλοις

109 3781 133 3818 “
152 3805 222 3868 μου
249 3778 323 3854 τοῖς
348 3769 586 3876 προφήταις.”
631 3771 716 3849 ἀλλ’
746 3777 774 3849 εῖ
802 3775 860 3850 καὶ
887 3770 932 3872 ἦν
958 3773 996 3850 ἐν
1024 3772 1206 3870 Πνειίματι
1234 3781 1308 3859 τοῖς

108 3894 350 4000 ἀρχαιοτεροις
376 3896 440 3994 τῆς
467 3893 687 4001 προφητείας
714 3893 736 3992 ἡ
763 3893 876 3999 χάρις,
905 3895 946 3974 οὐ
974 3896 1099 3997 γε’γονε
1127 3898 1210 4001 δίχα
1244 3907 1308 3978 τοῦ

108 4023 151 4100 ἐκ
176 4018 321 4121 Πατρδς
347 4015 450 4103 ὄντος
468 4023 566 4097 Θεοιῖ
584 4016 721 4120 Λόγου·
760 4024 871 4097 λαλεῖ
895 4016 966 4122 γὰρ
993 4019 1107 4119 ἁγίοις
1135 4018 1308 4104 ὡσαύτως

108 4139 154 4222 τὸ
175 4147 324 4237 Πνεῦμα
341 4142 463 4221 αι’ποῦ.
503 4144 560 4220 καὶ
580 4142 621 4220 οὐ
640 4140 755 4240 δήπου
774 4142 864 4248 φαίη
882 4176 936 4229 τις
958 4138 1003 4222 ἂν
1021 4141 1054 4220 εἴ
1068 4175 1110 4243 γε
1131 4149 1215 4221 νοῦν
1234 4142 1309 4248 ἔχοι

62 4303 97 4359 30
110 4267 160 4350 ῶς
186 4263 229 4346 τὸ
248 4269 396 4366 Πνεῦμα
420 4260 463 4344 τὸ
479 4261 601 4366 Ἅγιου
629 4263 847 4367 ιἰπουργικὴν
874 4271 922 4350 είς
949 4266 1042 4365 ἡμᾶς
1069 4267 1309 4367 ἅπαπεραῖνον

186 4522 228 4561 ιι.
247 4505 326 4562 ἐθνῶν
338 4505 407 4578 (nic)
421 4505 467 4561 Cr.
636 4505 677 4560 16.
697 4507 736 4561 δεῖ
749 4505 795 4563 Cr.
963 4525 1005 4563 ιο.
1024 4525 1074 4565 ευ.
1087 4507 1133 4563 fol.
1147 4507 1198 4579 236
1210 4527 1236 4564 v.

669 4609 688 4674 3
705 4609 725 4652 A
743 4609 760 4656 2
