3268 5130
141 347 175 390 x.
187 343 219 404 4.
398 327 452 393 IN
477 326 736 392 EPISTOLAM
763 329 826 393 AD
853 329 1086 397 ROMANOS.
1275 335 1338 398 235

1364 434 1421 501 [ιο
1431 435 1469 484 M·
1482 435 1494 500 ]

142 488 253 568 ε’ποίει
281 492 328 573 ὡς
355 489 466 596 φύσει
485 491 590 590 Θεὸν,
609 496 643 572 οἱ
668 490 706 572 δὲ
728 491 855 593 ἐ’λεγον
872 492 926 574 ότι
944 504 966 540 “
982 498 1071 597 Περὶ
1094 502 1208 574 καλοῦ
1233 494 1339 597 ἔργου
1350 517 1375 566 S.
1384 517 1460 566 δοκι
1470 533 1495 566 x.

143 621 167 659 “
186 614 227 692 οῦ
255 611 445 717 λιθάζομέν
462 650 518 715 σε,
536 613 637 696 ἀλλὰ
665 619 746 719 περί
769 618 1021 724 βλασφημίας,
1042 617 1096 698 ὅτι
1120 617 1170 698 σῦ
1194 617 1336 719 άνθρω·
1352 596 1391 646 ³³'

143 747 169 784 ‘⁶
185 771 254 821 πος
281 736 330 818 ὢν
357 746 468 824 ποιεῖς
494 737 648 820 σεαυτόν
673 739 802 820 θεόν·”
837 737 1009 840 ἢοῦτως.
1046 741 1248 844 ἠγνοήκασι
1275 744 1340 840 μὲν

142 860 211 959 τὴν
238 864 277 943 ε’κ
303 867 398 942 Θεοῦ
426 863 665 963 δικαιοσύνην,
693 862 857 945 τουτέστι
884 863 1058 967 Χριστὸν,
1088 865 1165 965 ἤτοι
1188 864 1254 966 τήν
1282 863 1341 945 διὰ

109 985 298 1070 ὅπίστεως
326 984 392 1087 τήν
417 992 465 1069 εἰς
489 986 607 1066 αὐτόν.
649 983 800 1086 οἰόμενοι
822 987 860 1066 δὲ
882 994 933 1096 τῷ
959 988 1017 1068 διὰ
1037 989 1204 1072 Μωσέως
1227 1025 1340 1070 συνα-

142 1108 282 1212 σπίζειν
301 1108 409 1218 νόμῳ,
430 1109 670 1210 μεμενήκασιν
688 1112 850 1196 ἀπειθεῖς·
880 1113 921 1190 οῦ
940 1110 1155 1214 ζητήσαντες
1176 1111 1240 1192 τόν
1265 1111 1340 1192 υίῦν

143 1231 209 1311 τόν
236 1235 445 1337 ἐλευθεροῦν
475 1233 660 1339 ἰσχύοντα,
691 1232 757 1315 τόν
788 1240 991 1316 δικαιοῦντα
1022 1235 1086 1314 τὸν
1118 1238 1247 1333 ἀσεβῆ,
1280 1240 1338 1316 καί
1352 1251 1453 1301 lb.viii.
1468 1250 1508 1314 οὗ·

142 1357 210 1456 τὴν
250 1355 549 1460 δυσκατόρθωτον
589 1366 653 1437 τοῦ
692 1357 803 1456 νόμου
844 1357 1073 1458 δικαιοσύνην
1111 1365 1339 1457 οἰκονομικῶς

142 1479 412 1578 συστέλλοντα,
429 1481 487 1561 ἵνα
505 1483 712 1585 δυσχερείας
729 1480 931 1587 ἀπαλλάξῃ
949 1484 1008 1562 καὶ
1027 1486 1162 1585 τριβῆς.

92 1717 130 1756 10
494 1697 600 1764 Τέλοα
627 1697 687 1786 τὰρ
714 1699 813 1774 νόμου
841 1699 985 1786 Χριστός.
1353 1711 1370 1764 4

201 1842 548 1945 Προεισκεκόμισται
575 1844 693 1925 τοίνυν
712 1846 732 1922 ὁ
751 1841 869 1941 νόμος,
885 1843 1054 1943 ἐσόμενος
1079 1852 1154 1928 τοῖς
1180 1845 1339 1949 ἀρχαίοις

142 1965 374 2068 παιδαγωγός
402 1969 459 2047 ε’πί
487 1968 528 2048 τὸ
554 1975 619 2047 τοῦ
640 1973 806 2069 Χριστοῦ
833 1965 1043 2070 μυστήριον,
1073 1972 1129 2049 καί
1158 1971 1201 2047 δι’
1221 1975 1333 2071 αἰνιγ-

142 2089 267 2187 μάτων
303 2091 422 2175 αὐτοῖς
461 2091 668 2198 ὑποφαίνων
700 2089 766 2190 τήν
802 2089 985 2190 ἀλήθειαν.
1030 2093 1122 2171 οὕτω
1152 2091 1223 2195 γὰρ
1253 2088 1340 2170 εἰναι

144 2211 365 2316 διοριῷμεθα
398 2213 580 2316 πλήρωμα
612 2213 722 2312 νόμου
755 2218 814 2293 καί
841 2221 1040 2321 προφητῶν
1070 2213 1134 2294 τῦυ
1164 2213 1339 2317 Χριστὸν,

92 2375 130 2434 15
143 2343 202 2417 καί
221 2336 323 2437 μάλα
341 2339 466 2440 ὀρθῶς.
500 2336 622 2441 ήοῦχί
646 2335 780 2421 παντὸς
806 2341 1013 2440 αἰνίγματος
1041 2342 1209 2444 ἀσαφοῦς
1235 2339 1338 2417 νοοῖτ’

143 2457 190 2539 οἰυ
207 2459 349 2545 εἰκότως
377 2459 559 2564 πλήρωμα
586 2460 755 2566 ὑπάρχειν
777 2459 819 2541 τῦ
847 2460 1008 2561 ἀληθές;
1051 2463 1164 2540 καίτοι
1190 2467 1268 2543 πῶς
1296 2456 1341 2538 ἂν

142 2583 339 2663 ἐνδοιάσειέ
358 2617 434 2677 τις;
466 2586 593 2663 οὐκοῦν
610 2585 792 2687 οἰναίρεσιν
820 2590 891 2664 τῶν
919 2583 979 2663 διὰ
998 2584 1164 2668 Μωσέως
1191 2590 1340 2662 ποιεῖται

144 2703 264 2804 υόμωυ
291 2708 314 2806 ἡ
342 2706 433 2811 πρός
460 2741 501 2808 γε
526 2707 569 2786 τὸ
599 2707 729 2807 ἀληθὲς
756 2715 827 2788 τιῦν
857 2710 895 2787 ἐν
924 2714 1042 2791 σκιαῖς
1070 2707 1340 2814 μεταφοίτησις,

143 2830 230 2907 ἀλλ’
250 2830 513 2936 ἐκφανεστέραν
531 2831 649 2910 αῦτῶν
667 2833 863 2930 καθίστησι
889 2831 955 2930 τήν
973 2829 1142 2910 διάνοιαν.

92 2985 132 3026 20
203 2953 505 3057 Μετερῥυηκότων
528 2953 657 3033 λοιπὸν
676 2961 723 3038 εἰς
749 2955 920 3055 ἀλήθειαν
937 2960 1010 3033 τῶν
1027 2951 1261 3057 πραγμάτων,
1283 2955 1340 3031 καί

144 3081 217 3156 τοῖν
243 3079 281 3155 ἔν
301 3076 425 3162 τύποις
453 3079 511 3158 καί
538 3077 724 3180 αἰνίγμασι
751 3077 818 3177 τὴν
846 3085 894 3161 εἰς
921 3079 968 3159 τὰ
994 3080 1125 3176 ἀμείνω
1150 3075 1340 3170 λαβόντων

145 3199 362 3299 μεταβολὴν,
381 3202 422 3280 οῦ
441 3202 709 3280 καταλελύσθαι
728 3200 847 3306 φαμέν
864 3201 928 3282 τῦν
948 3200 1066 3301 νόμον,
1085 3198 1341 3301 ε’κπεπεράυθαι

145 3321 184 3400 δὲ
211 3329 358 3419 μᾶλλον
385 3326 441 3404 ε’πί
469 3332 603 3426 καιροῦ,
622 3326 703 3403 καθ’
724 3323 766 3405 όν
793 3326 877 3425 ήμῖν
904 3323 1155 3428 ἐπίλαμφενή
1178 3320 1340 3422 ἀλήθεια,
1440 3357 1444 3362 ·

145 3445 319 3544 τουτείττι,
338 3452 511 3548 Χριστός.
551 3444 654 3530 τίλας
681 3445 754 3549 γὰρ
773 3447 882 3547 νόμου
905 3450 963 3527 καί
987 3453 1185 3550 προφητῶν
1204 3447 1223 3524 ό
1243 3451 1335 3547 Χρι-

93 3591 132 3651 ²5
145 3568 244 3667 στός,
265 3567 303 3653 ὃς
326 3572 389 3650 οὐκ
413 3567 458 3648 ἂν
477 3567 714 3675 διαφεῦσαιτο
732 3570 851 3672 λέγων
867 3581 889 3618 “
901 3573 981 3650 Οῦκ
1002 3569 1117 3671 ἦλθον
1135 3576 1338 3649 καταλῦσαι
1350 3573 1480 3702 {ffb-

145 3704 168 3742 ‘⁶
181 3691 244 3774 τὸν
263 3692 371 3792 νόμον
390 3689 491 3772 ἀλλὰ
503 3695 733 3796 πληρῶσαι.”
762 3691 887 3796 ὥσπερ
901 3691 973 3795 γοίρ
991 3692 1056 3777 τοίς
1068 3695 1106 3772 ἐν
1123 3699 1198 3774 τοῖς
1214 3691 1339 3797 πίναξι

144 3815 506 3919 προανατυπουμένας
537 3815 654 3912 σκιὰς,
684 3814 727 3894 τὸ
758 3824 829 3896 τῶν
861 3817 1061 3922 χρωμάτων
1089 3813 1274 3897 πολυειδὲς
1302 3817 1340 3893 ἐν

145 3941 257 4048 καιρῷ
281 3941 621 4041 προσενηνεγμένου,
648 3929 780 4040 ήκῖστα
804 3938 870 4038 μὲν
898 3943 1043 4044 ἀναιρεῖ·
1083 3937 1277 4035 μεθίστησι
1302 3934 1341 4015 δὲ

143 4069 291 4160 μᾶλλον
316 4069 364 4145 εἰς
392 4059 481 4168 ὄψιν
503 4062 775 4165 ἐναργεστεραυ,
795 4061 887 4142 κατὰ
911 4062 974 4142 τὸν
998 4062 1080 4141 ’ίσου
1102 4057 1230 4139 τουτωί
1252 4055 1335 4159 τρό-

92 4223 132 4280 30
143 4219 227 4282 πον,
245 4185 309 4265 οῦκ
327 4183 593 4289 ἀνατετράφθαι
612 4186 731 4289 φαμὲν
748 4184 813 4269 τὰς
839 4194 904 4267 τοῦ
929 4185 1038 4283 νόμου
1060 4181 1176 4279 σκιὰς,
1193 4184 1339 4263 ἐκπεπε-

143 4307 273 4416 ριῖυθαι
293 4307 330 4389 δὲ
352 4315 497 4408 μᾶλλον
516 4312 564 4394 ὡς
582 4311 620 4389 ἐν
637 4309 781 4417 προόδῳ
798 4315 844 4414 τῇ
861 4307 952 4411 πρὸς
970 4307 1152 4408 ἀλήθειαν.

184 4493 226 4532 ιο.
246 4442 307 4532 Hbc
320 4475 441 4531 scholion
454 4475 532 4532 nobis
545 4476 695 4548 suppeditat
707 4478 741 4533 Α.
756 4496 782 4550 p.
792 4479 855 4546 408.
994 4493 1036 4532 το.
1058 4475 1117 4531 Ηος
1131 4474 1250 4530 scholion
1263 4473 1341 4530 nobis

144 4546 298 4620 suppeditat
311 4547 344 4600 Α.
358 4565 384 4617 p.
398 4563 459 4617 409.
698 4649 719 4692 H
736 4630 758 4692 h
776 4652 790 4689 ²
