3280 5142
115 323 203 392 xviii.
218 339 291 412 7-9.
338 325 396 390 IN
426 327 458 392 S.
483 325 737 391 JOANNEM.
783 324 879 389 LIB.
902 324 963 389 XI.
1009 321 1209 390 CARXII.
1276 325 1317 390 21

116 485 260 596 θανάτῳ
291 495 514 594 παραδοῦναι
545 496 668 590 σῶμα,
701 489 760 568 ’ίνα
792 492 851 570 καὶ
883 490 1137 587 ἀκολουθῆσαν
1174 491 1219 592 τῇ
1254 495 1318 566 τοῦ

115 613 309 699 ἐυωθέντος
339 615 435 722 αὐτῷ
467 611 591 716 Λόγου
620 613 702 718 ζωῇ,
730 618 775 718 τῇ
805 619 878 693 τῶν
911 609 1093 711 σωμάτων
1121 608 1319 715 όδοποιήση

117 735 229 842 φύσει
257 735 300 817 τό
328 737 504 818 δύνασθαι
533 734 662 817 λοιπόν
691 739 749 816 καὶ
775 743 848 816 τῶν
875 744 940 816 τοῦ
965 733 1122 816 θανιίτου
1150 769 1319 815 κατανεα-

116 858 296 940 νιεύεσθαι
314 859 473 966 βρόχων.
510 859 657 966 ἀπαρχὴ
683 859 755 963 γὰρ
774 867 847 940 τῶν
866 859 1164 962 κεκοιμημένωνό
1187 858 1351 962 Κύριοςο

83 1005 102 1068 5
116 986 176 1064 καὶ
193 983 421 1088 πρωτότοκος
439 987 477 1066 ἐκ
497 991 640 1088 νεκρῶν,
656 981 844 1084 λειοτάτην
857 981 983 1088 ῶσπερ
1002 990 1077 1068 τοῖς
1094 985 1173 1084 μεθ’
1194 979 1320 1063 ἐαυτὸν

116 1111 306 1188 ἀποτελῶν
339 1107 397 1188 διὰ
429 1113 491 1208 τῆς
533 1109 622 1192 ἰδίας
654 1105 890 1192 ἀναστάσεως
923 1106 989 1208 τὴν
1026 1113 1076 1193 είς
1109 1107 1320 1214 ἀφθαρσίαν

116 1231 336 1334 ἅναδρομήν.
386 1232 554 1340 ῶπεξιίγει
591 1239 781 1336 τοιγαροῦν
819 1239 883 1312 τοῦ
917 1232 1121 1335 παραυτίκα
1156 1229 1319 1312 κινδύνου

116 1354 200 1440 τοὺς
229 1355 404 1457 μαθητὰς,
431 1357 528 1464 αύτῷ
557 1355 602 1456 δὴ
628 1354 775 1460 πρέπειν
804 1352 885 1436 τότε
914 1353 1080 1455 μάλιστα
1110 1355 1175 1435 τὸν
1204 1352 1320 1436 ἆθλον

117 1479 229 1578 εἰδῶς,
247 1482 306 1560 καὶ
333 1481 399 1585 οὐχ
426 1478 546 1584 ἐτέρου
563 1476 659 1564 τινός
683 1477 789 1582 ἔργον
817 1477 883 1580 τὸν
903 1486 975 1559 τῶν
994 1481 1076 1559 καθ’
1095 1479 1188 1579 ἡμᾶς
1206 1481 1316 1559 ἐπαν-

66 1644 104 1684 ιο
117 1601 279 1706 όρθωσιν
306 1603 529 1712 ἀποφαίνων,
558 1605 643 1684 ἀλλ’
670 1603 779 1703 αὐτῆς
807 1606 865 1684 καὶ
892 1600 1003 1704 μόνης
1031 1607 1096 1704 τῆς
1120 1609 1192 1683 τῶν
1222 1600 1320 1683 όλωυ

117 1727 388 1824 βασιλευούσης
415 1728 552 1811 οὐσίας.
1018 1807 1023 1814 .

177 1854 386 1956 Περιτρέπει
416 1849 529 1954 γεμὴν
559 1851 579 1931 ὁ
608 1849 728 1959 σοφός
757 1849 1034 1954 Εύαγγελιστὴς
1063 1856 1111 1936 εἰς
1138 1849 1320 1958 ἀπόδειξιν

116 1975 250 2079 ἐναργῆ
268 1980 333 2076 τῆς
351 1977 453 2056 οἱονεὶ
471 1973 631 2056 καθόλου
649 1978 707 2056 καὶ
726 1976 967 2077 γενικωτάτας
983 1973 1158 2076 ἐσομένης
1177 1979 1320 2082 φειδοῦς

118 2105 167 2183 εἷς
195 2097 278 2184 τοὺς
304 2098 523 2204 προσιόντας
550 2101 647 2206 αὐτῷ
674 2098 732 2180 διὰ
758 2100 917 2183 πίστεως
941 2098 984 2179 τὸ
1013 2105 1166 2203 μερικῶς
1195 2132 1233 2178 τε
1262 2100 1322 2178 καὶ

68 2253 103 2314 15
119 2227 238 2307 ἱδικῶς
268 2229 317 2309 είς
337 2221 419 2308 τούς
446 2221 623 2308 συνόντας
651 2225 747 2333 αὐτῷ
777 2221 819 2303 τὸ
848 2232 1042 2324 τηνικαῦτα
1073 2222 1353 2326 γεγενημένουᾱ

118 2347 358 2452 παρηγγύησε
382 2346 466 2452 γὰρ,
484 2353 611 2456 φησὶν,
631 2350 775 2454 ἀφεῖναι
798 2345 881 2432 τοὺς
902 2346 1076 2448 μαθητὰς,
1092 2347 1150 2428 ’ίνα
1169 2343 1323 2457 πληρωθῇΙ

119 2473 265 2574 ὀλίγος
294 2475 328 2552 δν
353 2469 441 2553 εἶπεν
467 2471 515 2552 ’ότι
545 2472 598 2558 οὓς
625 2467 756 2559 ἐθνικῶς
784 2507 843 2578 μοι
871 2477 930 2554 οὐκ
954 2471 1128 2552 ῶπῶλεσα
1152 2471 1189 2579 ἐξ
1216 2469 1321 2551 αὐτῶν

119 2591 246 2678 οὐθένα.
285 2594 339 2676 ὅτι
366 2593 438 2699 γὰρ
464 2599 620 2676 καὶτῶν
648 2594 738 2694 μετὰ
766 2605 880 2676 ταῦτα
908 2596 1082 2702 φείσεται,
1100 2602 1178 2678 πῶς
1206 2594 1318 2700 ἀμφί-

115 2727 260 2817 βολον,
306 2719 347 2800 τὸ
376 2718 448 2823 γὰρ
475 2722 512 2800 ἐν
543 2721 681 2823 ὀλίγοις
713 2721 754 2800 ού
783 2717 999 2826 ῥᾳθυμηθέν,
1026 2725 1104 2804 πῶς
1136 2716 1182 2799 ἂν
1211 2753 1320 2798 κατα-

68 2885 106 2927 20
117 2843 313 2950 φρονηθείη
330 2842 439 2949 τυχόν
463 2846 501 2925 ἐν
518 2846 666 2926 πλείοσι
684 2877 695 2942 ;
727 2848 784 2925 καὶ
803 2845 824 2924 ὁ
843 2841 954 2952 φειδῶ
972 2842 1156 2944 τοσαύτην
1173 2877 1320 2944 πεποιη-

116 2967 223 3066 μέυος
250 2974 298 3052 είς
326 2966 581 3071 εὐαριθμήτους
608 2974 745 3073 κομιδῇ,
773 2975 851 3053 πῶς
878 2966 924 3048 ἂν
951 2965 1137 3068 ἀλογήσαι
1165 2971 1321 3048 καὶτῶν

118 3091 208 3196 ύπέρ
236 3090 352 3201 φύσιν
378 3088 445 3193 τὴν
474 3094 652 3196 ἀριθμοῦ;
686 3095 821 3174 πολλοὶ
849 3090 921 3195 γὰρ
952 3093 1036 3171 λίαν
1066 3096 1099 3171 οἱ
1126 3125 1321 3174 πεπιστευ-

117 3215 231 3299 κότες.
273 3221 321 3300 είς
346 3214 464 3297 εἰκόνα
483 3218 602 3297 τοίνυν
619 3225 684 3297 τοῦ
703 3215 941 3319 γενικωτοίτου
966 3215 1071 3321 δέχου
1098 3213 1140 3296 τό
1165 3215 1319 3319 μερικῶν,

1367 851 1441 901 mor.

1364 931 1406 965 xv.
1419 930 1459 968 το.

117 3343 177 3419 καὶ
195 3341 238 3419 δι’
259 3335 309 3419 ῶν
328 3340 371 3420 οὐ
388 3339 561 3435 βούλεται
580 3340 790 3422 κινδυνεύειν
813 3339 906 3425 ὅλως
932 3339 1015 3425 τούς
1037 3340 1164 3419 ἑαυτοῦ
1189 3340 1320 3442 γνωρί-

68 3499 105 3561 ²5
117 3499 216 3564 μους,
234 3463 322 3544 ποία
339 3498 392 3548 τις
412 3463 516 3545 ἐσται
535 3469 593 3546 καὶ
616 3463 717 3566 πόση
743 3463 835 3545 κατὰ
859 3470 933 3544 τῶν
957 3463 1065 3544 αὐτόν
1083 3461 1316 3544 ἀποκτεινόν-

117 3624 190 3670 των
218 3586 321 3692 ὀργὴ,
348 3593 590 3692 περιαθρήσας
616 3591 715 3695 ῥᾷον.
755 3586 775 3668 ὃ
802 3586 874 3692 γὰρ
899 3583 1116 3688 ἀνεθέλητον
1137 3587 1222 3693 ἐχει,
1241 3595 1319 3674 πῶς

117 3715 196 3818 οὐχὶ
221 3710 367 3795 πάντως
395 3719 519 3810 μισεῖ;
560 3709 641 3796 τοὺς
671 3709 709 3792 δέ
737 3718 809 3792 τῶν
839 3708 924 3815 παρ’
953 3712 1062 3792 αὑτοῦ
1090 3712 1318 3809 μισουμένων
1332 3738 1487 3797 ιῑοιοΔ.

116 3837 271 3940 ἐργάτας
305 3833 361 3915 ὅτι
392 3833 503 3939 πικροί
539 3869 592 3919 τις
625 3838 683 3916 καὶ
715 3832 949 3935 ἀτελεύτητος
980 3832 1159 3941 ἐκδέξεται
1189 3837 1317 3937 κρίσις,

115 3968 193 4046 πῶς
211 3958 257 4040 ἂν
276 3959 330 4060 εἴη
349 3955 479 4038 λοιπὸν
497 3956 520 4058 ἢ
538 3956 649 4039 πόθεν
667 3959 903 4064 ἀμφίβολου;

537 4201 562 4239 τ.
580 4189 631 4240 τῶν
642 4193 814 4258 assumptum
826 4203 859 4240 ex
872 4185 904 4241 Ε.
