3278 5130
113 331 289 420 iv.8sqq.
335 333 389 400 IN
414 334 480 401 ον.
501 335 549 402 11.
576 335 639 406 λυ
665 335 957 403 οοιιιιντειιοο.
997 337 1086 405 τοο.
1101 340 1169 407 111.
1265 344 1327 407 οιο

1356 445 1411 510 [οι
1422 443 1461 494 Μ·
1475 442 1487 510 ]

213 548 274 615 Ἐν
299 549 396 615 παντὶ
423 551 616 630 θλιβόμενοι,
644 551 713 616 ἀλλ’
745 553 782 616 οὔ
811 553 1110 640 στενοχωρούμενοι
1136 557 1243 622 κ.τ.λ.
1342 557 1438 634 8sqq.

188 721 379 802 Φαίνονται
406 720 471 821 μὲν
497 722 569 827 γὰρ
597 723 685 826 ὑπίρ
712 756 755 825 γε
782 727 846 821 τῆς
870 729 918 808 εὶς
936 722 1044 804 αὐτὸν
1062 724 1245 822 εὐσεβείας
1268 725 1328 804 καὶ

126 842 240 923 αὐτόν
262 844 478 930 ἀνατλάντες
501 843 565 926 τὸν
588 845 754 926 θάνατον·
788 843 888 944 πλὴν
914 852 943 925 εἰ
972 850 1030 927 καὶ
1058 855 1164 927 τοῦτο
1191 849 1328 948 συνίβη

127 972 258 1048 παθεῖν
283 967 420 1068 αὐτοὺς,
445 969 529 1048 ἀλλ’
555 969 617 1048 οὖν
646 970 745 1072 ζῶσι,
774 974 825 1076 τῷ
859 975 943 1076 Θεῷ
973 970 1094 1073 ζήσειν
1121 966 1326 1069 μέλλοντες·

80 1133 109 1194 5
131 1092 190 1170 καὶ
209 1091 302 1170 καθά
319 1096 414 1197 φήσι
438 1097 502 1192 τῆς
523 1093 658 1197 σοφίας
678 1089 828 1194 ὀλίγος
849 1103 872 1138 “
884 1089 1048 1200 Ἔδοξαν
1067 1097 1105 1173 ἐν
1123 1095 1329 1199 ὀφθαλμοῖς
1341 1109 1399 1175 8ου·
1411 1109 1489 1160 511²·

131 1223 156 1262 “
173 1215 371 1318 άνθριόπων
397 1214 574 1312 τεθνάναι,
596 1219 654 1294 καὶ
680 1215 856 1317 ἐλογίσθη
885 1214 1043 1301 κάκωσις
1066 1218 1088 1314 ἡ
1110 1215 1234 1323 ἔξοδος
1260 1219 1326 1296 αὐ·
1340 1191 1365 1239 4’

133 1347 156 1384 “
175 1343 257 1436 τῶν,
284 1340 342 1417 καὶ
370 1338 393 1435 ή
417 1339 479 1443 ἀφ’
506 1338 606 1436 ήμῶν
632 1340 758 1441 πορεία
785 1334 1001 1441 σύντριμμα·
1042 1344 1074 1420 οἱ
1103 1339 1141 1419 δὲ
1170 1343 1262 1419 εἰσὶν
1289 1343 1328 1420 ε’ν

132 1471 157 1508 “
173 1458 303 1566 εἰρήνῃ,
322 1466 379 1540 καὶ
401 1461 423 1561 ή
446 1462 547 1546 ἐλπὶς
573 1463 692 1542 αὐτῶν
718 1464 917 1546 ἀθανασίας
944 1462 1121 1565 πλήρης.”
1160 1463 1247 1545 ποία
1274 1465 1330 1548 τίς

132 1584 196 1662 οὖν
214 1584 283 1687 ἄρα
307 1591 380 1665 τῶν
398 1585 556 1688 ἱδρώτων
573 1586 596 1685 ή
616 1585 753 1688 νόησις,
773 1587 986 1688 όιερμηνεάει
1006 1587 1120 1666 πάλιν
1138 1588 1159 1667 ὁ
1180 1591 1329 1680 Παῦλος

66 1751 118 1792 ιο
132 1707 225 1787 οὕτω
255 1708 373 1811 λε’γων
405 1707 554 1790 Πάντοτε
581 1706 635 1804 τήν
664 1707 812 1818 νέκρωσιν
839 1711 895 1788 τοῖ
921 1711 1025 1804 Ἰησοῦ
1055 1711 1086 1790 ἒν
1115 1719 1161 1818 τῷ
1189 1710 1327 1817 σάματι
1340 1755 1393 1790 ver.
1408 1756 1444 1792 ιο.

132 1829 354 1938 περιφίροντες
372 1829 429 1912 ’ίνα
449 1837 507 1912 καὶ
527 1836 544 1927 ή
564 1829 627 1941 ζωή
647 1836 700 1912 τοῦ
717 1834 822 1927 Ἰησοῦ
840 1834 869 1914 ἓν
887 1830 934 1937 τῷ
953 1831 1089 1939 σάματι
1116 1831 1204 1940 ήμῶν
1224 1849 1328 1940 φανε-

132 1954 221 2066 ραθή.
256 1954 375 2050 διττὸν
393 1951 483 2035 εἶναί
509 1959 626 2061 φαμεν
649 1952 712 2036 τόν
735 1960 798 2055 τῆς
827 1951 949 2036 ἐνθάδε
978 1957 1166 2054 νοουμένης
1195 1956 1324 2059 νεκριό-

132 2112 227 2163 σεως
244 2077 389 2182 τρόπον,
408 2076 458 2158 ὧν
477 2076 525 2162 εἷς
543 2078 608 2177 μίν
627 2080 706 2158 ἐστι
729 2077 853 2178 νοιγιὸς
871 2081 930 2158 καὶ
948 2079 1194 2177 πνευματικὸς,
1213 2078 1329 2183 ἕτερος

132 2201 245 2304 γεμήν
265 2207 312 2287 ὡς
330 2204 367 2282 ἐν
386 2200 555 2300 αἰσθήσει
573 2207 618 2308 τῇ
637 2200 727 2281 κατὰ
746 2209 855 2300 σῶμα
873 2199 1110 2301 λαμβάνεται·
1145 2199 1239 2286 θεὸς
1256 2201 1328 2304 γὰρ

79 2361 118 2422 15
134 2324 304 2432 ὑπάρχων
328 2330 387 2406 καὶ
413 2328 452 2406 ἐκ
480 2331 576 2406 Θεοῦ
602 2324 770 2431 πεφηνὸς
800 2325 891 2405 κατὰ
921 2326 1035 2430 φύσιν
1066 2328 1086 2404 ὁ
1117 2325 1328 2429 Μονογενὴς

132 2451 242 2530 αι’ποῦ
262 2448 391 2552 Λόγος,
412 2449 502 2530 ἰδίαν
524 2446 718 2547 ἐποιήσατο
743 2447 864 2551 σάρκα
888 2446 953 2547 τήν
973 2447 1045 2529 ἀπὸ
1073 2451 1136 2546 τῆς
1165 2454 1246 2551 γῆς,
1267 2453 1326 2529 καὶ

132 2571 174 2652 τό
213 2573 343 2674 θνητόν
381 2571 425 2674 δή
462 2580 568 2652 τοῦτο
605 2573 664 2651 καὶ
700 2571 922 2674 ἀνθρώπινον
957 2572 1166 2676 ἠμπίσχετο
1200 2578 1322 2671 σῶμα,

131 2696 258 2804 ψυχήν
285 2697 376 2802 ἔχων
403 2695 469 2796 τήν
497 2693 660 2796 λογικήν·
698 2697 757 2774 καὶ
784 2696 838 2778 τίς
856 2694 878 2792 ἡ
896 2699 997 2774 τοῦδε
1024 2695 1237 2799 πρόφασις;
1268 2696 1327 2775 ίνα

133 2821 296 2926 νεκρῶσῃ
318 2820 384 2920 τήν
402 2818 578 2922 ἁμαρτίαν
595 2821 633 2898 ἐν
650 2823 696 2923 τῇ
720 2821 841 2919 σαρκὶ,
860 2822 918 2897 καὶ
936 2824 1009 2898 τῶν
1026 2818 1195 2922 ἐμφύτων
1212 2854 1250 2899 τε
1268 2821 1326 2898 καὶ

78 2985 119 3024 20
134 2948 171 3023 ἐν
199 2946 288 3049 αι’σῇ
317 2940 518 3042 κινημάτων
546 2947 618 3020 τῶν
648 2946 696 3026 εἰς
719 2939 888 3025 ἐκτόπους
917 2943 1174 3047 ἀποφερόντων
1197 2942 1326 3041 ἡδονὰς
1341 2971 1384 3024 95
1401 2969 1447 3026 Μ.

134 3067 353 3173 άπαμβλιίνη
380 3067 422 3146 τὸ
449 3067 606 3167 κε’ντρον·
637 3065 848 3169 κατώρθωκε
871 3064 909 3144 δὲ
933 3066 1000 3170 οὐχ
1028 3066 1142 3172 ἑαυτήν
1159 3065 1252 3150 Θεὸς
1276 3063 1326 3145 ὧν

134 3191 294 3293 όΛόγος
321 3188 363 3270 τό
391 3190 548 3269 ἐπέκεινα
575 3194 647 3296 τῶν
670 3192 707 3267 ἐν
729 3189 813 3288 ήμῖν
837 3190 991 3289 ὁρᾶσθαι
1018 3194 1156 3269 παθῶν·
1188 3186 1326 3292 οὐγὰρ

134 3311 225 3395 οἶδεν
255 3315 441 3416 ἁμαρτίαν·
480 3310 564 3390 ἀλλ’
596 3310 672 3391 οἷον
705 3311 794 3410 ὅλην
827 3313 865 3391 ἐν
894 3315 1007 3420 ἑαυτῷ
1038 3311 1105 3411 τήν
1136 3313 1326 3414 ἀνθρώπου

135 3437 248 3544 φύσιν
265 3442 543 3540 μεταστοιχειῶν
557 3441 604 3523 είς
622 3433 714 3538 ζωήν
733 3438 838 3536 ἁγίαν
855 3437 914 3514 καὶ
932 3435 1090 3534 ἄμωμον,
1104 3435 1162 3516 ὅτε
1180 3435 1326 3538 γέγονεν

81 3601 119 3660 25
135 3563 320 3664 ἄνθρωπος
340 3564 398 3639 καὶ
421 3563 458 3639 ἐν
477 3559 557 3639 εἴδει
575 3564 626 3665 τῷ
649 3560 730 3640 καθ’
751 3559 852 3658 ἡμᾶς·
882 3559 1006 3659 γε’γονε
1029 3559 1100 3662 γὰρ
1124 3569 1146 3606 “
1157 3562 1194 3639 ἐν
1211 3566 1325 3638 πᾶσιν
1338 3586 1390 3635 001.
1402 3587 1417 3635 i.
1433 3587 1470 3636 18.

133 3693 155 3730 “
173 3682 278 3766 αὐτὸς
303 3681 525 3786 πρωτεύων,”
552 3682 608 3763 ἵνα
627 3686 686 3762 καὶ
705 3683 801 3781 ἡμεῖς
822 3689 894 3764 τοῖς
920 3681 1057 3786 ’ίχνεσιν
1075 3684 1184 3762 αὐτοῦ
1208 3716 1319 3761 κατα·
1340 3701 1480 3750 ffiPet-ii·

133 3804 422 3905 κολουθήσαντες
439 3805 572 3909 ἔχωμεν
591 3807 629 3884 ε’ν
647 3807 781 3887 ἑαυτοῖς
799 3804 865 3903 τήν
883 3806 990 3885 αὑτοῦ
1016 3806 1198 3908 νείιρωσιν,
1215 3839 1319 3884 τουτ·
1337 3779 1375 3814 n'

134 3929 235 4011 ἔστιν
253 3933 512 4032 άπρακτοῦσαν
538 3931 575 4008 ἐν
604 3931 648 4032 τῇ
671 3930 780 4030 σαρκὶ
804 3931 867 4025 τῆς
886 3929 1058 4032 ἁμαρτίας
1075 3927 1141 4026 τήν
1160 3927 1322 4024 δύναμιν·

169 4147 195 4186 2.
214 4129 289 4184 Ηιιεε
306 4127 361 4183 duo
372 4127 529 4183 brevissima
541 4127 641 4184 scholia
652 4127 730 4182 nobis
742 4125 849 4181 exhibet
863 4125 900 4180 H.
911 4147 917 4182 ι
935 4125 1108 4198 Ἐπιφέρονοι
1118 4126 1165 4194 μὲν
1176 4127 1230 4180 τοῖς
1241 4125 1325 4196 ἁγίοις

132 4201 177 4257 τόν
194 4201 301 4271 θλίψεις
318 4200 343 4252 οί
359 4200 405 4267 τῆς
419 4198 539 4268 ἀληθείας
551 4199 649 4269 ε’χθροὶ,
662 4197 881 4268 στενοχωρεῖσθοι
893 4197 920 4251 M
933 4197 1043 4252 ιίσόπαν
1054 4198 1101 4250 οὐκ
1112 4195 1208 4265 ἀφίησι
1220 4199 1286 4252 θεός
1297 4205 1324 4249 et

133 4269 359 4326 Κεκινόννεῦιιασιν
377 4269 428 4340 γὰρ
449 4271 474 4323 ol
493 4269 602 4338 μαθηταὶ
622 4271 791 4337 πολυτρόπως
812 4268 874 4321 ἀλλ’
895 4265 925 4336 ήν
945 4267 1069 4321 ἀδύνατον
1088 4265 1234 4320 ἀπολέσθαι
1255 4268 1324 4322 τινός

132 4343 256 4397 συνόντος
267 4340 353 4396 αὐτοῖς
364 4343 411 4394 τοῦ
422 4347 443 4392 Χ
463 4343 547 4394 ιστοῦ.
677 4356 717 4393 12.
738 4338 794 4394 Ine.
807 4340 899 4392 Διττόν
913 4337 950 4392 Η.
1093 4355 1132 4404 14.
1151 4336 1232 4408 γεμήν
1243 4335 1324 4391 edidi.

132 4413 161 4466 δι’
173 4411 254 4482 γιμήν
267 4411 305 4466 H.
318 4432 345 4465 τε
357 4410 408 4480 μήν
452 4411 485 4463 ai.
497 4410 578 4480 χεμήν
589 4411 702 4465 correxit
715 4409 817 4480 Migne.
993 4421 1034 4474 15.
1053 4409 1192 4461 καὶ-κατὰ
1205 4405 1287 4477 φάσιν
1299 4418 1325 4460 et

134 4482 281 4571 Μονοχενής
292 4481 370 4535 αὐτοῦ
382 4497 436 4536 om.
452 4480 488 4536 H.
579 4495 622 4547 24.
639 4479 759 4550 γέγονεν]
771 4480 887 4550 πέφηνεν
900 4479 936 4532 Η.
1030 4477 1179 4548 25-p.346,
1193 4494 1216 4532 1.
1234 4477 1325 4549 γε’χονε

132 4555 234 4620 -ζωην
246 4569 299 4605 om.
314 4549 351 4604 H.
501 4627 504 4634 ι

176 4653 246 4698 νου.
265 4654 313 4698 ιιι,
713 4651 730 4693 ι
745 4655 765 4715 y
