3284 5130
159 379 278 444 ωιτη.
335 361 392 424 IN
423 361 455 424 S.
478 359 738 424 JOANNEM.
785 359 879 424 LIB.
905 360 983 424 XII.
1018 360 1129 425 'CAR
1153 363 1181 426 I.
1293 360 1355 424 153

159 524 350 621 ἐσομένους
377 533 522 626 καιροῖς.
562 521 608 623 ἦν
629 522 700 626 γάρ
723 522 767 625 δή
790 559 887 607 τινας
916 524 1005 608 εἰκὸς
1035 525 1104 630 ἐξω
1133 529 1195 622 τῆς
1224 527 1355 608 εὐθείας
1397 615 1400 620 ,

160 647 277 732 ίόντας
305 650 400 746 ὁδοῦ,
419 653 477 728 καὶ
503 645 611 747 νόθην
629 647 819 743 εὐλάβειαν
841 646 885 753 ἐξ
910 649 1062 744 ἀμαθίας
1090 647 1356 750 ἐπιτηδεύοντας·

159 771 436 872 ἀποπέμπεσθαι
463 771 529 871 τῆν
556 771 692 869 πίστιν,
717 772 758 850 οὐ
785 772 1002 875 προσίεσθαι
1029 777 1102 850 τῶν
1129 778 1262 874 νεκρῶν
1289 770 1355 870 τὴν

158 893 373 992 ἀνάστασιν,
392 897 488 996 ἥκειν
506 931 544 974 τε
568 902 615 980 είς
635 895 749 993 μέσον
767 897 841 974 κατ’
862 897 992 974 ἐκεῖνον
1010 896 1093 994 ἡμῖν
1111 897 1275 998 ἐροῦντας
1293 893 1356 974 τὸν

721 1015 732 1046 λ
811 1017 822 1044 ἱ
855 1017 871 1050 d

124 1017 416 1119 5ἀπιστῆσαντα
443 1018 605 1119 μαθητήν
631 1029 652 1067 “
668 1019 759 1098 Ἐαν
777 1054 827 1119 μη
857 1023 918 1098 ιδω
942 1021 1073 1102 ἐντοῖς
1101 1022 1227 1124 χερσὶν
1247 1020 1356 1098 αὐτοῦ

160 1153 183 1190 “
202 1139 265 1223 τῦν
292 1143 406 1223 τύπον
429 1150 501 1223 τῶν
530 1144 640 1243 ἥλων,
669 1145 727 1221 καὶ
755 1141 861 1237 βάλω
889 1140 955 1240 τῆν
983 1141 1084 1248 χεῖρά
1114 1178 1184 1239 μου
1214 1147 1262 1225 είς
1290 1141 1357 1242 τῆν

162 1277 184 1314 “
200 1265 361 1369 πλευράν
392 1269 512 1365 αὐτοῦ,
541 1268 584 1345 οῦ
620 1264 672 1365 μῆ
703 1265 921 1348 πιστεῦσω.”
973 1264 1049 1345 εἶτα
1077 1267 1131 1351 τίς
1163 1263 1207 1344 ἀν
1239 1267 1357 1352 αὐτοῖς

161 1391 411 1496 πληροφορίας
439 1391 490 1471 ε”τι
517 1389 661 1493 διαρκὴς
685 1390 824 1490 ε’γένετο
849 1387 993 1492 τρόπος,
1015 1391 1078 1470 οὐκ
1097 1389 1199 1474 ὄντος
1216 1389 1281 1488 μέν
1298 1392 1356 1471 ἐπὶ

161 1519 229 1615 γῆς
256 1522 470 1612 σωματικῶς
498 1514 547 1595 ἐτι
574 1521 748 1613 Χριστοῦ,
776 1512 1041 1614 ἀναβεβηκότος
1070 1513 1107 1592 δέ
1135 1519 1280 1611 μᾶλλον
1308 1519 1390 1597 eled

110 1673 151 1714 ιο
163 1637 334 1740 οὐρανούς
340 1670 351 1736 ;
382 1645 459 1722 πῶς
471 1637 508 1719 δέ
525 1640 588 1718 οὐκ
607 1636 652 1717 ἀν
671 1638 957 1736 ῦπωπτεύθησαν
975 1635 1055 1718 ἐσθ’
1071 1637 1129 1716 ὅτε
1148 1634 1358 1718 τὰτοιαῦτα

105 1799 117 1806 ··
163 1761 282 1864 λε’γειν
314 1765 439 1865 ὀρθῶς,
472 1763 530 1843 ὅτε
560 1762 749 1866 ζηλοῦντες
779 1762 970 1868 ἐφαίνοντο
1002 1770 1065 1841 τοῦ
1096 1765 1262 1865 Σωτῆρος
1294 1761 1358 1842 τὸν

163 1884 335 1985 μαθητῆν,
354 1889 412 1966 καὶ
441 1889 488 1971 ὡς
517 1885 666 1989 ἄριστόν
688 1920 723 1965 τι
745 1890 867 1990 χρῆμα
893 1884 936 1966 τὸ
963 1883 1014 1987 μὴ
1041 1892 1236 1967 πιστεῦσαι
1262 1919 1354 1990 προ·

163 2009 289 2114 χείρως
313 2008 571 2117 ἐπιλεξάμενοι,
588 2009 737 2116 ἐξαιτεῖν
759 2008 796 2090 δέ
823 2015 968 2106 μᾶλλον
989 2009 1079 2111 πρὸς
1107 2010 1359 2118 πληροφορίαν

165 2136 320 2240 ἀσφαλῆ
339 2133 544 2214 διετείνοντο
570 2135 617 2214 τά
646 2135 703 2213 καὶ
732 2135 850 2219 αὐτοῖς
877 2140 951 2218 τοῖς
979 2134 1092 2235 ἁγίοις
1119 2135 1359 2239 ἐπιδειχθέντα

110 2297 151 2359 15
164 2262 338 2355 μαθηταῖς
353 2289 364 2352 ;
394 2257 615 2361 ἀνασειράζει
637 2265 827 2360 τοιγαροῦν
844 2260 865 2337 ό
882 2256 1044 2360 Χριστὸς
1068 2259 1126 2337 καὶ
1146 2255 1213 2354 τὴν
1229 2260 1268 2336 ἐν
1285 2265 1358 2342 τοῖς

163 2379 333 2464 τοιούτοις
365 2381 540 2480 ἐσομένην
571 2381 654 2461 ἐσθ’
684 2380 742 2462 ὅτε
770 2379 1008 2485 καταδρομὴν,
1038 2386 1097 2461 καὶ
1128 2381 1359 2485 περιστέλλει

163 2501 227 2583 τὸν
247 2498 412 2584 ὄλισθον.
444 2501 521 2610 ᾔδει
540 2503 611 2608 γάρ
629 2505 706 2610 ᾔδει
725 2505 817 2590 Θεὸς
838 2504 1009 2610 ὑπάρχων
1026 2502 1194 2606 ἀληθινὸς
1211 2503 1277 2605 τῆν
1295 2509 1359 2585 τοῦ

164 2626 338 2724 διαβόλου
360 2634 649 2735 φιλοκακοῦργου
674 2630 833 2732 γνώμην,
853 2631 910 2709 καὶ
932 2627 975 2708 τὸ
1003 2635 1050 2713 είς
1078 2628 1218 2727 ἀπάτην
1245 2627 1356 2728 εὐμή-

163 2785 285 2858 χανον.
332 2751 386 2833 διὸ
417 2755 610 2856 μακαρίους
641 2755 831 2859 ἀποφαίνει
864 2751 945 2835 τοῦς
977 2756 1034 2832 καὶ
1067 2754 1151 2859 δίχα
1179 2761 1242 2832 τοῦ
1276 2757 1360 2832 ἰδεῖν

107 2874 408 2962 αοπιστεύοντας·
437 2875 632 2976 θαυμάσιοι
660 2877 731 2980 γάρ
760 2877 883 2962 ὅντως.
923 2879 981 2956 καὶ
1011 2876 1068 2956 διὰ
1090 2877 1197 2958 ποίαν
1219 2875 1356 2973 αίτίαν;

163 3004 238 3082 τοῖς
262 2996 330 3098 μέν
347 2997 419 3102 γὰρ
437 3001 475 3079 ἐν
493 3000 577 3107 ὄφει
605 3001 774 3099 κειμένοις
801 2999 997 3095 οὐδαμόθεν
1024 3001 1228 3106 ἀμφίλογος
1257 3002 1356 3104 ὀφεί-

164 3130 266 3202 λεται
292 3123 427 3208 πίστις·
466 3120 510 3205 τό
539 3123 609 3226 γάρ
634 3123 820 3227 ἐνδοιάζειν
849 3126 942 3208 ὅλως
973 3127 1163 3205 ἀναπεΐθον
1190 3125 1301 3204 οῦδέν.
1340 3121 1391 3206 ῦιι
1408 3147 1529 3207 1111Δ.

163 3243 202 3324 δέ
226 3244 276 3346 μὴ
299 3246 464 3326 τεθείιταί
485 3282 538 3332 τις
556 3255 585 3327 εἰ
607 3249 858 3354 παραδέξαιτο,
878 3252 936 3327 καὶ
955 3247 1085 3349 ἀληθές
1104 3245 1191 3327 εἶναι
1208 3248 1357 3328 πιστεύ·

163 3402 261 3448 σειεν
291 3368 378 3472 ὅπερ
408 3367 455 3450 ἀν
487 3377 535 3456 είς
564 3368 639 3452 ὦτα
668 3374 911 3472 διακομίσειαν
942 3381 1006 3452 τοῦ
1036 3379 1362 3475 μυσταγωγοῦντος

105 3496 198 3588 α5οἱ
225 3491 340 3594 λόγοι,
360 3493 637 3602 ἀξιολογωτάτη
664 3498 825 3597 τετίμηκε
850 3497 971 3577 πίστει
996 3493 1060 3576 τὸν
1088 3493 1358 3598 κηρυττόμενον.

165 3615 291 3719 ἕψεται
309 3617 428 3697 τοίνυν
443 3621 463 3698 ὁ
479 3617 707 3723 μακαρισμός
723 3625 832 3701 παντὶ
849 3626 900 3728 τῷ
919 3619 1124 3700 πιστεύοντι
1142 3619 1199 3699 διὰ
1211 3624 1275 3717 τῆς
1288 3625 1363 3698 τῶν

164 3740 277 3842 ἁγίων
300 3742 519 3823 ἀποστόλων
547 3749 680 3849 φωνῆς,
705 3744 738 3824 οί
765 3750 823 3825 καὶ
851 3743 1024 3825 αὐτόπται
1052 3747 1109 3824 καὶ
1136 3745 1262 3847 θεωροὶ
1289 3749 1361 3822 τῶν

164 3863 451 3964 κατορθωμάτων
466 3867 638 3968 γεγόνασι
658 3870 716 3946 καὶ
731 3868 900 3970 ὐπηρέται
918 3876 982 3948 τοῦ
998 3865 1121 3969 λόγου,
1136 3863 1229 3946 καθά
1244 3875 1360 3970 φησιν
1405 3875 1502 3989 ἰθηῐιις

60 4095 65 4104 ,
163 3987 354 4070 ὁΛουκᾶς·
392 3987 445 4072 οἷς
467 3994 524 4069 καὶ
545 3990 737 4095 προσέχειν
756 3992 848 4090 ἡμᾶς
866 3993 1070 4092 ἀναγκαῖον,
1089 3997 1118 4070 εὶ
1136 3994 1200 4088 τῆς
1217 3987 1360 4068 αἰωνίου
1417 3978 1423 3990 ’
1451 3975 1457 3990 ’

99 4151 148 4212 3ο
161 4106 255 4212 ζωῆς
291 4109 561 4212 καθεστήκαμεν
592 4118 751 4217 ἐρασταὶ,
786 4121 843 4193 καὶ
875 4112 917 4194 τὸ
949 4117 987 4194 ἐν
1019 4122 1095 4198 ταῖς
1128 4113 1202 4193 ἀνω
1236 4118 1394 4212 μοναῖςο

160 4232 371 4335 αὐλίζεσθαι
399 4239 479 4340 περὶ
507 4247 651 4317 πολλοῦ
678 4243 859 4318 ποιεῦσθαι
887 4237 1144 4340 σπουδάζομεν.

200 4452 227 4507 6.
246 4452 366 4508 Αθηοιαι
380 4453 401 4508 F
413 4453 517 4510 rubrice
529 4456 556 4510 in
573 4456 688 4526 1113.on
705 4453 737 4524 ῆν
753 4456 782 4510 ἐν
798 4461 834 4528 τῷ
852 4457 1004 4581 ἀντιγέιίφφ
1022 4456 1063 4510 καὶ
1080 4457 1155 4520 βάλω
1173 4458 1219 4511 τὸν
1236 4457 1363 4514 δάκτυλόν

158 4545 215 4596 μου
227 4523 264 4581 τίς
275 4527 321 4578 τδν
331 4523 412 4580 τύτον
423 4529 475 4580 τῶν
487 4527 568 4596 ιῖλιιν.
684 4544 710 4597 9.
728 4526 906 4595 ἀναβεβηκότα
1071 4543 1113 4594 14.
1131 4526 1318 4599 ἐπιδειχθέτιτι·
1331 4529 1363 4584 Ε.

161 4609 209 4650 τι.
228 4593 401 4666 ὄφιι-ὀφιι-
413 4597 514 4652 omittit
525 4598 727 4670 ἀσφαλῆ-τοῖς
737 4596 821 4667 ἁγίοις
832 4615 846 4651 e
859 4615 941 4669 ιυριιι
952 4605 1073 4668 repetens
1087 4598 1119 4652 E.
