3284 5130
128 349 257 433 παλαις.
303 350 361 415 IN
393 349 708 416 S.JOANNEM.
754 351 851 417 LIB.
874 351 955 417 XII.
1000 352 1154 419 CARI.
1266 355 1329 420 169

133 511 259 617 Πέτρε,
277 513 324 594 τά
348 514 440 596 κατά
464 514 611 613 σαυτὸν,
630 518 669 596 τί
691 502 753 596 σοι
773 516 818 596 τά
834 516 963 620 έτέρων
983 523 1250 624 φιλοπευστεῖν,
1270 521 1329 598 καὶ

130 643 203 717 τῶν
230 640 334 720 θείων
364 639 545 742 κριμείτων
574 639 777 742 ἀνορύττειν
805 638 930 743 ὥσπερ
962 643 1026 721 οὐκ
1055 642 1093 721 έν
1124 647 1234 750 καιρῷ
1262 640 1329 742 τὴν

131 761 292 862 εἰδησινς
323 767 353 842 εὶ
371 760 443 866 γὰρ
462 765 521 842 καὶ
544 763 710 863 μηδόλως
728 760 918 871 τελευτῴη,
938 766 1063 870 φησὶν,
1082 765 1154 868 ἄρα
1171 765 1210 843 τί
1222 773 1329 845 τοῦτο

130 881 198 984 τὴν
224 885 297 984 σὴν
322 887 497 990 φροντίδα
519 884 841 988 παραμνθὴσεται;
875 884 1113 993 ἀδιαφορήσει
1139 895 1329 991 τοιγαροῦν

97 1009 152 1091 5ὄ
177 1006 297 1115 σοφός
324 1042 363 1088 τε
391 1010 449 1088 καῖ
476 1008 634 1116 ἔμφρων,
663 1009 761 1113 ε’ίπερ
788 1044 823 1090 τι
851 1012 909 1090 καῖ
936 1007 1069 1108 μέλλοι
1095 1016 1233 1108 παθεῖν,
1260 1010 1329 1090 εἴτε

132 1129 284 1234 σόζοιτό
302 1165 355 1218 τις
373 1131 501 1236 ἕτερος,
519 1131 587 1214 εἴτε
606 1135 665 1212 καὶ
683 1132 746 1234 μή·
781 1135 937 1214 κείσεται
955 1133 1027 1238 γὰρ
1045 1135 1141 1244 αὐτῷ
1158 1132 1204 1215 τά
1222 1139 1330 1214 οίκεῖα

131 1262 269 1355 παθεῖν,
298 1253 399 1336 οὐδέν
425 1253 468 1336 τὸ
495 1254 666 1360 παράπαν
694 1257 732 1336 έκ
759 1261 824 1356 τῆς
851 1258 971 1360 ἑτέρου
997 1264 1190 1364 συμφορᾶς
1217 1258 1363 1361 ἤγουνο

133 1379 297 1478 εὐθυμίας
314 1384 363 1464 εἰς
380 1379 603 1486 παραφωχὴν
622 1377 810 1488 δεχομένῳ.
840 1383 946 1460 ταυτί
960 1415 1037 1465 πως
1055 1381 1078 1480 ἡ
1096 1387 1170 1460 τῶν
1181 1413 1325 1484 προκει·

132 1500 248 1600 μένων
270 1505 385 1584 ὠδίνει
412 1503 571 1602 δύναμις.
612 1505 849 1604 ὑποσημαίνει
876 1501 915 1584 δέ
942 1505 1027 1604 ἡμῖν
1045 1505 1065 1584 ὁ
1084 1506 1165 1605 περὶ
1192 1503 1330 1584 τούτων

80 1667 120 1706 ιο
133 1624 254 1728 λόγος,
273 1625 327 1707 ὅτι
355 1630 404 1713 ὦς
430 1625 548 1727 πάντη
567 1662 606 1708 τε
632 1631 690 1708 καῖ
714 1628 869 1726 πάντως,
893 1625 917 1729 ἢ
940 1626 1031 1708 κατά
1059 1625 1122 1708 τδν
1140 1628 1224 1708 ’ίσον
1240 1626 1325 1731 τρό-

132 1747 254 1851 πον,ἢ
280 1749 361 1832 καθ’
388 1749 507 1855 ἕτερόν
528 1786 609 1831 τινα
637 1748 747 1857 τυχὸν
776 1754 834 1831 καὶ
861 1751 970 1831 αὐτοῦ
998 1750 1208 1833 κινδυνεύειν
1234 1746 1326 1851 μέλ-

133 1883 262 1958 λοντος
293 1871 460 1956 Ἰωάννου
489 1875 588 1972 ποτέ,
618 1878 722 1956 οῖονεῖ
751 1873 842 1978 πρὸς
878 1876 1108 1978 παραμυθίαν
1139 1881 1212 1955 τῶν
1245 1876 1327 1956 καθ’

133 1995 258 2077 ἑαυτὸν
276 1999 296 2077 ὁ
315 1995 485 2101 μακάριος
506 1998 644 2102 Πέτρος
669 2000 728 2078 καὶ
754 1996 801 2078 τά
828 1998 925 2106 αὐτῷ
952 1996 1215 2099 συμβήσεσθαι
1241 1994 1331 2097 μέλ-

134 2126 248 2200 λοντα
275 2121 534 2226 φιλαγρόπνως
561 2120 833 2225 περιειργοξετο.
873 2125 932 2203 καὶ
965 2120 1014 2222 μή
1044 2156 1100 2202 τοι
1129 2120 1330 2228 θαυμάσῃς,

81 2265 121 2326 15
134 2241 242 2324 ἐννόει
268 2243 307 2324 δὲ
328 2253 473 2342 μᾶλλον
496 2249 617 2326 έκεῖνο.
653 2243 771 2325 κοινὸν
792 2242 863 2349 γάρ
881 2279 958 2329 πως
980 2248 1019 2324 έν
1036 2245 1121 2344 ἡμῖν
1138 2247 1197 2326 καῖ
1224 2246 1360 2327 τοῦτόο

134 2367 245 2465 ἐστιν,
272 2372 302 2448 εί
332 2372 390 2449 καὶ
417 2373 603 2453 παντελῶς
635 2365 816 2466 ἀνόνητον,
849 2367 891 2448 τὸ
922 2372 1042 2473 φιλεῖν
1072 2367 1156 2449 ἔσθ’
1189 2367 1248 2450 ὅτε
1279 2368 1331 2469 μὴ

134 2489 264 2586 μόνους
291 2493 445 2596 ὁρᾶσθαι
471 2490 693 2596 πάσχοντας,
712 2493 825 2592 ἤγουν
848 2524 883 2571 τι
908 2497 980 2570 τῶν
998 2492 1183 2571 ἀπευκτῶν
1201 2493 1331 2592 ὑπομέ-

135 2647 206 2693 νειν
227 2613 441 2714 μέλλοντας,
459 2617 659 2718 ἀκροάσθω
685 2613 723 2694 δέ
745 2621 891 2704 μᾶλλον
908 2617 968 2695 καὶ
992 2613 1038 2695 τά
1060 2614 1198 2716 ἑτέρων,
1216 2612 1240 2715 ἢ
1259 2620 1332 2694 τῶν

134 2733 204 2836 ἤδη
221 2738 462 2836 πεπονθότων,
481 2736 593 2841 ἤγουν
610 2744 658 2822 είς
676 2746 782 2818 τοῦτο
797 2743 989 2818 πεσεῖσθαι
1008 2737 1328 2840 προσδοκωμένων.

79 2989 122 3031 20
137 2971 242 3046 Οὗτός
269 2979 355 3045 ἐστιν
381 2981 400 3048 ὁ
423 2981 572 3057 μαθητάς
590 2983 609 3050 ὁ
628 2980 682 3046 καί
706 2979 880 3070 μαρτυρῶν
899 2979 974 3070 περὶ
992 2981 1127 3062 τούτων,
1145 2981 1164 3049 ὁ
1183 2980 1237 3046 καί
1255 2982 1331 3072 τρά-
1345 3009 1383 3068 ο4

189 3125 255 3182 vac
273 3109 386 3186 ταῦτα,
405 3103 455 3171 καὶ
474 3101 610 3183 οἴδαμεν
628 3109 679 3174 ὅτι
698 3107 823 3173 ἀληθεία
841 3107 929 3172 ἔστιν
947 3107 1045 3172 αὐτοί
1067 3107 1085 3170 ἡ
1105 3106 1276 3196 μαρτυρία.

190 3277 411 3360 Ἐνδοιάσειν
429 3278 527 3380 οἶμαι
553 3281 688 3382 μηδένα
715 3288 787 3361 τῶν
810 3278 1102 3386 νουνεχεστέρων,
1121 3283 1170 3365 ὡς
1197 3281 1261 3361 οὐκ
1287 3207 1366 3362 διν(1

134 3399 304 3503 ἠγάπησε
325 3402 388 3484 τόν
406 3403 576 3504 Ἰωάννην
598 3405 618 3484 ὁ
639 3403 782 3508 Κύριος,
800 3410 829 3485 εί
848 3402 898 3505 μή
920 3438 973 3489 τις
992 3402 1035 3504 ἦν
1053 3404 1137 3484 λίαν
1154 3403 1332 3510 ἐξαίρετος

135 3528 193 3606 καῖ
221 3525 418 3632 περιφανὴς
446 3535 494 3614 εῖς
520 3527 659 3632 άρετῖην,
677 3533 735 3609 καὶ
757 3535 803 3614 εὶς
827 3535 901 3608 πᾶν
920 3528 1037 3608 ὁτιοῦν
1056 3525 1194 3629 άγαθδν
1212 3529 1332 3628 ἐπιτη-

78 3677 121 3738 25
135 3651 236 3735 δείως
254 3683 293 3730 τε
312 3650 404 3756 έχων
422 3655 480 3731 καὶ
498 3653 641 3736 τελείως
659 3652 937 3754 ἀπηρτισμένος.’
971 3650 1051 3731 οὐδὲ
1068 3648 1141 3754 γάρ
1159 3649 1204 3730 ὂν
1225 3651 1331 3751 ἁλοίη

136 3772 230 3859 θεὸς
258 3772 404 3877 ἀλόγοις
434 3780 508 3855 τισῖ
540 3771 846 3876 προσκεκλιμένος
873 3779 999 3880 ῥοπαῖς
1026 3780 1099 3860 τοῖς
1127 3775 1191 3855 οὐκ
1218 3775 1331 3882 σ’ξίοις

133 3895 278 4000 ἀγάπης
300 3902 363 3999 τῆς
380 3900 463 4002 παρ’
484 3899 605 3995 αὐτοῦ,
626 3900 911 4002 άνθρωποπρεπῆ
936 3897 1008 4001 γάρ
1025 3896 1170 3996 μᾶλλόν
1188 3901 1267 3980 ἐστι
1285 3898 1331 3979 τά

132 4030 280 4102 τοιαῦτα
307 4023 418 4123 πάθη·
455 4023 475 4101 ὁ
502 4020 540 4103 δέ
567 4026 631 4120 τῆς
652 4025 692 4101 ἐκ
718 4027 845 4102 παθῶν
867 4022 999 4128 ἐφόδου
1021 4024 1079 4103 καὶ
1107 4025 1330 4125 καταδρομῆς

131 4139 319 4231 πάντελῶς
335 4147 524 4247 ἀπείρατος
543 4145 603 4244 ὧν,
621 4143 831 4250 έδραιότατα
850 4145 887 4225 δέ
904 4143 1070 4244 βεβηκὼς
1088 4150 1135 4228 εῖτ
1153 4151 1227 4225 πᾶν
1241 4140 1362 4230 είδοςο

169 4365 196 4421 6.
215 4363 267 4454 τις]
286 4364 415 4430 ψκολΕ.
468 4366 736 4454 xalmffumptumex
749 4365 782 4422 Ε.
1056 4380 1097 4436 13.
1116 4361 1199 4438 αὐτᾷ]
1213 4361 1285 4422 αὖθις
1297 4363 1331 4419 Ε.

133 4453 178 4493 22.
195 4437 293 4508 μηδενο
304 4453 359 4492 om.
371 4435 405 4492 Ε.
458 4457 657 4508 νουνκχεστερον
670 4437 702 4492 Ε.
815 4453 859 4509 23.
877 4435 936 4492 εὀτλ
947 4451 997 4506 pro
1009 4431 1040 4504 ἦν
1052 4433 1086 4490 Ε.
1194 4449 1237 4508 25.
1255 4433 1333 4560 &⁰175

132 4507 458 4633 ⁰m23⁸p⁸¹3⁰⁹s2¹ssuf²'
471 4506 620 4633 τελίοιοφὲ.
770 4506 813 4563 26.
831 4505 1076 4578 κροκικλιμίνοιΕ.
1229 4507 1270 4562 τ8.
1291 4527 1322 4560 κα

132 4599 182 4634 κατ
214 4595 355 4650 pompos
399 4595 564 4650 vranspom
615 4617 622 4634 .

177 4677 249 4724 ΥΟΕ.
266 4678 318 4724 ΠΙ.
731 4673 747 4722 Z
