3294 5150
310 343 375 404 250
487 346 524 408 B.
549 345 735 410 CYRILLI
762 346 1023 410 ALEXANDR.
1052 343 1334 408 FRAGMENTA
1442 339 1463 402 i.
1479 359 1508 423 3.

159 447 501 537 [48Μ·],,,,
669 511 679 537 ,
820 505 1507 540 ,,,,,,,.

312 541 419 586 αυτον
438 543 476 587 εν
505 515 756 614 Ιεροσολυμοις
775 546 863 592 νεων
878 516 1081 618 αφικεσθαι·
1112 512 1231 589 εδεδιει
1250 541 1322 610 γαρ
1339 539 1403 603 της
1422 537 1499 603 παρ

312 631 430 715 αὐτοῖς
460 635 614 719 διανοίας
646 638 693 720 ῶς
725 634 816 719 είκῦς
848 635 890 714 τὸ
918 632 1230 733 εῦμετακόμιστον,
1256 628 1307 729 μὴ
1334 627 1405 730 ἄρα
1431 661 1510 710 πως

311 763 526 858 προσκυνεῖν
542 755 565 858 ἢ
584 759 680 839 θόειν
702 763 739 839 ε’ν
764 761 872 840 παντὶ
896 756 996 865 τόπερ
1024 755 1302 852 κεκελευσμένοι,
1321 750 1510 856 πρόφασιν

311 881 376 975 τῆς
400 884 448 963 εἱς
466 878 512 958 τὰ
533 881 663 987 αἰσχίω
680 885 885 980 μεταβολῆς
906 879 1064 992 [ἔχοιεν]
1085 879 1149 959 τὸν
1167 879 1289 977 νόμον,
1309 877 1369 955 καὶ
1386 908 1504 976 προσ-

313 1001 502 1108 κυνήσειαν
520 1013 594 1090 τοῖς
613 1011 798 1108 γλυπτοῖς,
816 1003 920 1088 ναοῦς
939 1007 1072 1088 ἑαυτοῖς
1092 1008 1261 1086 ίστῶντες
1279 1005 1337 1080 καὶ
1354 999 1507 1098 βωμούς·
1524 1025 1540 1085 5

312 1126 431 1226 ἐπειδὴ
451 1126 487 1207 δὲ
512 1127 714 1228 κεκλήμεθα
737 1127 866 1208 λοιπόν
885 1131 917 1207 οἱ
937 1126 981 1233 ἐξ
998 1129 1109 1207 ἐθνῶν
1128 1125 1186 1205 διὰ
1207 1127 1362 1207 πίοτεως
1380 1127 1443 1221 τῆς
1461 1127 1510 1204 είς

313 1249 478 1352 Χριστὸν
497 1259 544 1336 εἱς
565 1251 761 1352 οἰκειότητα
788 1250 853 1351 τὴν
875 1255 922 1334 ὡς
951 1250 1041 1352 πρὸς
1062 1247 1168 1348 Θεὸν,
1188 1253 1246 1329 καὶ
1270 1248 1336 1347 τὴν
1361 1245 1420 1325 διὰ
1446 1253 1511 1325 τοῦ

312 1375 439 1476 Ἀγίου
472 1374 683 1475 Πνεῦματος
718 1374 925 1481 ἀσφάλειαν
957 1374 1264 1474 πεπλουτηκαμεν,
1296 1376 1511 1473 προσκυνεῖν

313 1498 512 1601 τετάγμεθα
542 1503 606 1580 οὐκ
636 1500 674 1579 ἕν
703 1533 744 1603 γε
774 1506 848 1583 τοῖς
877 1498 1145 1599 Ἱεροσολύμοις
1174 1496 1338 1591 ἅπαντες,
1364 1494 1449 1572 ἀλλ’
1481 1494 1512 1572 ἑν

314 1629 416 1702 παντὶ
451 1623 556 1732 τόπῳ·
609 1629 666 1702 καὶ
702 1631 807 1703 τοῦτο
843 1620 889 1722 ἦν
922 1622 993 1724 ἄρα
1028 1619 1071 1700 τῦ
1110 1619 1168 1700 διὰ
1206 1625 1278 1700 τῶν
1313 1623 1512 1722 προφητῶν
1530 1650 1565 1689 ιο

146 1768 302 1833 Soph-iin.
315 1746 510 1844 λεγόμενον
538 1757 559 1792 “
576 1750 648 1826 Καὶ
675 1745 973 1850 προσκυνήσουσι
1001 1752 1053 1852 τῷ
1074 1747 1195 1853 Κυρίῳ
1217 1743 1368 1826 ἕκαστος
1386 1744 1424 1821 ἐκ
1447 1749 1511 1819 τοῦ

315 1877 338 1915 “
356 1867 470 1948 τόπου
498 1870 642 1950 αῦτοῦ.”
1158 1873 1162 1882 ’

369 1990 604 2072 Ἑπιστόλλει
629 1992 673 2093 δὴ
698 1993 759 2072 οὖν
781 1991 855 2092 ἅμα
874 1992 1054 2072 Σωσθεῖιει
1077 2000 1114 2106 τῇ
1139 1993 1310 2098 ἐκκλησίᾳ
1334 1991 1389 2070 τοῦ
1412 1991 1511 2078 Θεοῦ,

147 2123 185 2250 27?
200 2124 264 2188 Eph.
279 2141 302 2173 v.
315 2113 360 2214 ἢν
397 2114 504 2199 αῦτὸς
539 2117 653 2223 ἑαυτῷ
688 2117 918 2219 παρέστησεν
951 2117 971 2195 ὁ
1003 2113 1178 2218 Χριστός·
1227 2119 1285 2194 καὶ
1316 2115 1370 2198 τίς
1402 2112 1512 2211 αὐτὴν

182 2227 188 2237 ’
316 2233 441 2334 ῶπτο;
479 2237 611 2323 ποίντες
638 2244 671 2319 οὶ
699 2239 911 2341 ἡγιασμένοι
941 2243 998 2319 καὶ
1026 2238 1235 2339 κεκλημένοι
1262 2235 1320 2316 διὰ
1347 2242 1513 2337 Χριστοῦ
1530 2263 1567 2320 ¹5

315 2358 407 2462 πρὸς
433 2363 628 2460 δικαίωσιν,
651 2363 923 2463 ε’πτκαλοῦμενοί
951 2398 989 2444 τε
1019 2361 1053 2442 τῦ
1086 2365 1189 2468 ὄνομα
1217 2365 1325 2442 αὑτοῦ
1355 2363 1385 2440 ἒν
1409 2369 1511 2440 παντὶ

197 2511 302 2570 401.
316 2483 408 2594 τόπῳ
435 2483 541 2567 αῦτῦν
560 2523 595 2568 τε
616 2495 676 2568 καὶ
697 2486 797 2592 ἡμῶν,
822 2487 1009 2568 τουτέστιν
1027 2485 1095 2565 εἴτε
1120 2487 1219 2592 ε’ντῇ
1243 2492 1315 2565 τῶν
1332 2487 1514 2564 Ἰουδαίων

316 2610 376 2714 γῇ,
394 2608 452 2689 εἴτ’
475 2610 536 2689 οῦν
554 2613 591 2690 ἐν
609 2617 687 2696 ταῖς
713 2618 785 2690 τῶν
803 2613 914 2691 ἐθνῶν
933 2611 1069 2692 πόλεσί
1088 2645 1125 2690 τε
1151 2612 1210 2692 καὶ
1235 2610 1379 2715 χώραις.
1417 2608 1515 2688 Θεὸν

317 2730 354 2811 δὲ
384 2731 475 2812 κατὰ
504 2734 618 2838 φύσιν
647 2735 868 2836 διακηρῦττει
886 2735 1062 2835 Χριστὸν,
1082 2737 1141 2814 καὶ
1169 2733 1239 2814 σῦν
1264 2735 1360 2840 αὐτῷ
1387 2766 1425 2811 τε
1453 2735 1514 2811 καὶ

317 2977 383 3076 μὲν
409 2978 482 3082 γὰρ
508 2983 705 3080 ἐκκλησίαν
731 2979 892 3084 ὀνομάζει
918 2977 1002 3065 τοῦς
1030 2983 1269 3088 ιζγιασμένονς,
1297 2987 1450 3088 Χριστῷ
1478 2979 1516 3061 δὲ

149 3120 222 3170 Rom·
233 3120 285 3170 viii·
317 3101 431 3182 πάλιν
450 3101 575 3187 αὐτοῦς
593 3104 787 3206 προσνέμει
806 3107 924 3207 λε’γων
950 3117 971 3153 “
987 3111 1031 3185 Ei
1051 3105 1096 3185 δε’
1110 3140 1165 3189 τις
1184 3112 1332 3204 Πνεῦμα
1350 3111 1516 3208 Χριστοῦ

148 3201 172 3250 9’
319 3236 340 3271 “
359 3227 423 3304 οὐκ
440 3226 524 3330 ἔχει,
545 3226 647 3312 οὗτος
666 3230 729 3308 οῦκ
747 3229 847 3309 ἔστιν
864 3231 1007 3308 αῦτοῦ.”

286 3452 303 3506 3
353 3432 450 3518 Χάριο
477 3427 549 3508 ὑμῖν
578 3433 632 3498 καί
658 3432 772 3522 εἶρήνιι
800 3436 866 3502 ἀπὸ
892 3437 977 3502 Θεοῦ
1004 3437 1133 3524 Πατρὸε
1161 3437 1255 3512 ιἰμῶν
1283 3435 1336 3500 καί
1364 3435 1479 3523 Κυρίου

774 3559 882 3625 Ἰιισοῡ
909 3561 1056 3647 Χριστοῦ.
1534 3597 1574 3654 25

373 3698 504 3802 Χάριτι
531 3709 712 3808 στεφανοῖ
735 3701 815 3786 τοῦς
842 3703 1125 3789 πεπιστευκότας
1153 3713 1198 3810 τῇ
1225 3705 1325 3809 παρὰ
1346 3713 1411 3784 τοῦ
1430 3709 1518 3786 Θεοῦ

318 3825 376 3901 καὶ
397 3828 527 3928 Πατρὶς
558 3835 616 3906 καὶ
643 3829 757 3933 Κυρίου
783 3831 887 3921 Ἰησοῦ
914 3832 1062 3934 Χριστοῦ·
1094 3831 1136 3909 δι’
1155 3831 1265 3909 αῦτοῦ
1292 3828 1364 3930 γὰρ
1393 3833 1450 3908 καὶ
1478 3833 1519 3910 ἐν

319 3946 416 4054 αῦτῷ
439 3946 484 4027 τὰ
511 3947 630 4030 πάντα
652 3949 751 4054 παρὰ
778 3961 843 4032 τοῦ
870 3957 967 4032 Θεοῦ
1001 3955 1059 4032 καὶ
1089 3953 1245 4057 Πατρός,
1268 3951 1448 4055 συνδοτήρ
1478 3989 1519 4033 τε

319 4073 398 4150 ἐστὶ
426 4075 483 4151 καὶ
511 4075 738 4177 συνχορηγὸς
766 4081 817 4182 τῷ
840 4075 1067 4178 γεγεννηκότι
1094 4082 1168 4155 τῶν
1195 4075 1331 4156 ἄνωθεν
1358 4080 1518 4178 ἀγαθῶν,

320 4195 378 4272 καὶ
397 4195 578 4292 διανομεῦς
603 4203 675 4277 τῶν
693 4198 738 4305 ἐξ
760 4201 911 4300 οὐρανοῦ
933 4198 1179 4303 χαρισμάτων,
1198 4203 1257 4279 καὶ
1284 4199 1390 4284 αῦτός
1416 4202 1520 4281 ἐστιν
1537 4243 1579 4298 30

321 4315 503 4413 ἡπάντων
541 4318 670 4421 εἰρήνη,
704 4328 748 4426 τῇ
780 4321 864 4426 παρ’
896 4323 1021 4402 ἑαυτοῦ
1053 4324 1170 4427 χάριτι
1204 4327 1520 4426 καταλαμπρῦνων

358 4515 383 4560 4.
398 4496 473 4554 Quae
485 4498 512 4552 in
526 4501 602 4554 uncis
614 4501 725 4568 inclusa,
737 4501 840 4555 Maium
852 4501 951 4555 habent
963 4512 1097 4556 auctorem
1111 4501 1144 4556 ad
1157 4504 1266 4556 lacunas
1279 4501 1435 4573 implendas.
1467 4502 1519 4557 La·

323 4583 406 4620 cunae
419 4567 523 4622 eaedem
537 4572 602 4624 etin
616 4571 649 4625 Α.
794 4591 834 4638 14.
853 4573 1008 4640 παρέστικεν
1020 4573 1033 4642 (
1043 4573 1244 4642 ππαρέστηκεν)
1258 4575 1291 4626 Α.
