3280 5142
308 314 352 378 30
606 312 646 376 B.
670 311 883 377 CYRILLI
913 313 1205 380 ALEXANDR.
1293 319 1383 384 xviii.
1395 337 1447 404 15,
1463 321 1516 385 16.

308 479 406 560 τάτω
424 479 544 563 τιθείς.
582 476 629 557 τά
652 475 797 580 γάρτοι
816 485 889 559 τῶν
908 479 1242 581 ἀνδραγαθημάτων
1260 484 1435 590 ἐξαίρετα,
1456 488 1517 564 καὶ

311 609 341 684 εί
364 605 527 708 φαίνοιτο
548 601 658 708 τυχὸν
680 599 804 682 ἐνόντα
827 607 902 683 τισὶ
932 611 1003 683 τῶν
1027 605 1065 684 οἵ
1089 640 1131 705 γε
1159 612 1360 713 φρονοῦσιν
1387 611 1517 710 ὀρθῶς,

312 730 397 808 ἀλλ’
424 730 488 807 οὐκ
517 724 564 807 ἀν
591 726 637 806 ἰὀι
666 725 753 807 ποτέ
782 723 841 806 διά
870 732 935 827 τῆς
963 731 1081 809 αὐτῶν
1110 731 1277 832 γλώττης
1307 739 1355 815 εἱς
1385 731 1518 834 ἑτέρων

314 849 436 937 ἀκοάς.
478 850 729 952 ἀκοσμότατον
751 851 823 954 γάρ
842 886 877 931 τι
901 856 1024 956 χρῆμα
1041 861 1228 938 παντελῶς
1247 854 1290 936 τὸ
1308 854 1358 954 μὴ
1376 856 1434 936 διὰ
1452 860 1518 954 τῆς

313 976 442 1081 ἑτέρων
471 980 593 1082 φωνῆς
621 972 902 1078 ἐγκωμιάζεσθαι
933 977 1080 1074 μᾶλλόν
1110 1013 1208 1063 τινας
1237 979 1328 1080 ἤπερ
1355 979 1401 1087 ἐξ
1426 981 1553 1081 ἱδίου5

146 1128 223 1208 Prog.
317 1101 509 1200 στόματος.
548 1102 606 1180 καὶ
633 1108 722 1202 γοῦν
755 1100 775 1178 ὁ
805 1099 1068 1203 παροιμιαστής
1102 1103 1405 1206 “Ἐγκωμιαζέτω
1438 1107 1515 1202 σε,”

146 1207 261 1246 mm.
317 1229 444 1332 φησὶν,
464 1227 520 1305 “ὁ
544 1221 659 1309 πέλας
687 1226 745 1304 καὶ
770 1219 886 1323 μὴτὸ
914 1222 984 1304 σὸν
1006 1223 1139 1324 στόμα,
1158 1224 1351 1328 ἀλλότριος
1379 1232 1438 1308 καὶ
1463 1227 1517 1328 μὴ
1625 1299 1626 1302 ,

388 1346 625 1379 §81¹2
1625 1305 1626 1398 ὐ

318 1362 339 1399 “
357 1385 402 1430 τα
421 1385 474 1430 σα
490 1360 605 1455 χειλη.

282 1567 355 1635 b‘O
379 1567 415 1634 δὲ
438 1567 586 1645 μαθιιτάε
610 1563 735 1634 ἐκεῖνος
757 1567 902 1644 ςνωστάε
928 1563 968 1633 ἀν
994 1569 1042 1654 τῷ
1068 1564 1223 1658 ἀρχιερεῖ,
1248 1569 1302 1634 καί
1325 1575 1519 1637 συνεισῆλθε

529 1697 577 1780 τῷ
601 1694 707 1759 Ἰιισοῦ
735 1691 781 1759 ele
808 1694 867 1760 τάν
895 1692 999 1759 αὐλὰν·
1025 1699 1083 1760 τοῦ
1111 1693 1304 1784 ἀρχιερέως.
1535 1727 1579 1768 10

373 1864 696 1970 Προνοητικιίτατα
729 1863 844 1946 πάλιν
874 1869 934 1946 καὶ
970 1867 1074 1972 μέχρι
1112 1871 1174 1965 τῆς
1206 1866 1345 1947 τούτων
1377 1865 1521 1948 κάτεισι

315 1987 468 2091 μνήμης,
491 1992 550 2070 καὶ
577 1997 812 2092 λεπτολογεῖν
840 1991 881 2070 οὐ
907 1998 1127 2094 παραιτεῖται
1155 1991 1239 2069 λίαν
1267 1990 1326 2070 διὰ
1350 1992 1393 2071 τὸ
1423 1999 1521 2072 πᾶσι

317 2114 518 2198 λυσιτελές.
552 2113 670 2214 ἐπειδὴ
693 2113 766 2218 γάρ
782 2115 913 2213 ἔμελλε
941 2118 1000 2194 καὶ
1027 2112 1074 2194 τά
1099 2117 1137 2194 έν
1159 2116 1249 2220 αὐτῇ
1277 2113 1453 2218 γεγονότα
1480 2150 1521 2196 τε

318 2241 376 2318 καὶ
400 2237 562 2340 εἰρημένα
580 2244 625 2344 τῇ
649 2241 705 2319 τιύ
726 2237 899 2345 ἀρχιερέως
923 2243 1016 2343 αὐλῇ
1035 2244 1107 2321 τοῖς
1127 2238 1226 2322 ἰδίοις
1243 2239 1522 2340 ε’γκατατοίττειν

318 2359 615 2465 συγγράμμασιν,
637 2362 921 2464 ἀναγκαιοτάτην
948 2359 1072 2465 ὥσπερ
1097 2365 1156 2441 καὶ
1183 2360 1249 2461 τὴν
1276 2371 1341 2443 τοῦ
1368 2366 1516 2464 δεδυνῆ-
1537 2393 1575 2453 15

280 2521 299 2566 ο
318 2493 407 2568 σθαι
423 2491 697 2589 συνεισδραμεῖν
715 2488 916 2586 ἀπολογίαν
934 2487 1017 2586 ἡμῖν
1035 2486 1245 2587 ἐποιήσατο·
1278 2487 1428 2588 γιαστλς
1446 2487 1522 2591 γάρ

319 2607 352 2706 ἦν
374 2619 469 2719 φησι
489 2611 535 2719 rc}
560 2614 713 2722 ἀρχιερεῖ.
754 2608 1015 2705 συνεισβάλλει
1037 2618 1229 2713 τοιγαροῦν
1247 2609 1518 2710 ἀδιακωλύτως,

318 2740 382 2835 τῆς
407 2741 455 2819 εἷς
480 2731 543 2815 τάν
568 2733 766 2836 ἡγούμενον
793 2733 975 2835 γνώσεως·
1015 2736 1142 2836 φιλίαν
1172 2732 1244 2836 γὰρ
1273 2737 1337 2814 οὐκ
1361 2735 1522 2841 ἠξίωσεν

264 2953 266 2960 Ι
319 2867 440 2942 εἰπεῖν·
476 2857 772 2960 ἀπαραπόδιστον
800 2858 896 2964 αὐτῷ
918 2858 1166 2964 προξενούσης
1190 2857 1257 2958 τὴν
1285 2865 1333 2942 εἷς
1360 2857 1403 2938 τὸ
1431 2859 1522 2937 εἴσω

320 2983 509 3064 διέλευσιν.
548 2982 605 3061 ίνα
628 2982 746 3062 τοίνυν
764 2980 975 3080 πιστεύηται
1001 2985 1059 3061 καὶ
1078 2980 1124 3059 τὰ
1141 2985 1179 3061 ἐν
1196 3017 1242 3088 τη
1261 2983 1355 3088 αὐλῇ
1374 3017 1517 3085 πεπρα-
1538 3022 1579 3062 20

319 3106 435 3210 γμένα
459 3108 645 3202 συντιθεὶς,
665 3109 713 3190 ὡς
732 3107 773 3186 οὐ
799 3103 857 3184 διὰ
881 3109 944 3203 τῆς
963 3103 1091 3206 ἑτέρων
1108 3107 1356 3207 δεδιδαγμένος
1378 3113 1520 3210 φωνῆς,

318 3235 403 3311 ἀλλ’
433 3229 540 3314 αὐτὸς
567 3237 639 3309 τῶν
664 3228 923 3332 πεπραγμένων
948 3229 1080 3331 θεωρός
1104 3263 1141 3309 τε
1169 3227 1245 3329 ἅμα
1270 3232 1329 3311 καὶ
1349 3233 1524 3330 αὐτήκοος

318 3352 513 3452 καταστὰς,
531 3354 811 3459 χρησιμωτάτην
839 3353 922 3452 ἡμῖν
947 3353 1143 3453 ἐποιήσατο
1171 3357 1229 3434 καὶ
1256 3353 1323 3452 τὴν
1350 3359 1430 3457 περὶ
1458 3361 1526 3456 τῆς

284 3479 488 3583 ᾱγνιύσεως
511 3477 697 3585 ἐξήγησιν.

268 3721 357 3790 16‘0
384 3721 420 3788 δὲ
447 3723 573 3813 Πέτρος
600 3720 742 3788 εἱστήκει
769 3723 851 3812 πρὸς
877 3727 917 3812 τῇ
947 3721 1027 3814 θύρᾳ
1054 3723 1132 3792 ἔξω.
1167 3723 1304 3792 ἒξιῖλθεν
1332 3721 1388 3790 οὖν
1414 3724 1433 3792 ὁ
1461 3747 1578 3810 not-25

368 3849 470 3917 θιιτάσ
497 3851 516 3918 ὁ
542 3849 655 3932 ἀλλος,
682 3849 719 3916 ὅσ
751 3845 791 3914 ἦν
819 3847 963 3924 ςνωστάσ
994 3855 1051 3917 τοῦ
1079 3852 1270 3940 ἀρχιερέως,
1298 3850 1352 3916 καὶ
1379 3843 1452 3915 εἷπε
1481 3856 1524 3942 τῇ

367 3979 507 4068 θυρωρῷ
535 3975 585 4042 καὶ
613 3972 766 4052 εἰσύςατε
792 3975 850 4040 τὸν
877 3976 1016 4065 Πέτρον.

372 4152 454 4232 Οὐκ
481 4147 527 4229 ἀν
556 4147 766 4252 ὑστέρησεν,
795 4145 885 4227 ὅσον
912 4146 996 4247 ἦκεν
1026 4152 1074 4232 είς
1100 4146 1304 4250 προθυμίαν
1333 4150 1397 4246 τῆς
1429 4147 1522 4230 ἰδίας

316 4280 449 4383 ψυχῆς,
476 4283 542 4356 τοῦ
570 4279 830 4368 συνεισβαλεῖν
861 4279 876 4354 ὁ
911 4271 1043 4378 Πέτρος,
1070 4277 1100 4353 εἰ
1127 4271 1178 4373 μὴ
1211 4275 1274 4372 τῆς
1301 4271 1525 4375 προθνραίου

352 4517 374 4556 ¹·
394 4497 513 4571 ‘mm
526 4496 559 4552 Ε·
572 4495 700 4569 ‘'2059‘102
714 4493 766 4550 Ed·
868 4510 896 4566 ν·
913 4491 1039 4565 ww]
1052 4491 1177 4565 νοτθαῑοε
1190 4491 1255 4564 (σε)
1268 4492 1303 4547 ιι.
1411 4491 1455 4548 2⁶.
1474 4499 1524 4550 mo

313 4571 455 4646 ἇθλθῑθῖλθς
467 4571 500 4628 Ε·
512 4572 549 4642 τῷ
562 4567 678 4641 ἀρχιερεῖ
690 4564 743 4623 Εά.
