3278 5130
166 425 177 492 [
203 330 383 490 8M1354
487 328 526 395 B.
549 326 737 394 OYRILLI
764 327 1029 393 ALEXANDR.
1058 325 1341 392 FRAGMENTA
1416 349 1450 392 v.
1472 345 1527 408 19.

186 441 202 493 9
261 463 269 478 .

318 491 497 574 πολύθεον
524 493 667 593 πλάνης
694 490 860 590 ἐ’λληνας,
889 494 946 571 καὶ
975 491 1148 576 ίουδαίους
1175 492 1233 572 διά
1260 526 1302 594 γε
1329 497 1394 570 τοῦ
1422 489 1520 580 βοό-

276 715 282 722 Ι
318 624 449 698 λεσθαι
476 623 552 700 ταῖς
581 615 671 696 κατὰ
699 613 808 712 νόμον
829 618 1112 720 προσπεπῆχθαι
1136 622 1266 712 σκιαῖς,
1285 617 1343 694 καὶ
1367 613 1434 693 τὸν
1453 617 1525 710 τῆς
1614 617 1615 710 λ

152 759 298 824 Καλυδῶ·
319 744 475 840 ἀληθοῦς
502 741 668 842 λατρείας
689 741 730 818 οῦ
754 741 972 840 προσίεσθαι
996 737 1120 838 λόγον·
1160 739 1204 817 δι’
1225 740 1333 818 αὐτοῦ
1356 736 1431 839 γᾶρ
1449 735 1524 834 τὴν

151 890 260 968 αοοιι.
319 862 565 965 προσαγωγὴν
600 859 815 966 ἐσχήκαμεν,
856 861 918 940 καί
951 871 973 908 “
987 863 1116 945 Οῦδεὶς
1147 861 1286 966 ἔρχεται
1321 857 1414 960 πρὸς
1451 857 1524 939 τὸν

152 955 238 1006 Μ’
320 996 343 1034 “
362 987 518 1090 Πατέρα,
537 984 631 1067 καθιί
655 992 770 1090 φησιν
792 984 907 1080 αὐτὸς,
926 991 955 1064 εί
980 985 1030 1085 μὴ
1054 987 1098 1064 δι’
1110 987 1129 1014 ”
1159 986 1280 1065 αὑτοῦ.
1320 984 1448 1062 οῦκοῦν
1472 982 1561 1070 τὸε

319 1109 438 1190 πάντα
463 1113 502 1192 εἰι
526 1113 582 1191 τοῦ
599 1113 684 1192 Θεοῦ
708 1113 763 1190 τοῦ
787 1107 1078 1216 καταλλάξαντες
1103 1111 1194 1215 ιῐμᾶς
1214 1103 1273 1188 διὸ
1293 1107 1432 1214 Χριστοῦ
1458 1114 1525 1186 καὶ
1614 1149 1615 1158 ¹

320 1227 425 1319 δόντος
444 1238 518 1339 ἡμῖν
536 1237 588 1327 την
606 1229 775 1314 διακονίαν
792 1231 849 1325 τὸς
871 1231 1121 1336 καταλλαγῆς.

370 1353 500 1460 Ἀθρει
527 1356 571 1456 δή
600 1391 660 1454 μοι
688 1357 802 1436 πόλιν
829 1355 884 1436 ότι
903 1361 1069 1458 Χριστοῦ
1097 1353 1290 1437 δεδωκότος
1316 1354 1435 1436 αὐτοῖς
1465 1351 1524 1444 τῆν

323 1475 490 1561 διακονίαν
523 1479 579 1573 ric
617 1479 865 1582 καταλλαγῖις,
897 1477 1198 1584 κεχειροτόνηνται
1230 1478 1301 1581 γὰρ
1334 1479 1377 1556 δι’
1407 1477 1524 1556 αὑτοῦ
1614 1529 1615 1554 ι

203 1632 247 1685 99
263 1626 311 1684 Μ.
322 1600 413 1704 πρὸς
440 1601 664 1702 ἀποστολὴν,
689 1601 785 1682 Θεὸν
812 1601 882 1708 ἔφη
910 1601 974 1682 τὸν
1000 1600 1188 1682 δεδωκότα·
1229 1599 1325 1681 Θεὸν
1353 1599 1418 1679 οῦν
1446 1599 1578 1702 ἄρατο

322 1729 381 1804 καὶ
411 1730 560 1805 ίσοκλεᾶ
589 1733 640 1833 τῷ
666 1728 782 1827 Πατρὶ
807 1723 1103 1827 διακηρόττουσιν
1127 1722 1246 1821 αῦτὸν,
1273 1724 1359 1822 μίαν
1387 1720 1524 1807 εἰδότες

319 1846 386 1946 τὴν
405 1851 539 1953 ἀμφοῖν
557 1847 746 1952 κυριότητό
768 1851 883 1928 τεκαὶ
910 1848 1088 1954 ἐξουσίαν·
1128 1855 1230 1932 ποῖος
1254 1847 1317 1926 οῦν
1335 1846 1406 1947 ἄρα
1427 1849 1522 1942 ἐστὶ,

321 1972 372 2053 τίς
400 1971 502 2055 οὗτος
529 1975 586 2052 ἐπὶ
613 1976 678 2071 τῆς
712 1971 887 2057 διακονίας
917 1975 937 2052 ὸ
963 1970 1084 2072 λόγος,
1112 1968 1136 2071 ἢ
1165 1973 1218 2056 τίς
1247 1973 1266 2052 ὸ
1293 1969 1427 2074 τρόπος
1454 1974 1525 2070 τῆς

205 2145 256 2180 vor.
270 2142 308 2195 ¹9·
321 2099 565 2195 καταλλαγῆς,
605 2094 763 2199 έπιφέρει
810 2094 927 2196 λέγων
962 2102 1047 2181 Θεὸς
1084 2089 1118 2187 ἦν
1155 2097 1185 2176 ἐν
1223 2093 1354 2202 Χριστῷ
1393 2095 1525 2198 κόσμον

308 2213 584 2298 Ιιιαταλλιίσσων
603 2219 718 2326 ἐαυτῷ,
737 2217 923 2298 τουτέστιν
941 2219 961 2296 ὸ
980 2220 1018 2297 έν
1036 2223 1191 2326 Χριστῷ
1217 2218 1356 2315 κόσμον
1379 2228 1520 2297 καταλ-
1539 2247 1577 2305 15

320 2339 476 2421 λόσσων
494 2344 617 2449 ἑαυτῷ,
635 2341 729 2426 Θεὸς
747 2339 804 2440 ἦν·
845 2339 903 2420 διὸ
922 2340 993 2443 γὰρ
1010 2343 1175 2439 πίστεως,
1195 2345 1244 2424 ὡς
1263 2340 1365 2445 έφην,
1384 2343 1448 2439 τῆς
1472 2347 1525 2425 εἰς

320 2461 495 2567 Χριστὸν,
516 2464 766 2566 εἶρηνεόσαμεν
783 2461 875 2567 πρὸς
893 2464 998 2562 Θεὸν,
1017 2464 1096 2564 ἤτοι
1120 2463 1416 2564 κατηλλόγμεθα.
1459 2468 1523 2544 καὶ

319 2586 447 2667 τούτου
472 2589 596 2693 σαφὴς
625 2586 813 2696 ἀπόδειξις,
828 2595 915 2702 ,τῶν
940 2587 1347 2687 πεπλημμελημένωνὴ
1376 2587 1524 2693 ἄφεσις,

320 2709 366 2809 ἣν
393 2712 571 2816 χαρίζεται
594 2711 659 2810 μέν
684 2713 705 2792 ὸ
730 2712 823 2796 Θεὸς
852 2717 911 2791 καὶ
938 2711 1075 2824 Πατήρ·
1114 2711 1230 2815 ὀρέγει
1258 2709 1296 2791 δὲ
1320 2709 1435 2791 πάλιν
1464 2713 1522 2790 ἐπ’

320 2833 467 2942 ἐξουσίᾳ
486 2838 534 2920 ὡς
550 2834 643 2920 Θεὸς
663 2839 681 2915 ὁ
699 2835 797 2927 Υἱὸς,
818 2837 937 2936 λέγων
954 2841 1006 2943 τῷ
1022 2840 1256 2942 παραλυτικῷ
1281 2846 1303 2882 “
1320 2831 1526 2940 Ἀφέωνταί
1539 2876 1580 2917 ιο

322 2969 343 3007 “
361 2993 425 3039 σοι
444 2961 611 3061 ἁμαρτίαι
630 2960 735 3040 σον.”
772 2962 898 3038 οὐκοῦν
917 2963 954 3039 ἐν
973 2964 1126 3067 Χριστῷ
1144 2957 1327 3054 τουτέστιν
1345 2961 1383 3038 έν
1400 2993 1524 3060 προσ-

322 3083 410 3189 ώπιρ
427 3087 603 3183 Χριστοῦ,
636 3084 756 3188 κόσμον
779 3084 887 3190 ἑαυτῷ
916 3083 1168 3164 καταλλάσσει
1187 3082 1354 3189 Θες,μιλ
1383 3083 1526 3193 λογιζό-

361 3299 384 3337 1.
403 3283 460 3337 lne.
474 3284 570 3338 iterum
577 3281 705 3354 Ἕλληνες
716 3285 903 3343 πιστεύσαντες
917 3286 959 3341 διὰ
974 3290 1020 3342 τοῦ
1053 3290 1146 3356 ριστοῦ
1162 3287 1198 3343 είς
1215 3287 1260 3341 τόν
1277 3285 1361 3355 σ’ληθῆ
1379 3287 1420 3340 καὶ
1437 3284 1525 3353 φύσει

324 3355 398 3416 θεόν,
411 3355 503 3420 ὁμοίως
516 3355 557 3408 καλ
572 3355 680 3409 ἰουδαῖοι
698 3356 754 3411 όντλ
770 3361 821 3412 τῶν
839 3363 919 3413 σκιῶν
936 3361 967 3426 τῇ
986 3310 1093 3427 όληδείη
1111 3357 1323 3430 προσδραμόντες
1340 3357 1525 3426 ε’φιλιόόησαν

323 3425 440 3550 ἷίιθὶδ
447 3425 733 3552 .‘2''‘'‡3.¹{”11.'3}.‘2‘2‘1-¹³⁹2‘0‘
743 3431 803 3552 ἶῖῦ
815 3428 864 3553 ἶίό
872 3428 1168 3568 δῖ”ίέιοίιπροσώται
1184 3429 1225 3483 ‘⁰²
1236 3427 1525 3553 xgffiffioffie

322 3515 527 3650 ῦιεχέιρρτόνηται
541 3565 591 3621 Ed.
725 3518 741 3566 ρ
792 3521 846 3622 qn.
866 3568 986 3640 ίσοκλεᾶ]
1003 3517 1296 3641 -ί-καὶῖσουργδῦ.Η.χ
1319 3519 1404 3622 ῦιῦτδν
1433 3574 1462 3632 -Ι-
1479 3538 1523 3622 καί

323 3655 492 3690 πιστευουσιν
506 3635 543 3690 H.
680 3653 721 3692 12.
739 3660 766 3692 τε
779 3656 833 3693 0111.
850 3638 886 3692 H.
940 3637 1074 3710 ἐξουσίαν]
1090 3640 1175 3710 pergit
1190 3640 1213 3693 εἶ
1229 3639 1258 3693 δέ
1270 3641 1312 3694 καί
1327 3661 1366 3695 τις
1377 3641 1449 3709 >noya
1460 3640 1523 3706 περὶ

324 3707 371 3759 τοῦ
382 3708 485 3774 Πατρός
499 3705 586 3777 λέγειν
596 3707 681 3770 αὐτόν,
694 3709 769 3764 οὐδὲν
786 3708 862 3779 ἦττον
878 3709 1008 3780 όνοκομιεῑ
1026 3711 1072 3779 τὴν
1083 3714 1130 3764 τοῦ
1146 3712 1258 3780 χριστοῦ
1274 3710 1353 3778 δόξαν
1364 3709 1401 3765 εἶς
1416 3709 1463 3776 τὴν
1473 3713 1523 3763 τοῦ

324 3777 430 3846 πατρὸς,
453 3778 525 3831 ὥσπε
559 3777 633 3832 ε’στλν
649 3779 743 3847 όληόές
760 3781 794 3837 ὡς
811 3783 922 3852 χριστοῦ
940 3781 1029 3836 δόντος
1041 3781 1087 3849 τὴν
1098 3779 1225 3835 διακονίαν
1236 3779 1321 3836 αὐτοῖς
1333 3781 1347 3832 ό
1359 3779 1443 3849 πατὴρ
1461 3779 1523 3833 δοῦ-

325 3867 365 3900 ναι
388 3845 492 3916 λέγεται
516 3799 639 3902 όίςυίοςυε
664 3847 699 3903 H.
767 3851 823 3904 Ine.
852 3853 947 3906 iterum
970 3852 1001 3904 οῦ
1024 3853 1101 3905 τοῦτο
1124 3851 1196 3922 λε’γει
1220 3849 1260 3903 ότι
1284 3849 1312 3904 ἐν
1352 3851 1434 3921 ριστῷ
1453 3847 1485 3916 ἦν
1506 3852 1522 3903 ό

325 3916 383 3972 θεός
395 3917 430 3974 ὥς
448 3916 475 3972 ἐν
491 3916 595 3986 ἇνόρόπ
627 3919 707 3989 φίλος
719 3919 773 3973 ε’πελ
792 3921 865 3975 οὐδὲν
876 3921 970 3977 διοίσει
986 3921 1095 3992 χριστός
1112 3925 1163 3974 τῶν
1175 3922 1317 3990 προφητῶν
1328 3871 1522 3987 φόποστόλων,

324 3985 394 4040 όλλδ
406 3987 488 4055 δεῖξαι
499 3940 629 4057 φροντίῖει
645 3991 660 4042 ό
672 3989 820 4046 ἀπόστολος
832 3990 872 4044 ότι
884 3994 989 4063 Χριστῷ
1006 4013 1046 4047 τις
1058 3991 1080 4045 εί
1096 3991 1307 4051 καταλλάττοιτο,
1319 3991 1385 4056 πρὸς
1396 3985 1463 4044 Θεόν
1473 4010 1522 4042 πε-

325 4058 488 4125 ποίηταιτὰς
502 4060 674 4129 καταλλαγάς.
695 4061 771 4116 αὐτὸς
787 4061 836 4131 γὰρ
849 4061 883 4116 ὣς
895 4063 909 4113 ό
922 4062 976 4117 υίὸς
993 4062 1034 4115 καλ
1052 4060 1139 4130 κόριος
1155 4062 1236 4132 ἑαυτῷ
1254 4061 1299 4114 τόν
1315 4061 1414 4127 κόσμον
1425 4061 1522 4113 καταλ-

325 4128 436 4183 λάσσων
448 4129 491 4182 διδ
502 4131 547 4196 τῆς
560 4132 673 4185 πίστεως
690 4132 868 4185 καταλλάσσει
886 4129 918 4183 δι’
931 4133 1022 4184 ἑαυτοῦ
1039 4135 1075 4202 τῷ
1094 4131 1144 4202 θεῷ
1162 4133 1204 4184 καὶ
1215 4130 1302 4198 πατρί·
1321 4129 1361 4184 διὸ
1378 4130 1419 4183 καὶ
1429 4126 1524 4198 ἔλεγεν

325 4194 356 4250 '0
368 4197 497 4254 πιστεῦον
515 4199 551 4255 εἷς
568 4200 611 4268 ε’μὲ
630 4201 660 4254 οὐ
677 4199 793 4254 πιστεύει
811 4201 847 4256 εἶς
863 4201 907 4269 ε’μεΙ
926 4199 985 4254 ἀλλ’
997 4201 1034 4257 εἷς
1051 4203 1096 4255 τόν
1113 4201 1253 4271 πέμψαντά
1269 4221 1311 4267 με,
1325 4201 1364 4252 καὶ
1380 4200 1460 4253 πόλιν
1471 4206 1522 4252 Πι-

327 4267 431 4322 στεύετε
443 4270 535 4326 εἶςτόν
547 4271 621 4333 θεὸν,
634 4271 676 4324 καὶ
693 4270 729 4326 εἷς
747 4270 946 4338 ε’μὲπιστεόετε.
971 4271 1069 4325 οὐκοῦν·
1092 4275 1212 4341 σαφηνιῶ
1230 4272 1264 4341 γὸ
1299 4271 1334 4326 ὣς
1346 4271 1383 4324 ἔνι
1396 4272 1442 4322 τοῦ
1455 4290 1522 4338 προ·

327 4337 441 4404 κειμένου
453 4340 499 4406 τὴν
511 4339 614 4408 δύναμιν
625 4343 677 4410 βρο
697 4340 713 4394 ῦ
724 4341 892 4410 παραλλάξας
903 4343 933 4395 τό
945 4341 1085 4410 εἰρημένον·
1104 4344 1118 4395 ό
1130 4341 1158 4395 έν
1171 4341 1228 4412 (15)
1244 4293 1281 4395 H:
1378 4353 1420 4406 15.
1438 4339 1468 4392 έα

327 4411 518 4463 καταλλάσσων
529 4409 634 4465 inverso
645 4364 738 4464 οτίίὶῐιθ
753 4409 789 4463 Η.
876 4413 915 4465 16.
935 4412 969 4468 ὣς
980 4413 1047 4481 ἔφην
1059 4429 1113 4466 0111.
1128 4411 1164 4467 H.
1250 4423 1291 4481 17.
1308 4361 1523 4480 εἷρηνεῦομενυΗί

331 4477 371 4530 18.
389 4479 615 4547 πλημμελημάτων
629 4480 666 4534 H.
789 4496 829 4549 19.
848 4480 906 4537 θεὸς
917 4483 959 4535 καὶ
971 4499 1024 4536 om.
1039 4481 1076 4535 H.
1124 4479 1222 4553 ὀρέγει]
1235 4481 1342 4551 παρέχει
1357 4480 1393 4535 H.
1441 4482 1525 4534 πόλιν

327 4561 382 4598 0111.
397 4546 435 4601 H.
483 4545 537 4614 μετ’
551 4566 598 4616 pro
611 4549 649 4602 ἔπ’
666 4549 701 4604 H.
794 4567 836 4604 20.
849 4553 1018 4622 λέγων-σου
1031 4570 1085 4606 0111.
1101 4551 1136 4607 Η.
1227 4552 1451 4606 ηκαταλλὰττει
1467 4550 1504 4606 Η.

1509 4343 1522 4355 Α
