3280 5142
298 337 320 399 6
601 336 641 400 B.
665 335 874 401 GYRILLI
904 333 1198 400 ALEXANDR.
1351 330 1427 395 xvii.
1447 349 1498 410 24.

300 499 446 606 δωρεὰν,
471 502 491 581 6
513 499 632 582 πάντα
659 507 753 582 πᾶσι
781 499 899 585 διδούς
932 501 1142 596 πλουσίως;
1187 501 1431 600 ἐπαγωνιεῖται
1460 493 1499 573 δὲ

264 621 402 704 δούδὲν
425 623 534 725 ίμτον
552 629 603 733 τῷ
631 623 732 734 λόγῳ
760 624 802 705 τδ
821 626 864 705 δι’
884 626 993 706 αύτοῦ
1021 623 1135 706 πόλιν
1161 622 1252 726 πρδς
1280 622 1372 722 ἡμᾶς
1400 625 1497 722 είρη-

128 742 218 872 ἓξὲξ·
299 746 418 848 με’νον.
459 748 552 854 ἔχων
577 747 649 852 γάρ
675 751 713 829 ἐν
737 752 850 858 ἑαυτῷ
875 758 1062 829 λαλοῦντα
1079 746 1244 851 Χριστὸν
1264 748 1321 826 καὶ
1347 743 1410 829 τάς
1436 753 1500 824 τοῦ

131 873 199 1001 ξολ·
212 873 246 923 vi.
301 881 323 918 ‘⁶
335 870 536 970 μέλλοντος
550 879 675 958 αἰῶνος
687 873 873 972 δυνάμεις”
888 870 1200 971 ἀποκαλύπτοντα,
1213 867 1405 977 ἔφηπάλιν
1419 868 1496 948 ὡδί·
1631 969 1632 980 ¹

128 1003 246 1135 QZ
301 995 603 1097 διαναστήσονται
630 995 787 1100 μὲνγὰρ
807 1001 840 1077 οί
869 997 992 1099 νεκροί,
1011 998 1136 1102 φησὶν,
1157 994 1257 1074 ἀλλά
1279 995 1338 1072 καὶ
1366 1002 1388 1039 “
1401 992 1532 1092 ἡμεΐς5
1631 1089 1632 1114 1

203 1107 209 1128 ’
248 1107 254 1120 ’
300 1128 322 1166 “
340 1123 373 1199 οί
392 1117 518 1221 ζῶντες
536 1126 569 1201 οί
587 1119 871 1224 περιλειπόμενοι
894 1118 969 1220 ἅμα
988 1119 1060 1200 σῦν
1078 1121 1195 1203 αύτοῖς
1213 1114 1501 1221 ἁρπαγησόμεθα

298 1254 321 1292 “
338 1245 376 1324 ἐν
404 1241 572 1351 νεφίλαις
597 1252 645 1330 εἰς
669 1243 875 1346 ἀπάντησιν
893 1252 957 1325 τοῦ
978 1241 1113 1348 Κυρίου
1131 1249 1178 1328 είς
1202 1243 1303 1345 ἀέρα,
1325 1243 1384 1321 καὶ
1406 1241 1500 1348 οὕτω

298 1378 320 1416 “
338 1367 493 1450 πάντοτε
521 1368 592 1449 σῦν
622 1367 744 1478 Κυρίιρ
771 1367 963 1469 ε’σόμεθα.”
1012 1373 1214 1473 χαριεῖσθαι
1242 1367 1279 1447 δὲ
1307 1368 1366 1445 καὶ
1393 1361 1501 1447 αὐτὸς

297 1493 382 1593 ἡμῖν
400 1493 487 1573 αὐτὸ
515 1493 559 1593 δὴ
588 1502 693 1574 τοῦτο
721 1499 853 1601 σαφῶς
878 1495 898 1572 ὁ
920 1493 1052 1595 Κύριος
1077 1493 1179 1593 ἡμῶν
1196 1493 1339 1591 Ἰησοῦς
1363 1492 1496 1592 ὁΧρι·

126 1631 210 1760 ἔννους
267 1614 386 1701 οστδς
415 1615 634 1721 ἐπήγγελται
662 1617 782 1719 λε’γων
812 1628 833 1665 “
853 1617 1058 1720 Πορεύομαι
1092 1619 1150 1696 καὶ
1178 1613 1357 1713 ἑτοιμάσω
1388 1612 1501 1694 τόπον
1518 1653 1556 1694 10

171 1733 177 1747 ⁸
206 1733 212 1746 ⁹
298 1750 320 1788 “
339 1743 431 1840 ὑμῖν,
449 1741 562 1822 πόλιν
581 1741 659 1848 ἥξω
682 1744 740 1820 καὶ
764 1739 1033 1846 παραλήψομαι
1057 1743 1146 1840 ὑμᾶς
1164 1741 1239 1840 μετ’
1259 1743 1423 1838 ἐμαυτοῦ,
1441 1737 1501 1818 ἵνα

296 1875 318 1914 “
337 1864 428 1946 ὅπου
447 1869 517 1964 είμὶ
535 1864 607 1967 ε’γῶ
626 1867 685 1945 καὶ
703 1867 800 1964 ὑμεῖς
819 1867 894 1964 μετ’
915 1868 1001 1965 ἐμοῦ
1019 1863 1112 1966 ἦτε.”

344 1987 401 2069 Ἢ
427 1989 498 2093 γάρ
520 1997 683 2074 νοοῦντες
712 1991 753 2070 οὐ
781 1991 930 2098 σφόδρα
953 1995 1099 2093 πικρῶς,
1127 1987 1419 2092 ἀπεριεργότερον
1443 1991 1500 2068 ε’κ-

293 2111 490 2221 ληφόμεθα
515 2112 573 2193 διὰ
602 2112 730 2193 τούτου
759 2115 1002 2214 σημαίνεσθαι
1034 2111 1099 2198 τὰς
1127 2113 1202 2194 ἀνω
1231 2110 1354 2212 μονὰς,
1384 2111 1498 2215 ἤγουν

292 2238 349 2342 ἐφ’
382 2238 501 2341 ἑτέρας
534 2238 645 2323 ἰόντες
682 2236 828 2335 ἐννοίας,
855 2236 969 2318 τόπον
997 2235 1124 2340 ῶσπερ
1156 2235 1497 2336 ἀπονεμηθήσεσθαι
1516 2267 1553 2328 15

292 2360 456 2462 δώσομεν
479 2360 544 2442 τδν
571 2361 680 2442 αύτδν
707 2363 792 2463 ἡμῖν
819 2366 878 2441 καὶ
896 2367 1061 2470 Χριστῷ,
1081 2365 1187 2442 οἱονεὶ
1211 2360 1276 2446 τὰς
1303 2360 1348 2467 ἐξ
1374 2359 1494 2459 ὁμοιό-

295 2521 401 2586 τητος
418 2490 477 2568 καὶ
505 2489 543 2566 ε’ν
562 2487 633 2596 ’ίσῳ
652 2484 753 2596 λόγῳ
775 2484 891 2585 τιμὰς,
910 2486 1001 2566 κατά
1028 2520 1071 2589 γε
1099 2485 1140 2566 τὸ
1169 2483 1318 2591 ε’μφερές
1345 2487 1404 2566 καὶ
1433 2484 1499 2584 τὴν

123 2621 191 2738 fffl·
202 2621 239 2672 ²1¹
295 2611 460 2711 μίμησιν.
510 2611 725 2720 σύμμορφον
753 2608 826 2714 γὰρ
858 2609 1015 2709 ἐσόμεθα
1050 2614 1114 2710 τῆς
1146 2609 1256 2716 δόξης
1289 2610 1407 2706 αύτοῦ,
1440 2610 1499 2688 καὶ

123 2727 238 2804 affl.
262 2736 647 2835 δσυμβασιλεύσομεν
665 2738 773 2843 αύτῷ,
785 2733 876 2815 κατὰ
887 2733 950 2820 τάς
962 2735 1068 2837 ἁγίας
1087 2733 1242 2840 γραφάς·
1274 2737 1500 2839 ὑπισχνεῖται

122 2833 252 2936 ἔλαια.
297 2859 439 2939 δὲκαθ’
465 2857 506 2938 δν
529 2857 633 2941 αὐτὸς
663 2857 734 2938 οἶδε
761 2859 898 2960 τρόπον
920 2862 978 2938 καὶ
1003 2856 1386 2959 συνανακλιθήσεσθαι
1413 2854 1495 2956 μεθ’
1513 2888 1555 2930 20

125 2966 252 3082 ᾒλὸθιίι.
296 2983 397 3082 ἡμῶν
415 2985 453 3062 ε’ν
473 2987 517 3086 τῇ
536 2983 710 3088 βασιλείᾳ
728 2987 802 3061 τῶν
820 2982 994 3084 οὐρανῶν.

129 3096 168 3132 ²⁰⁸
348 3103 438 3186 Ὅτι
464 3104 530 3205 μέν
552 3107 614 3186 οῦν
633 3104 864 3204 συνεσόμεθα
889 3112 941 3214 τῷ
959 3110 1112 3214 Χριστῷ
1139 3108 1197 3185 καί
1225 3102 1499 3211 συμμεθίξομίν

297 3264 337 3310 τε
364 3235 427 3330 τῆς
456 3230 566 3337 δόξης
593 3231 702 3311 αὐτοῦ
729 3233 789 3310 καὶ
817 3235 879 3330 τῆς
906 3231 1099 3327 βασιλείας
1131 3227 1288 3329 ἐσόμεθα
1319 3235 1495 3326 κοινωνοὶ,

296 3356 467 3459 παρέντες
494 3361 542 3438 είς
570 3354 611 3435 τὸ
639 3354 756 3460 παρόν
774 3355 832 3435 διὰ
856 3353 1033 3437 πλειόνων
1052 3355 1101 3434 ἔτι
1120 3355 1299 3453 δεικνύειν,
1318 3357 1366 3438 ὡς
1388 3354 1494 3434 ούδα·

297 3479 408 3577 μόθεν
435 3479 655 3583 ἀμφίλογον,
674 3485 846 3583 χωρῶμεν
867 3483 923 3560 ἐπὶ
948 3478 989 3560 τὸ
1017 3479 1146 3582 ἕτερον,
1168 3483 1261 3587 φημὶ
1289 3477 1333 3578 δὴ
1359 3479 1403 3559 τό
1422 3475 1498 3558 Ἵνα
1513 3513 1553 3572 ²5

269 3601 432 3712 οθεωρῶσι
458 3601 510 3696 τίμ
530 3597 627 3709 δόξαν
646 3601 699 3696 τῖμ
717 3604 807 3706 ἐμίν.
841 3603 1025 3706 περιέσται
1048 3609 1238 3705 τοιγαροῦν
1261 3604 1303 3682 ού
1323 3601 1498 3701 βεβήλοις

297 3730 356 3807 καὶ
384 3728 620 3829 ἁμαρτωλοῖς,
643 3727 728 3805 ἀλλ’
748 3724 827 3806 οῦδὲ
844 3735 919 3811 τοῖς
936 3725 1000 3807 τὸν
1025 3732 1121 3806 θεῖον
1146 3725 1357 3829 ἀτιμάζουσι
1377 3726 1498 3824 νόμον,

297 3850 339 3932 τδ
357 3853 395 3930 ε’ν
414 3850 538 3952 ὁράσει
562 3849 730 3951 γενέσθαι
753 3853 816 3949 τῆς
835 3849 942 3956 δόξης
961 3856 1137 3953 Χριστοῦ,
1154 3848 1274 3948 μόνοις
1292 3848 1330 3929 δὲ
1352 3855 1497 3949 μᾶλλον

297 3984 371 4059 τοῖς
401 3975 515 4058 ὁσίοις
545 3978 602 4054 καὶ
633 3976 793 4075 ἀγαθοῖς.
829 3977 887 4054 καὶ
917 3983 1024 4054 τοῦτο
1054 3974 1167 4056 πάλιν
1196 3975 1376 4074 εἰσόμεθα,
1404 4008 1495 4077 προ-

130 4123 251 4174 Εωινῑ.
298 4097 415 4205 φήτου
441 4095 506 4197 μὲν
533 4100 706 4200 λε’γοντος
733 4108 754 4144 “
773 4097 940 4202 Ἀρθήτω
964 4101 984 4177 ὁ
1012 4097 1160 4197 ἀσεβὴς,
1183 4098 1241 4177 ἵνα
1268 4095 1319 4198 μὴ
1347 4098 1404 4203 ’ίδῃ
1431 4095 1497 4197 τὴν
1511 4130 1553 4186 30

132 4203 171 4240 ω’
299 4234 320 4270 “
338 4221 449 4330 δόξαν
470 4224 641 4326 Κυρίου·”
673 4226 711 4302 ἐν
730 4221 773 4302 δι’
787 4257 827 4326 γε
845 4230 918 4308 τοῖς
938 4223 1181 4325 εύαγγελικοῖς
1206 4223 1413 4324 κηρύγμασι
1432 4229 1497 4301 τοῦ

129 4352 253 4469 {Jlgfasth-
300 4352 466 4450 Σωτῆρος
497 4353 660 4448 Χριστοῦ
694 4357 714 4394 “
736 4347 919 4451 Μακάριοι
948 4351 981 4427 οἱ
1014 4349 1164 4449 καθαροὶ
1195 4351 1240 4452 τῇ
1272 4347 1409 4452 καρδίᾳ,
1441 4345 1496 4426 ὅτι

1631 4247 1632 4292 λ

1631 4313 1632 4374 λ

826 4592 852 4644 3.
872 4577 924 4645 ἔχω
939 4573 970 4629 E.
