3284 5130
304 327 366 390 108
606 326 645 390 Β.
670 325 882 391 CYRILLI
912 322 1202 389 ALEXANDR.
1357 343 1410 384 xx.
1428 341 1501 406 1-9.

136 571 214 650 Κεφ.
231 564 267 631 κ’.
304 560 353 653 Τῇ
386 561 422 627 δὲ
453 565 511 653 μιᾷ
542 559 609 627 τῶν
640 561 812 641 σαββάτων
838 560 951 650 Μαρία
979 562 999 627 ιί
1028 558 1232 634 Ματδαλυνιί
1258 558 1386 650 ἔρχεται
1413 553 1505 648 ιιρωί

357 683 487 752 σκοτίας
523 684 572 751 ἔτι
606 685 705 751 οόσιιε
741 682 788 750 εἰς
819 684 856 754 τό
892 681 1059 765 μνιιμεῖον,
1092 685 1146 750 καί
1181 683 1292 762 βλέπει
1323 685 1379 751 τόν
1411 683 1503 752 λίθον

357 809 496 899 ιίρμὲνον
532 810 570 875 ἑκ
613 813 671 875 τοίι
711 808 878 887 μνιιμείου.
931 813 1037 898 τρέχει
1072 805 1129 875 οὖν
1167 810 1220 875 καί
1254 809 1385 898 ἔρχεται
1419 808 1503 899 πρός

356 934 490 1011 Σίμωνα
521 935 646 1025 Πὲτρον
678 935 732 1001 καί
763 933 846 1025 πρός
876 935 932 1002 τὸν
964 936 1067 1001 άλλον
1098 934 1247 1013 μαθυτιίν
1279 935 1317 1005 όν
1347 933 1457 1022 ἐφίλει
1485 936 1504 1000 ό

350 1059 486 1142 Ἰησοῦς,
513 1059 566 1125 καί
594 1061 681 1135 λὲτει
708 1055 943 1150 αιἰτοῖοἨραν
970 1061 1026 1128 τόν
1047 1060 1161 1149 Κύριον
1188 1061 1226 1126 ὲκ
1251 1064 1309 1126 τοῦ
1336 1057 1539 1142 μνιιμείου,5
1637 1051 1638 1070 ’

358 1187 412 1251 καί
437 1185 496 1251 οὐκ
527 1181 662 1263 οίδαμεν
689 1191 752 1251 ποῦ
783 1185 904 1252 ἓθυιιαν
931 1185 1040 1254 αὐτόν·
1084 1187 1219 1255 ἑξθλθεν
1250 1181 1307 1251 οὖν
1334 1187 1353 1253 ὀ
1378 1186 1504 1275 Πότροε

357 1309 411 1376 καί
438 1311 456 1378 ὁ
481 1310 582 1376 άλλοε
603 1310 761 1392 μαθιιτιίο,
784 1310 838 1375 καί
864 1311 1002 1400 ιίρχοντο
1029 1309 1076 1379 εῖο
1103 1311 1140 1379 τό
1166 1306 1334 1388 μνιιιιεῖον·
1371 1311 1504 1400 ἔτρεχον

357 1435 394 1502 δὲ
419 1433 449 1500 οῖ
473 1436 533 1502 δύο
559 1439 651 1518 ὀμοῡ,
679 1437 732 1501 καί
759 1437 777 1504 ό
805 1435 907 1502 άλλοε
934 1435 1082 1514 μαθιιτιίε
1104 1436 1292 1526 προέδραμε
1314 1438 1424 1523 τάχιον
1445 1441 1504 1503 τοῦ

358 1562 483 1651 Πέτρου
516 1561 570 1627 καί
600 1558 680 1627 ιῖλθε
712 1558 844 1650 πρῶτος
874 1558 921 1626 είε
950 1561 988 1631 τό
1019 1557 1187 1644 μνιιμεῖον,
1219 1563 1273 1628 καί
1306 1563 1506 1652 παρακύψας

358 1687 472 1767 βλέπει
502 1685 632 1763 κείμενα
665 1685 705 1751 τά
736 1685 860 1766 ὀθόνια,
887 1686 926 1752 οὐ
954 1686 1066 1764 μέντοι
1094 1683 1255 1759 είσθλθεν.
1294 1688 1423 1777 ἔρχεται
1449 1682 1506 1754 οὗν
1523 1708 1563 1752 ιο

359 1811 471 1889 Σίμων
490 1811 615 1900 Πέτροε
636 1811 828 1876 άκολουθῶν
847 1813 946 1899 αὐτῷ,
966 1811 1019 1878 καί
1044 1809 1192 1880 είσίίλθεν
1210 1810 1257 1878 είο
1278 1813 1317 1880 τό
1338 1807 1508 1895 μνιιμεῖον,

359 1939 415 2003 καὶ
446 1933 564 2026 θεωρεῖ
593 1936 633 2002 τά
661 1936 775 2002 ὀθόνια
808 1937 950 2016 κείμενα,
981 1939 1034 2004 καί
1063 1938 1102 2007 τό
1134 1939 1307 2029 σουδάριον
1336 1939 1354 2007 ὀ
1383 1934 1422 2004 ιἰν
1451 1940 1509 2006 ὲιιί

360 2071 417 2129 τθο
436 2065 585 2151 κεφαλάς
605 2063 704 2128 αὐτοῦ
723 2062 761 2128 οὐ
780 2062 861 2140 μετά
881 2064 948 2129 τῶν
966 2063 1106 2131 ὀθονίων
1126 2064 1284 2146 κείμενον,
1302 2065 1387 2132 άλλά
1407 2066 1510 2157 χωρία

359 2189 623 2264 ἐντετυλιτμένον
646 2184 693 2253 εἰσ
715 2189 773 2254 ἕνα
797 2189 911 2259 τόπον.
945 2189 1021 2256 τότε
1045 2185 1101 2256 αιἰν
1129 2186 1258 2257 είσθλθε
1286 2189 1340 2255 καί
1361 2191 1379 2258 ό
1404 2191 1510 2258 άλλοα
1637 2183 1638 2224 ί

360 2313 508 2391 μαθιιτιίσ
535 2313 554 2380 ὀ
579 2312 686 2381 ἐλθὼν
714 2313 846 2403 πρῶτος
873 2310 921 2379 είε
947 2313 984 2380 τό
1007 2311 1173 2398 μνιιμεῖον,
1193 2316 1246 2382 καί
1269 2309 1337 2382 εἶδε
1359 2316 1414 2381 καί
1436 2314 1510 2384 ἑιιί-
1525 2329 1565 2392 15

360 2461 500 2505 στευσεν·
538 2439 672 2509 οὐδέπω
698 2440 758 2530 τάρ
786 2438 918 2531 ᾔδεισαν
945 2439 1004 2506 τιίν
1031 2442 1168 2531 τροφιίν,
1190 2443 1241 2510 ότι
1267 2439 1317 2509 δεῖ
1343 2441 1442 2510 αότόν
1470 2443 1508 2509 ὲκ

361 2565 487 2656 νεκρῶν
514 2565 707 2637 άναστιῖναι.

368 2740 450 2819 Οὐκ
481 2737 528 2819 ἂν
563 2736 798 2843 ἐκαρτέρησεν
827 2737 916 2817 σ’ίκοι
953 2739 1070 2837 με’νειν
1102 2741 1124 2840 ἦ
1153 2740 1419 2843 σπονδαιοτάτη
1450 2745 1511 2823 καὶ

312 2862 481 2972 φιλόθεος
513 2866 603 2963 αὕτη
632 2860 734 2965 γυνὴ,
763 2861 835 2940 οὐδ’
862 2859 907 2941 άν
936 2864 1137 2969 άπελείφθη
1168 2873 1233 2945 τοῦ
1261 2865 1456 2966 μνήματος,
1479 2873 1511 2947 εἰ

311 2985 363 3088 μὴ
386 2985 451 3066 τόν
478 2989 534 3067 ε’πὶ
559 2992 610 3095 τῷ
640 2983 822 3094 σαββάτῳ
848 2987 1094 3067 καταδείσασα
1120 2987 1239 3088 νόμον,
1260 2991 1318 3069 καί
1342 2988 1408 3090 τὴν
1436 2998 1511 3075 τοῖς
1526 3030 1568 3072 ιο

312 3111 599 3213 παραβαίνουσιν
616 3113 879 3214 ε’παρτηθεῖσαν
897 3111 1008 3209 δίκην,
1026 3109 1069 3190 τὸ
1093 3116 1157 3212 τῆς
1181 3117 1230 3198 είς
1248 3121 1352 3208 τοῦτο
1370 3120 1509 3217 προθυ-

312 3236 396 3334 μίας
413 3234 598 3341 παρέκυψε
616 3233 759 3344 θερμὸν,
779 3235 837 3313 καί
859 3240 932 3319 τοῖς
961 3237 1121 3339 άρχαιόις
1145 3237 1263 3316 ἔθεσιν
1281 3239 1513 3338 άπονέρωνσα

283 3356 356 3439 ατό
375 3358 426 3438 ἔτι
444 3366 595 3462 κρατεῖν,
606 3365 680 3439 τῶν
699 3357 752 3438 ότι
771 3356 937 3456 μάλιστα
953 3359 1185 3457 ποθουμένων
1203 3365 1261 3441 καί
1275 3364 1342 3468 οὐχ
1359 3363 1514 3444 ε’κοῦσαν

314 3482 485 3590 ἐξείργειν
510 3479 599 3590 ᾤετο
625 3487 697 3562 δεῖν
721 3479 787 3582 τὴν
810 3482 934 3583 ἑαιπῆς
959 3483 1126 3564 διάνοιαν.
1167 3484 1350 3589 οἰχομένου
1378 3485 1416 3568 δὲ
1444 3487 1513 3588 ἤδη
1637 3479 1638 3498 ¹

314 3614 380 3688 τοῦ
403 3605 607 3705 σαββάτου,
627 3610 684 3686 καί
705 3606 786 3710 άρτι
814 3611 877 3704 τῆς
905 3606 1060 3706 γείτονος
1085 3609 1354 3711 ἀνατελλούσης
1373 3608 1513 3713 ἡμέρας,
1528 3635 1567 3697 ²5

315 3728 437 3837 δρόμῳ
459 3729 595 3830 με’τεισι
622 3730 685 3811 τόν
703 3729 826 3811 τόπον·
866 3726 941 3811 εἶτα
965 3737 1038 3809 τῶν
1056 3735 1112 3811 τιό
1137 3735 1293 3837 μνημείου
1320 3734 1515 3834 στομάτων

313 3855 610 3954 ε’κκεκυλισμένον
657 3858 786 3936 ίόοιῖσα
831 3859 884 3936 τόν
926 3851 1021 3952 λίθον,
1058 3859 1106 3940 είς
1148 3856 1319 3958 εὐλόγους
1355 3858 1516 3964 ὑποψίας

316 3979 591 4086 συναρπάζεται,
606 3983 664 4062 καί
683 3978 747 4061 τόν
765 3979 1002 4079 ἀτελεύτητον
1020 3985 1092 4058 τοῖν
1110 3977 1291 4061 Ἰουδαίων
1308 3980 1516 4081 ἐννοήσασα

317 4105 465 4214 φθόνον,
496 4104 796 4206 μετακεκομίσθαι
828 4103 957 4207 νομίζει
988 4100 1051 4182 τόν
1079 4102 1235 4201 Ἰησοῦν,
1268 4111 1344 4188 ταῖς
1376 4105 1518 4185 ἐκείνων

316 4233 500 4314 ἀπουσίαις
518 4233 577 4311 καί
598 4239 704 4311 τοῦτο
729 4227 819 4328 μετὰ
843 4235 916 4308 τῶν
936 4226 1062 4306 άλλων
1081 4225 1333 4335 ἐπιγράφουσα
1356 4225 1398 4308 τὸ
1421 4233 1514 4309 δυσ·
1531 4257 1574 4315 30

356 4501 379 4541 1.
396 4484 541 4556 μαγδαλινὴ
554 4485 585 4540 E.
697 4502 738 4556 19.
756 4483 883 4556 φιλόθεος
895 4481 928 4538 Ε.
940 4483 1095 4554 φιλόσοφος
1108 4480 1159 4538 Ed.
1212 4482 1469 4554 ὀνειειυοριιιιοειι
1483 4481 1515 4538 E.

319 4569 363 4628 25.
382 4554 559 4624 άνστελοιῖσηι
570 4554 642 4611 Αιιδ.
