3268 5130
142 348 197 412 vii.
212 366 262 429 24,
276 362 326 434 25,
339 349 406 412 viii.
423 369 449 413 ς.
495 347 548 412 IN
574 345 832 413 EPISTOLAM
858 346 921 411 AD
949 345 1183 410 ROMANOS.
1271 343 1372 508 209[
1427 441 1488 506 Μ]

1385 457 1415 504 ι,
1457 479 1464 492 .

139 562 361 653 Ταλσίτιωροε
382 564 448 639 ἐτὼ
468 563 651 653 ἄνθρωπος·
688 563 736 631 ric
753 588 794 642 με
817 565 949 654 ῥύσεται
973 564 1010 629 ὲκ
1028 568 1085 629 τοῦ
1104 561 1256 639 σώματος
1274 565 1331 629 τοῦ
1347 582 1384 636 24

191 691 332 754 θανάτου
358 690 495 772 τούτους
522 689 703 779 εύχαριοτάι
729 693 778 776 τῷ
801 689 876 774 Θεῷ
903 688 957 755 διὰ
980 689 1087 755 Ἰιισοῦ
1112 690 1248 777 Χριστοῦ
1275 691 1332 752 τοῦ
1348 702 1385 762 ι5

193 813 308 902 Κυρίου
327 815 429 892 ιίμών.

195 984 294 1070 Τέως
314 986 352 1067 δὲ
370 984 572 1092 σχετλιάζει
590 989 648 1066 καὶ
667 986 874 1090 κατακράζει
889 990 951 1085 τῆς
969 985 1117 1090 σαρκός·
1148 988 1332 1085 καὶσῶμα

100 1108 304 1206 5θανάτου,
323 1109 366 1190 τὸ
390 1109 463 1190 ἀπὸ
484 1115 551 1212 γῆς
574 1113 632 1190 καὶ
650 1109 848 1217 φιλήδονον
874 1117 980 1189 καλεῖ
1002 1111 1061 1190 διά
1083 1109 1125 1190 τὸ
1152 1115 1272 1189 νοσεῖν
1293 1110 1331 1188 έν

137 1234 235 1339 αύτῷ
262 1237 326 1334 τῆς
353 1235 527 1337 ἁμαρτίας
553 1233 617 1312 τὸν
645 1231 764 1333 νόμον·
803 1230 916 1334 ζητεῖν
943 1231 982 1312 δέ
1009 1233 1105 1335 λέγει
1130 1230 1193 1312 τάν
1221 1230 1327 1312 δυνά-

136 1389 245 1453 μενον
271 1355 532 1437 τῶντοιούτων
560 1355 773 1462 ἀπαλλάξω
801 1362 930 1452 κακῶν,
958 1359 1018 1434 καί
1044 1356 1087 1435 ἵν’
1118 1355 1330 1463 εύαφύρμως

137 1478 223 1576 ἡμῖν
255 1477 433 1585 εἰσαγάγῃ
470 1477 535 1560 τὸν
567 1477 764 1581 λυτρωτὴν,
796 1479 972 1573 τουτέστι,
1004 1478 1179 1581 Χριστὸν,
1209 1473 1238 1584 ᾦ
1271 1481 1330 1557 καὶ

136 1597 204 1698 τῆν
221 1608 347 1681 πᾶσαν
369 1604 543 1704 ὁμολογεῖ
562 1600 679 1706 χάριν·
710 1603 752 1680 δι’
774 1602 882 1680 αὐτοῦ
908 1599 981 1702 γάρ
1004 1600 1270 1702 λελυτριύμεθα,
1287 1601 1330 1679 ού

79 1763 123 1804 10
135 1725 201 1822 τῆς
223 1724 370 1826 σαρκὸς,
388 1724 488 1805 ἀλλά
505 1733 570 1805 τοῦ
587 1721 743 1804 θανάτου
770 1729 834 1824 τῆς
855 1720 1003 1826 σαρκός·
1034 1724 1098 1802 οῦκ
1123 1721 1324 1802 ἀποθάνον-

134 1879 205 1943 τες,
228 1844 329 1926 ἀλλά
345 1856 409 1928 τοῦ
427 1849 465 1927 ἐν
482 1855 556 1931 τοῖς
580 1847 709 1947 μέλεσι
735 1843 902 1943 θανάτου,
926 1845 1090 1926 τουτέστι
1110 1849 1175 1945 τῆς
1198 1847 1236 1925 έν
1254 1853 1327 1929 τοῖς

134 1965 287 2066 μέλεσιν
304 1971 431 2071 ἀγρίας
449 1972 588 2071 ἡδονῆς,
606 1969 906 2072 ἐλευθερωθέντες.
950 1968 1125 2070 κρείττους
1145 1967 1215 2071 γάρ
1234 1969 1326 2068 ἡμᾶς

134 2092 317 2199 ἀπέφηνεν
333 2095 353 2174 ὁ
372 2093 534 2197 Χριστὸς
552 2094 679 2193 ἡδονῆς
700 2095 758 2172 καί
776 2091 962 2196 ἁμαρτίας.

129 2351 211 2440 Ἀρο
231 2349 287 2417 οῦν
306 2351 405 2421 αύτός
427 2352 494 2428 ἐτὼ
512 2353 560 2438 τῷ
578 2353 637 2428 μὲν
656 2345 706 2419 νοῒ
728 2351 875 2417 δουλεύω
895 2351 985 2436 νόμῳ
1003 2349 1098 2431 Θεοῦ,
1116 2354 1155 2438 τῇ
1176 2349 1212 2416 δὲ
1231 2351 1326 2440 σαρκί

76 2499 117 2560 15
186 2479 277 2562 νόμῳ
306 2477 478 2567 ἁμαρτίας.
523 2475 619 2543 οὐδὲν
648 2477 713 2566 ἀρα
740 2480 795 2543 νῦν
824 2476 1005 2564 κατάκριμα
1035 2470 1103 2540 τοῖο
1135 2475 1169 2539 ἐν
1198 2477 1325 2565 Χριστῷ
1340 2477 1416 2555 Κεφ.
1433 2473 1470 2554 η’.

179 2601 298 2682 Ἰασοῦ,
316 2603 359 2679 μιί
380 2602 462 2668 κατὰ
480 2603 586 2691 σάρκα
604 2606 835 2690 περιπατοῦσιν
855 2600 940 2664 ἀλλὰ
960 2599 1042 2665 κατὰ
1060 2603 1200 2674 πνεῦμα.

189 2771 341 2876 Μακρδς
357 2771 422 2871 μέν
440 2774 536 2880 αύτῷ
552 2770 774 2870 ἐκπεποίηται
794 2767 920 2873 λύγος,
937 2770 1167 2874 βασανίᾷιντι
1182 2777 1323 2856 λεπτοῖς

135 2895 154 2924 ”
804 2894 941 3001 ονεξίας
968 2891 1050 2978 τούς
1077 2891 1242 2996 τρόπους,
1262 2895 1324 2981 οῦς

131 3019 315 3117 ὑπομένειν
343 3020 421 3104 έθος
448 3019 514 3120 τῆν
541 3017 731 3120 ἀνθροίπου
758 3017 924 3114 διοίνοιαν,
947 3014 1205 3124 ἀντεξάγοντος
1233 3021 1324 3125 αύτῆ

72 3174 116 3242 ηρ
130 3150 194 3220 τοῦ
212 3153 332 3223 κακοῦ·
365 3141 598 3248 διισχυρίζετο
623 3140 661 3220 δέ
688 3145 736 3225 ὡς
763 3139 946 3244 ἀσχάλλει
973 3137 1040 3238 μέν
1067 3140 1143 3220 ἔσθ
1165 3140 1223 3219 ὅτε
1251 3148 1324 3222 τοῖν

129 3264 392 3367 ἐπιεικεστέρων
409 3267 429 3344 ὁ
448 3275 529 3349 νοῦς
549 3272 623 3348 τοῖς
648 3267 711 3362 τῆς
730 3261 866 3365 σαρκὸς
883 3260 1017 3342 πάθεσι
1035 3261 1322 3364 τυραννούμενος,

128 3385 230 3465 ἀλύει
257 3386 296 3466 δέ
325 3389 472 3492 σφόδρα
498 3392 556 3467 καὶ
585 3389 748 3467 ἀσθενῶν
767 3384 985 3490 αἰσχύνεται·
1025 3383 1068 3465 τὸ
1096 3383 1208 3486 γεμὴν
1227 3388 1318 3466 ἀπο·

128 3507 376 3612 φορτίσασθαι
403 3509 469 3609 τῆν
495 3508 700 3609 ἀβούλητον
718 3511 893 3611 ἁμαρτίαν
921 3509 1119 3607 οὐδαμόθεν
1146 3508 1227 3611 ἔχει,
1246 3513 1319 3588 δει-

127 3636 197 3714 νοῖς
221 3632 531 3732 κατεμπιπτούσης
554 3635 618 3730 τῆς
641 3633 777 3730 ἡδονῆς.
805 3629 972 3735 ταύτητοι
994 3635 1052 3710 καὶ
1068 3633 1216 3710 ἀσθενεῖ
1229 3630 1321 3732 πρὸς

71 3787 112 3846 25
127 3753 354 3850 ἀντίστασιν,
372 3753 474 3834 οὐδέν
491 3752 533 3833 τὸ
551 3754 723 3857 παράπαν
742 3751 800 3833 διά
817 3788 860 3853 γε
878 3761 943 3834 τοῦ
965 3749 1076 3851 νόμου
1101 3749 1192 3855 πρὸς
1216 3760 1322 3832 τοῦτο

127 3873 428 4026 ε’πικουροιίμενος.
459 3874 622 3976 ἀληθεύει
650 3876 694 3974 δὴ
719 3876 782 3956 οῦν
800 3878 820 3955 ὁ
838 3875 1029 3958 θεσπέσιος
1050 3879 1197 3958 Παῦλος
1220 3879 1249 3952 εί
1274 3883 1321 3983 τῷ

125 3995 187 4104 μέν
216 4035 257 4080 ιιι
244 3994 521 4081 δουλεύειν
471 4034 523 4153 περ
552 3999 633 4107 θείω
663 3997 988 4154 διισχρρίσαιτο
957 4031 1053 4104 νιμιρ,
1082 4032 1120 4104 τη
1105 3991 1187 4076 δὲ
1217 4030 1319 4098 σαρκι

127 4123 215 4229 νίμῳ
242 4125 431 4231 ἁμαρτίας·
465 4126 522 4203 καί
543 4131 650 4203 τοῦτο
673 4117 773 4217 οἶμαί
792 4122 891 4199 ε’στιν
919 4153 1007 4220 οπερ
1036 4119 1107 4225 ἔφη
1135 4128 1157 4166 “
1170 4116 1226 4198 Τὸ
1248 4151 1319 4220 γαρ
1330 4141 1411 4209 Supra
1420 4163 1470 4197 vor

125 4253 147 4290 “
166 4245 283 4323 θέλειν
300 4245 511 4349 παράκειταί
532 4279 604 4344 μοι,
622 4277 664 4324 το
686 4241 1084 4347 δὲκατεργάζεσθαι
1048 4275 1090 4321 το
1109 4239 1287 4321 καλὸν
1240 4242 1317 4320 ου.”

163 4493 186 4532 ι.
205 4476 332 4532 Scholion
345 4478 396 4534 hoc
408 4489 576 4552 assumptum
589 4480 669 4535 οκΑ.
682 4480 764 4550 p.89.
935 4491 975 4550 15.
995 4479 1110 4534 Versum
1123 4477 1195 4533 hunc
1207 4479 1319 4534 ονύιν-

124 4551 223 4614 πνεῦμα
235 4550 458 4622 auumpsiexA.
569 4565 610 4621 17.
629 4547 711 4622 αύτῷ]
729 4571 764 4621 τερ
752 4548 914 4621 ’παύλιρὼ
1022 4565 1065 4621 ²3¹
1083 4549 1151 4622 ἔχει]
1165 4549 1282 4621 ἰ’σχειΑ.

169 4647 291 4696 VOMH
698 4651 718 4695 Ε
733 4653 749 4696 O
