3278 5130
292 251 359 316 334
462 250 502 316 Β.
527 247 717 313 CYRILLI
743 247 1011 313 ALEXANDR.
1038 247 1321 313 FRAGMENTA
1380 247 1428 310 iii.
1447 265 1504 310 10.

205 355 241 406 ιι.

137 355 193 424 [⁹⁰
255 353 267 422 J
292 413 446 522 ἐννόμῳ
463 413 584 512 τύπος,
602 411 649 494 τά
671 417 719 498 ὡς
744 415 782 493 έν
800 421 919 499 σκιαῖς
937 413 988 494 ἔτι
1012 413 1257 516 πληρούμενα·
1287 413 1424 516 πνεῦμα
1444 407 1501 499 δέ,

293 543 358 638 τῆς
384 542 422 618 ἐν
440 539 593 644 Χριστῷ
621 539 788 640 λατρείας
816 539 839 636 ἡ
866 536 1024 634 δύναμις,
1042 534 1301 636 πνευματικούς
1328 535 1498 639 ἀποφαί·

295 695 411 740 νουσα
437 658 520 744 τοὺς
547 657 766 759 προσιόντας
794 661 885 766 αὐτῇ
912 657 971 740 διά
998 665 1062 760 τῆς
1088 659 1258 744 πίστεως·
1295 657 1373 764 ὅσῳ
1393 658 1429 734 δ’
1450 653 1502 734 ἂν

295 783 412 882 ἥττων
440 786 504 881 τῆς
533 784 703 881 ἀληθείας
736 783 756 861 ὁ
789 781 910 880 τύπος,
942 791 1119 862 τοσοῦτον
1150 779 1248 878 οἶμαι
1277 779 1430 860 κατόπιν
1464 782 1501 857 οἱ
1606 809 1607 814 ’

295 911 539 988 διακονοῦντες
566 901 674 984 αὐτόν
701 911 773 984 τῶν
794 905 1072 1007 ἱερουργούντων
1099 903 1166 1004 τὴν
1184 903 1368 1004 ἀλήθειαν·
1402 903 1536 1004 ραν-5

128 1063 285 1124 nobam.
296 1029 379 1132 τίζει
389 1027 459 1132 γάρ
471 1029 561 1128 ἡμᾶς
572 1026 734 1130 Χριστὸς
745 1028 868 1126 αἵματι
879 1034 930 1135 τῷ
942 1029 1029 1137 ίδίιρ,
1040 1029 1099 1107 καὶ
1113 1029 1154 1107 ού
1166 1025 1258 1129 πρὸς
1270 1024 1385 1126 μόνην
1395 1035 1418 1071 “
1428 1022 1500 1123 τὴν

297 1163 318 1200 “
337 1156 400 1250 τῆς
418 1152 555 1256 σαρκὸς
579 1149 836 1253 καθαρότητα,”
863 1151 1024 1254 καθάπερ
1046 1151 1168 1248 ἀμέλει
1188 1153 1248 1230 καὶ
1265 1148 1312 1230 τά
1328 1153 1365 1229 ε’ν
1384 1148 1498 1256 νόμῳ,

128 1297 169 1349 lb.
181 1311 219 1362 ιι
297 1275 473 1378 καθαρίζει
497 1273 536 1353 δέ
554 1279 699 1372 μᾶλλον
717 1277 776 1353 καὶ
799 1283 821 1320 “
835 1273 902 1373 τὴν
920 1276 1128 1373 συνείδησιν
1143 1274 1245 1373 ἡμῶν
1262 1271 1335 1352 ἀπὸ
1360 1277 1499 1373 νεκρῶν

297 1409 319 1446 “
337 1399 482 1501 ἕργων,”
510 1401 568 1477 καὶ
590 1396 759 1502 ἐξίστησι
779 1397 1100 1497 πλημμελήματος·
1133 1397 1311 1502 χαρίζεται
1339 1394 1377 1476 δέ
1402 1393 1498 1496 πρὸς

183 1555 223 1609 91
237 1552 285 1609 Μ.
297 1523 411 1628 τούτῳ
443 1523 502 1599 καὶ
539 1517 628 1620 ζωῆς
665 1519 806 1600 ἐλπίδα·
850 1523 909 1600 καὶ
938 1519 1010 1624 γάρ
1045 1522 1147 1600 ε’στιν
1181 1518 1314 1620 ἀληθές
1351 1522 1399 1603 ὡς
1432 1529 1454 1564 “
1476 1521 1555 1597 ὁιο

129 1629 319 1756 ξἠζῐοωϋίθ
336 1643 516 1724 πιστεύων
546 1647 595 1726 είς
626 1639 691 1722 τόν
715 1640 805 1722 Υίδν
835 1642 907 1748 ἔχει
933 1643 1025 1746 ζωὴν
1057 1643 1233 1723 αίιύνιον·”
1275 1642 1498 1744 ἐπήγγελται

297 1767 368 1872 γάρ
395 1769 453 1846 καὶ
481 1766 598 1844 αύτῶν
621 1771 693 1844 τῶν
720 1766 901 1865 σωμάτων
927 1764 994 1865 τὴν
1022 1766 1226 1846 ἀνάστασιν
1254 1771 1313 1846 καὶ
1340 1766 1495 1872 ἀναφαί-

298 1888 487 1992 τησινιτὴν
506 1893 556 1971 είς
572 1889 783 1995 ἀφθαρσίαν
801 1892 859 1970 καί
879 1894 928 1972 είς
944 1889 1152 1993 μακραίωνα
1170 1891 1263 1984 βίον.

251 2148 359 2215 ισΚαί
386 2149 446 2240 τὰρ
468 2149 544 2216 οὐδὲ
572 2148 765 2218 δεδόξασται
790 2149 828 2217 τό
856 2149 1095 2225 δεδοξασμένον
1121 2149 1158 2214 ἐν
1184 2149 1292 2232 τούτῳ
1317 2150 1366 2234 τῷ
1392 2147 1497 2237 μέρει,

579 2275 703 2340 εἵνεκεν
729 2283 787 2341 τῆς
814 2275 1080 2364 ὑπερβαλλούσας
1107 2273 1216 2342 δόξαι.
1516 2295 1553 2352 15

353 2444 546 2552 Ἀναφέρει
569 2443 682 2526 πάλιν
700 2447 757 2526 ε’πί
777 2443 818 2524 τὸ
837 2445 1063 2548 άσυγκρίτως
1086 2445 1299 2545 ύπερτεροῦν
1317 2447 1381 2542 τῆς
1399 2443 1497 2525 θείας

300 2572 510 2668 ἀποστολῆς
542 2566 584 2649 τό
616 2568 759 2675 ἀξίωμα
790 2570 847 2649 καί
882 2573 954 2647 τῶν
984 2570 1170 2647 διακονιῶν
1201 2564 1268 2664 τὴν
1299 2565 1498 2667 σύγκρισιν

300 2690 540 2791 ποιησάμενος
559 2695 616 2771 καί
634 2693 676 2771 τὸ
696 2690 860 2793 ἑκατέρας
878 2690 967 2770 ’ίδιον
985 2691 1023 2769 εὖ
1040 2688 1143 2786 μάλα
1166 2687 1395 2792 παρενεγκὼν
1413 2691 1492 2766 δια·

302 2814 526 2920 φανεστέραν
551 2815 739 2920 ἀποφαίνει
764 2813 830 2914 τὴν
852 2817 890 2894 ἐν
908 2819 1061 2920 Χριστῷ
1078 2813 1137 2892 διὰ
1154 2810 1368 2908 πνεύματος.
1398 2811 1496 2889 καὶὸ

301 2936 366 3036 μέν
384 2941 447 3035 τῆς
466 2936 598 3021 ἐννοίας
616 2938 712 3044 αύτῷ
731 2935 789 3016 διὰ
807 2936 943 3016 τούτων
961 2936 1100 3040 ἔρχεται
1118 2933 1268 3031 σκότος,
1285 2933 1496 3038 πέφρασται
1513 2967 1551 3007 ιο

301 3059 414 3160 γεμην
431 3060 473 3138 ού
499 3057 646 3166 σφόδρα
673 3065 804 3167 σαφῶς
823 3060 864 3139 τὸ
881 3060 1002 3163 ῥητόν·
1038 3058 1147 3138 έοικεν
1165 3056 1237 3160 γάρ
1257 3054 1348 3138 εἶναί
1360 3091 1436 3140 πως
1454 3057 1496 3135 ού

301 3181 385 3260 λίαν
408 3179 624 3262 εὐκάτοπτον
646 3184 726 3262 οὔτε
753 3182 825 3282 μὴν
850 3189 923 3267 τοῖς
950 3182 1136 3262 ἐθέλουσιν
1164 3183 1305 3279 ἕτοιμον
1334 3186 1430 3262 ἰδεῖν.
1461 3178 1500 3258 τί

301 3405 399 3474 φάνθαι
416 3413 504 3498 καινῆς
520 3407 649 3476 διαθήκης,
666 3411 698 3459 οὗ
714 3409 864 3476 γράμματος
880 3411 950 3462 άλλά
966 3411 1114 3478 πνεύματος.
1137 3405 1222 3477 λέγων
1239 3405 1268 3459 δέ
1286 3405 1398 3474 “ιισινὴν
1414 3425 1494 3458 πεπα-

303 3481 321 3506 “
333 3476 442 3530 λαίωκεν
460 3497 506 3544 την
523 3476 654 3545 πρότην,”
674 3477 716 3530 καί
736 3475 856 3545 διαθήκην
873 3478 1002 3546 ὀνομάζων
1019 3479 1106 3546 σι’πὴν,
1122 3479 1168 3530 τδν
1187 3479 1233 3530 τοῦ
1252 3479 1369 3545 Χριστοῦ
1387 3475 1495 3529 θάνατον

303 3543 482 3600 όπσινίττετσι·
500 3551 518 3577 “
525 3547 631 3615 διαθήκη
640 3545 691 3618 γάρ
700 3545 742 3601 ε’πί
751 3550 848 3616 νεκροῖς
855 3550 975 3612 βεβαία”
987 3549 1067 3602 καλτδ
1076 3545 1224 3614 αίμασίσσῧ
1233 3545 1296 3615 ὅπερ
1306 3543 1494 3616 [legendumne

303 3614 425 3740 ὦσπερδ]
444 3617 633 3685 ύπερσκοντίζει
650 3619 680 3670 τδ
698 3623 748 3671 τῶν
763 3618 865 3688 τράγων
875 3615 946 3688 αἷμα,
958 3620 989 3674 οὗ
1006 3621 1085 3688 μόνον
1102 3617 1130 3672 δέ
1148 3615 1254 3672 τούτους
1270 3615 1392 3680 βελτίους
1409 3617 1434 3668 οί
1451 3617 1494 3684 τῆς

292 3686 361 3742 ’νέας
389 3689 492 3754 ισίιονσι,
505 3687 575 3740 άλλά
587 3687 670 3741 καὶτὸ
686 3688 836 3756 ίκανωθῆναι
847 3691 917 3760 παρά
929 3693 997 3743 θεοῦ
1007 3691 1072 3759 πρὸς
1084 3687 1220 3749 διακονίαν,
1235 3687 1265 3740 οὐ
1311 3687 1427 3755 άμματος
1437 3707 1494 3740 ταν·

303 3756 377 3812 τέστι
389 3759 435 3811 τοῦ
447 3758 526 3826 νόμον
538 3755 566 3813 ός
577 3756 608 3824 ἦν
619 3756 699 3814 τύπος
710 3759 750 3812 καί
763 3759 824 3811 σκιά
836 3759 905 3813 α’λλά
916 3758 1059 3828 πνεύματος
1070 3758 1086 3811 ὅ
1097 3758 1155 3812 ε’στι
1166 3760 1212 3826 τῆς
1224 3758 1264 3824 (2)
1310 3795 1316 3810 .
1412 3772 1438 3825 3.
1451 3755 1493 3808 αίι·

303 3829 349 3896 τῆς
362 3825 400 3882 Η.
518 3846 544 3895 4.
563 3825 658 3898 ἥττων]
671 3827 739 3896 ἥττω
750 3831 780 3882 τδ
795 3827 832 3882 Η.
948 3843 974 3897 5.
993 3829 1115 3898 ἀλήθειαν
1126 3826 1183 3881 des.
1198 3825 1236 3880 Η.
1350 3825 1377 3879 8.
1396 3824 1494 3879 Iterum

304 3897 356 3952 inc.
373 3896 507 3967 Καθορίζει
522 3898 573 3968 γάρ
585 3901 600 3952 δ
612 3901 689 3967 νόμος
701 3904 752 3953 τῶν
765 3898 908 3954 πταιόντων
919 3901 1028 3954 θάνατον
1039 3900 1081 3952 καί
1092 3902 1107 3952 δ
1118 3895 1247 3965 άθετίγσας
1259 3894 1376 3951 Μωσέως
1391 3895 1495 3963 ἐντολὴν

305 3969 322 3998 “
330 3968 373 4022 ε’πλ
384 3968 461 4022 δύσιν
472 3966 488 4036 δ
500 3969 587 4037 τρισίν
599 3970 726 4038 μάρτυσιν
737 3971 817 4041 χωρὶς
829 3970 965 4040 οίκτιρμῶν
975 3968 1160 4038 άποθνίησκει,”
1173 3970 1203 4022 τό
1215 3967 1244 4020 δέ
1254 3969 1353 4035 πνεῦμα
1364 3965 1495 4020 τουτέστιν

304 4037 319 4105 ἡ
338 4038 366 4093 έν
383 4041 488 4110 Χριστῷ
506 4038 640 4096 παίδευσις
658 4041 700 4093 καί
716 4043 747 4094 τὸ
764 4040 881 4112 ιιὴρνγμα
897 4043 927 4094 τὸ
940 4041 1106 4112 εὐαγγελικδν
1118 4039 1160 4092 καί
1174 4038 1251 4106 αὐτῆς
1268 4038 1313 4105 τῆς
1330 4035 1495 4104 πνευματικῆς
1606 4051 1607 4072 ¹

303 4109 424 4178 λατρείας
434 4108 450 4176 ἦ
461 4107 566 4178 δύναμις
577 4109 767 4164 ἀπαλλάττεται
777 4111 824 4178 μέν
836 4111 1009 4180 ἐγκλημάτων,
1021 4109 1152 4182 χαρίζεται
1165 4109 1208 4178 (ut
1219 4111 1248 4178 9)
1264 4106 1301 4160 Η.
1395 4121 1436 4159 10.
1452 4105 1493 4158 ε’λ·

304 4177 380 4300 niba}
394 4180 479 4249 pergit
491 4181 532 4233 καί
544 4181 671 4249 σωμάτων
681 4179 825 4234 ἀνάστασιν
837 4181 895 4249 (ια)
911 4179 948 4234 Η.
1201 4195 1242 4248 13·
1260 4173 1333 4244 βίον]
1346 4175 1422 4229 addit
1433 4175 1495 4230 τίνες

305 4247 351 4302 οὖν
378 4270 412 4317 ρσ
428 4250 521 4304 λοιπδν
532 4248 657 4317 ἀμείνους,
669 4251 693 4302 οί
710 4249 756 4317 τὴν
773 4253 820 4303 τοῦ
837 4250 947 4306 θανάτου
960 4249 1032 4318 δίκην
1048 4253 1103 4306 τοῖς
1119 4249 1256 4304 πταίουσιν
1273 4246 1439 4316 ἐπιφέροντες
1455 4245 1494 4298 καί

305 4319 361 4374 ταῖς
377 4319 441 4372 κατά
458 4321 536 4386 νόμον
545 4319 695 4388 άποτομίαις
709 4319 843 4410 ὑπηρετεῖν
856 4319 1013 4392 τεταγμένοι,
1025 4319 1041 4389 ἢ
1053 4323 1155 4390 μάλλον
1166 4320 1191 4372 σί
1203 4320 1268 4386 ζωῆς
1279 4316 1385 4385 κήρυκες
1396 4317 1436 4369 καί
1452 4317 1494 4382 τῆς

305 4386 402 4442 άνιοθεν
417 4387 571 4456 ἡμερότητος
588 4393 642 4444 τοῖς
658 4388 718 4460 παρ’
735 4393 819 4445 αυτῶν
834 4390 1092 4463 μυστογογονμένοις
1106 4391 1280 4446 διακονοῦντες
1293 4390 1340 4457 τὴν
1353 4387 1439 4457 χάριν.
1458 4383 1492 4440 Η.

309 4473 350 4523 ι4.
370 4454 431 4511 Ηοο
444 4457 564 4512 scholion
576 4458 653 4514 nobis
666 4459 817 4530 suppeditat
831 4461 868 4516 H.
