3268 5130
299 347 364 410 ιιι
424 317 469 406 ο.
489 341 677 407 cuum
702 339 967 406 Αωυκκυοιι.
995 337 1277 404 FRAGMENTA
1319 338 1362 400 11.
1373 357 1415 423 ,ο
1425 359 1496 422 sqq.

145 443 275 508 [μ’]
300 507 495 610 γεγόνασιν
512 505 629 614 ἐχθροί·
667 505 979 609 προσκεκροθκοισι
1003 502 1074 606 γὰρ
1097 501 1155 582 διὰ
1178 501 1244 602 τὴν
1262 505 1310 586 είς
1328 497 1499 602 Χριστὸν

301 630 481 725 ἀσέβειαν·
523 626 582 711 θιῖι
603 629 642 711 δέ
665 631 731 729 τὴν
749 636 822 710 τῶν
839 633 998 734 πατέρων
1017 625 1191 728 εὐγένειαν
1215 624 1249 704 οἵ
1273 623 1499 724 ἐτιμήθησαν

302 758 350 838 ὡς
371 752 466 857 ἅγιοι
485 756 542 833 καὶ
562 759 751 861 θεοφιλεῖς,
772 757 974 854 λογισθεῖεν
992 747 1037 828 ἀν
1054 745 1141 829 εἶναι
1159 750 1202 828 δι’
1222 749 1370 830 ἐκείνους
1391 753 1495 850 ἀγα-

302 882 409 970 πητοί·
442 877 537 976 ὅμως
560 873 661 985 ἐχθροὶ
685 874 879 979 γεγόνασιν
897 875 955 954 ἵνα
971 877 1056 984 τεθῇ
1079 879 1127 958 εἰς
1143 871 1402 976 παραζήλωσιν
1420 877 1500 954 τοῖς

302 999 562 1100 ἀπιστήσασιν.
1518 1017 1538 1078 5

172 1264 211 1321 30
225 1266 287 1324 sqq.
371 1235 503 1324 Ὠσπερ
529 1235 590 1324 τὰρ
618 1237 671 1300 καί
698 1233 788 1314 ὑμεῖς
815 1257 894 1302 ποτε
922 1235 1102 1302 &measure
1128 1237 1177 1318 τῷ
1204 1232 1279 1318 Θεῷ
1304 1235 1415 1303 κ.τ.λ.

349 1390 440 1472 Ἴσα
464 1391 620 1474 δείκνυσι
642 1392 689 1473 τὰ
707 1395 843 1498 ἀμφοῖν
860 1391 1081 1494 ἐγκλήματα,
1100 1395 1157 1472 καὶ
1179 1397 1244 1497 μιᾷ
1262 1387 1379 1495 χάριτι
1396 1393 1500 1468 τεθε-

299 1515 536 1619 ραπευμένους
565 1516 648 1602 τοιίς
674 1550 713 1597 τε
737 1516 783 1623 ἐξ
803 1518 916 1596 ἐθνῶν
943 1518 1001 1595 καὶ
1027 1514 1092 1595 τὸν
1118 1511 1284 1617 Ἰσραήλ·
1325 1514 1499 1614 κέκληται

299 1639 364 1739 μέν
392 1637 464 1741 γάρ
486 1638 579 1718 κατὰ
606 1638 747 1742 καιροὺς
775 1638 834 1719 διὰ
861 1645 925 1718 τοῦ
944 1638 1110 1721 Μωσέως
1129 1639 1149 1717 ὁ
1165 1634 1328 1739 Ἰσραὴλ,
1347 1638 1405 1716 καὶ
1426 1639 1500 1735 ,τῆς

300 1765 337 1841 ἐν
363 1761 536 1869 Αἰγύπτῳ
561 1763 804 1866 ταλαιπωρίας
831 1758 1012 1868 ἐξῄρηται·
1052 1762 1137 1840 ἀλλ’
1155 1766 1188 1840 οῖ
1216 1767 1289 1839 τῶν
1316 1757 1499 1858 δαιμόνων
1518 1795 1562 1838 10

301 1886 521 1985 θεραπευταὶ,
552 1884 714 1966 τουτέστι
742 1885 789 1966 τὰ
818 1886 912 1985 έθνη,
943 1888 991 1969 ὡς
1022 1883 1081 1964 θιά
1112 1916 1154 1986 γε
1184 1890 1256 1962 τῶν
1287 1883 1500 1984 Αῖγνπτίων

300 2007 482 2104 νοούμενα,
502 2010 589 2091 τέως
614 2006 792 2103 ἀπείθησαν
814 2017 860 2116 τῷ
878 2009 963 2088 ἐλέει
982 2013 1056 2086 τῶν
1082 2007 1126 2114 ἐξ
1147 2003 1313 2109 Ἰσραήλ·
1354 2006 1395 2084 οὐ
1421 2003 1499 2108 γὰρ

299 2129 558 2209 πεπιστεύκασι
583 2138 661 2214 ταῖς
684 2132 891 2232 θεοοημίαις
908 2137 985 2215 ταῖς
1009 2128 1068 2209 διὰ
1087 2129 1262 2223 Μωσέως,
1281 2129 1345 2208 οὐκ
1361 2129 1500 2229 ἤθελον

299 2252 424 2332 εἰδέναι
442 2251 505 2333 τὸν
524 2259 596 2332 τῶν
614 2255 795 2357 Ἑβραάον
815 2254 921 2335 Θεθν.
961 2255 1045 2332 ἀλλ’
1066 2251 1283 2359 ἐξεπέμπετο
1304 2248 1370 2350 μέν
1388 2249 1499 2349 μόλις

300 2375 542 2477 ῖερουργίρσων
556 2375 648 2455 κατὰ
665 2375 731 2476 τὴν
744 2377 875 2480 ἔρημον
887 2383 960 2456 τῶν
974 2377 1155 2456 Ἰουδαίων
1174 2377 1194 2455 ὁ
1208 2379 1331 2475 δῆμος·
1356 2375 1498 2480 εἴχοντο
1517 2407 1560 2467 15

299 2496 337 2578 δέ
365 2500 465 2578 αι’ποὶ
491 2504 554 2600 τῆς
579 2501 728 2604 ἀρχαίας
757 2499 906 2600 ἀπάτης,
931 2497 1031 2580 ἀλλά
1054 2506 1118 2578 νῦν
1139 2497 1306 2599 ἠλέηνται
1329 2531 1495 2602 προσκε-

298 2623 488 2722 κρουκότος
505 2631 569 2703 τοῦ
586 2622 752 2726 Ἰσραὴλ,
772 2621 811 2707 ὃς
830 2627 888 2702 καὶ
906 2624 1079 2724 ἠπείθησε
1104 2630 1150 2728 τῷ
1176 2622 1258 2702 ἐλέει
1280 2628 1354 2700 τῶν
1370 2623 1496 2718 ἐθνῶν,

297 2743 353 2824 ἰἰα
383 2755 442 2825 καὶ
476 2744 581 2831 αὐτὸς
609 2748 768 2847 ἐλεηθείη
801 2746 892 2825 κατὰ
926 2745 1078 2848 καιροιίς.
1117 2745 1183 2824 ἴσα
1214 2753 1412 2847 τοιγαροῦν,
1445 2747 1498 2828 ὡς

298 2867 401 2971 ἔφην,
414 2867 460 2948 τὰ
478 2870 613 2974 ἀμφοῖν
631 2867 852 2970 ἐγκλήματα,
873 2874 934 2968 τῆς
952 2877 1016 2950 τοῦ
1034 2869 1333 2972 κατοικτείραντος
1350 2870 1494 2948 ἐπικου-

298 2993 377 3092 ρίατ
403 2993 441 3069 ἐν
458 2990 529 3099 ἰ’σιρ
557 2989 680 3099 τρόπῳ
708 2993 910 3092 θεδεημένα·
951 2997 1232 3093 συγκεκλεῖσθαι
1250 2991 1294 3071 δέ
1306 2998 1401 3096 φησι
1419 2991 1496 3076 τεῖνε
1514 3043 1561 3084 20

179 3140 223 3194 45
239 3139 287 3197 u.
301 3114 436 3199 πάντας
456 3121 501 3199 εῖτ
524 3113 694 3194 ἀπείθειαν
711 3113 811 3220 παρὰ
828 3120 933 3212 Θεοῦ,
950 3115 1006 3195 ’ίνα
1025 3113 1098 3198 τιῖιτ
1115 3112 1253 3200 πάντας
1271 3115 1399 3228 ἐλεήσῃ.
1434 3116 1498 3194 καὶ

301 3236 348 3314 οὔ
367 3269 402 3315 τι
420 3269 491 3315 που
508 3239 572 3334 τῆς
597 3237 691 3320 θείας
716 3241 854 3338 βουλῆς
879 3237 986 3340 ἔργον
1010 3235 1179 3338 γενέσθαι
1207 3236 1426 3338 λογιούμεθα
1451 3237 1497 3317 τὸ

301 3357 496 3455 ἀπειθῆσαί
517 3391 624 3454 τινας,
644 3359 701 3438 ἵνα
719 3361 778 3438 καὶ
796 3361 1086 3462 κατοικτείροιντο
1113 3358 1285 3443 πεσόντες
1309 3365 1359 3443 εῖτ
1374 3367 1495 3438 τοῦτο·

300 3480 490 3561 συνέκλεισε
526 3479 565 3561 δέ
599 3487 745 3579 μᾶλλον
783 3489 829 3566 εῖτ
865 3479 1047 3580 ἀπείθειαν,
1075 3480 1220 3587 ἐνόχους
1256 3480 1362 3565 ὄντας
1397 3485 1494 3562 ἀπο·

300 3599 439 3708 φαίνων
464 3609 539 3687 τοῖς
566 3603 743 3687 ἀπειθείας
770 3602 984 3704 ἐγκλήμασι,
1010 3607 1071 3684 καὶ
1101 3603 1177 3684 οῖον
1205 3606 1250 3710 ἐξ
1276 3606 1392 3684 αὐτοῖν
1420 3610 1497 3684 τῶν
1513 3649 1532 3689 2
1539 3647 1562 3708 5

298 3723 521 3829 πραγμάτων
549 3723 818 3828 ἐληλεγμένους·
858 3731 906 3812 ὡς
939 3733 987 3812 εἰς
1018 3735 1124 3807 τοῦτο
1151 3727 1281 3807 λοιπὸν
1307 3728 1497 3810 καθίκοντο

299 3849 536 3956 δυσπραξίας,
555 3852 604 3933 ὡς
623 3847 776 3949 μονονού
801 3852 942 3931 δεῖσθαι
965 3859 1030 3931 τοῦ
1053 3849 1358 3954 κατοικτείρεσθαί
1372 3883 1410 3930 τε
1435 3853 1498 3931 καὶ

298 3975 490 4052 ἐλεεῖσθαι.

334 4177 361 4234 7.
381 4163 625 4220 Ῑοο.ὥοτε’ἶσοΑ.
823 4182 864 4237 17·
883 4167 991 4223 καὶοω.
1004 4169 1039 4222 Α.
1236 4185 1279 4224 20.
1297 4171 1368 4242 τόπῳ
1381 4167 1446 4240 (uic)
1461 4169 1497 4226 Α.

299 4247 343 4304 ²5·
360 4233 436 4316 wic]
445 4242 474 4299 -Ι-
488 4237 533 4304 τῆς
544 4236 579 4289 Α.
597 4304 602 4316 Ι
657 4305 663 4316 ι
720 4235 764 4290 26.
782 4237 925 4292 καθίκοιντο
937 4238 972 4291 Α.
1120 4253 1164 4310 27.
1180 4239 1289 4309 μονονοὺ
1301 4240 1336 4293 Α.
1348 4243 1428 4308 μόνον
1441 4239 1497 4295 Ed.

300 4305 343 4357 28.
363 4304 412 4358 Est
430 4322 458 4360 m
478 4306 502 4358 A
521 4304 641 4359 schohon
657 4322 685 4358 ιιι
703 4322 787 4430 md.
805 4324 821 4361 ε
838 4307 919 4362 Thes.
936 4321 989 4378 355
1008 4325 1023 4362 c
1042 4307 1239 4379 depromptum.
1281 4309 1448 4381 Sequebatur
1466 4310 1497 4364 in

299 4371 351 4427 Ed.
371 4373 453 4427 schol.
472 4374 500 4428 in
519 4391 578 4444 cap.
596 4374 650 4428 xiv.
663 4374 689 4431 6.
708 4393 745 4447 qu
801 4394 885 4448 quum
899 4378 1023 4450 pleraque
1037 4389 1101 4434 sunt
1114 4379 1150 4435 D.
1165 4379 1349 4450 chrysostomi
1362 4379 1445 4434 Hom.
1460 4381 1496 4436 τό

297 4441 333 4498 αθ
345 4444 395 4496 Ιος.
410 4457 461 4514 703
473 4461 488 4497 ε
502 4457 576 4514 ηομ
587 4445 674 4498 omisi.
