3268 5130
123 339 167 402 vi.
184 359 213 425 3,
229 359 262 422 4.
373 339 430 406 IN
454 339 715 405 υυιςςοοιςο
740 339 804 404 AD
831 339 1065 406 υοΜΑΝος.
1188 415 1191 424 Α
1256 339 1321 402 189

122 499 264 599 ταάτόν,
283 499 349 584 κάν
366 509 397 582 εί
421 503 460 584 ἕν
477 537 532 589 τις
556 501 732 609 ὀνομάσῃ,
751 503 897 602 δυνάμει
915 502 1155 607 θεωρημάτων
1173 499 1240 602 τὴν
1257 507 1321 581 τοῦ
1344 445 1400 512 [u
1412 444 1475 509 m

121 622 260 709 παντὸς
291 623 453 724 δήλωσιν
483 625 688 725 ἐποιήσατο.
735 628 864 707 οὐκοῦν
892 629 912 707 ὁ
940 625 1105 730 Χριστόν
1138 624 1321 721 ὀνομάσας

123 748 188 828 σιἰκ
215 749 474 848 ἀμνημονετίσει
500 757 564 829 τοῦ
588 747 734 852 Πατρός
756 746 778 846 ἦ
804 757 869 830 τοῦ
889 749 1108 848 Πνεάματος.
1137 746 1256 847 ἐπειδὴ
1283 745 1322 826 δέ

125 869 313 970 γενόμενος
341 872 539 976 ἅνθρωπος,
568 869 632 952 τὸν
662 870 750 974 ὑπὲρ
781 875 846 971 τῆς
873 871 1043 953 ἁπάντων
1070 872 1160 976 ζωῆς
1189 869 1321 969 ἀνέτλη

90 1009 111 1071 5
126 989 280 1073 θάνατον
298 996 318 1073 ὁ
336 996 488 1094 Ἰησοῦς,
507 995 707 1100 κεχώρηκεν
727 994 927 1097 ἀναγκαίως
946 997 966 1074 ὀ
985 994 1157 1098 μακάριος
1171 999 1322 1077 Παῦλος

125 1117 182 1194 ἐπὶ
200 1116 242 1196 τὸ
261 1116 315 1196 ὅτι
339 1107 565 1224 μάλυστατῇ
590 1115 798 1224 προκειμένη
823 1118 1063 1224 μυσταγωγίρ
1087 1115 1322 1222 χρειωδέστα·

123 1266 200 1318 τον·
242 1239 310 1320 ἔδει
341 1239 413 1344 γάρ
445 1239 623 1337 ὀνομάσω
653 1240 717 1321 τὸν
747 1238 964 1322 πεπονθότα·
1008 1239 1179 1346 τοιίτητοί
1206 1245 1323 1346 φησιν

118 1358 201 1442 ’Ότι
219 1361 287 1443 ’ίσιι
306 1362 556 1470 ἐβαπτίσθημεν
575 1372 620 1450 είς
638 1363 775 1473 Χριστλν
793 1365 913 1458 Ἰησοῦν
933 1371 979 1450 είς
997 1369 1051 1443 τὶν
1067 1361 1202 1444 θάνατον
1221 1363 1322 1443 αὐτοῦ

126 1483 387 1592 ἱβνπττίιτθημεν.
417 1486 717 1591 προκαταθέμενοι
735 1485 808 1591 γάρ
821 1486 947 1589 ὥσπερ
965 1485 1007 1566 τὸ
1026 1487 1066 1565 ἐκ
1084 1483 1323 1584 συνειδήσεως

69 1641 112 1684 το
126 1608 234 1710 ὀρθῆς
259 1606 396 1711 ἀγαθόν
414 1610 624 1714 ἐπερώτημα
641 1616 689 1695 είς
709 1607 883 1714 Χρυστόν,
901 1612 961 1688 καὶ
979 1611 1099 1690 πίστει
1119 1607 1322 1714 παροδεξά

126 1764 225 1829 μενοι
254 1731 309 1812 ὅτι
338 1737 396 1814 καὶ
423 1734 598 1815 ἀπέθανεν
624 1732 711 1837 ὑπὲρ
734 1733 835 1834 ἡμῶν
863 1735 921 1813 καὶ
949 1730 1067 1840 ἐτάφη
1096 1736 1154 1812 καὶ
1182 1732 1323 1830 ἀνεβίω,

126 1852 193 1954 τὴν
210 1854 344 1962 ἀφεσιν
361 1864 434 1936 τῶν
449 1859 632 1960 ἁμαρτιῶν
655 1856 860 1962 έσχίκαμεν
884 1854 944 1935 διά
969 1865 1034 1935 τοῦ
1059 1856 1163 1957 ἁγίου
1188 1856 1321 1950 βαπτί·

127 2012 277 2076 σματος,
291 1982 348 2060 καὶ
366 1979 433 2079 τὴν
450 1984 514 2080 τῆς
531 1981 705 2082 ἁμαρτίας
722 1979 955 2071 ὑπομένοντες
975 1977 1161 2082 νέκρωσιν,
1173 1981 1230 2057 καὶ
1249 1975 1324 2057 οἷον

126 2104 179 2209 τῷ
200 2103 242 2180 δι’
262 2101 355 2200 ἡμᾶς
381 2108 545 2184 τεθνεῶτι
572 2100 932 2202 συναποθνήσκοντες
959 2101 1081 2182 διὰτὸ
1109 2109 1254 2204 νεκροῦν
1278 2098 1325 2179 τά

75 2247 113 2310 15
127 2221 223 2326 μέλη
248 2223 294 2304 τά
321 2227 377 2306 ε’πὶ
406 2229 470 2326 τῆς
496 2230 577 2328 γῆς·
612 2225 724 2325 ὁμὲν
757 2224 829 2328 γὰρ
862 2223 1026 2330 Χριστὸς
1056 2232 1136 2330 “τῇ
1170 2224 1467 2331 ἀμαρτάρῐυῑηνοτ.

129 2359 151 2396 “
169 2348 343 2430 ἀπέθανεν
374 2347 531 2456 ἐφάπαξ,
560 2347 581 2429 δ
606 2347 644 2429 δὲ
671 2349 727 2454 ζῇ,
751 2345 793 2456 ζῇ
825 2354 877 2456 τῷ
905 2348 1020 2455 θεῴ·”
1064 2349 1161 2448 ἡμεῖς
1191 2346 1228 2427 δέ
1261 2345 1325 2426 τὸν
1339 2327 1376 2363 ¹⁰⁸

128 2471 211 2552 ’ίσον
239 2473 335 2580 αὐτῷ
363 2470 517 2552 θάνατον
549 2471 782 2572 ὑπομένομεν,
813 2473 871 2550 καὶ
900 2473 1091 2575 μονονουχὶ
1123 2467 1325 2567 συντεθάμ-

125 2602 229 2694 μεθα,
248 2595 313 2696 τὴν
340 2598 448 2676 αὑτοῦ
474 2595 648 2699 νέκρωσιν
674 2593 924 2701 περιφέροντες
951 2596 989 2673 έν
1017 2594 1116 2677 ἰδίοις
1140 2593 1323 2692 σώμασιν,

126 2717 377 2824 συνετάφημεν
395 2717 433 2800 δὲ
451 2724 502 2827 τῷ
520 2720 684 2825 Χριστῷ.
724 2719 762 2798 τί
777 2714 821 2816 δὴ
840 2717 911 2819 ἀρα
928 2719 1088 2798 ἐντεῦθεν
1106 2717 1319 2819 ἀποκερδαί-

74 2875 256 2939 τονοντες,
279 2848 452 2949 σαφηνιεῖ
476 2841 596 2943 λέγων
622 2839 727 2925 αάτός
742 2837 819 2921 “Im
846 2838 957 2947 ἀίσπερ
983 2837 1091 2950 ἦγέρθη
1116 2840 1258 2949 Χριστλς
1285 2842 1324 2922 ἔκ

128 2963 239 3071 νεκράν
268 2959 326 3045 διδ
353 2963 410 3059 τῆς
437 2959 531 3073 θίξης
550 2966 606 3044 rofi
625 2964 769 3072 Πατρὶς,
791 2961 890 3049 οὕτως
917 2971 976 3043 καὶ
1001 2967 1095 3068 ἡμεῖς
1112 2964 1142 3043 ἐν
1162 2964 1325 3058 καινίτητι

128 3085 212 3196 [tofis
232 3089 523 3194 περιπατῆσωμεν·
561 3092 616 3167 δεῖ
639 3084 711 3188 γὰρ
736 3086 830 3186 ἡμᾶς
859 3089 908 3169 ὡς
932 3084 1242 3184 συντεθαμμένονς
1266 3089 1325 3166 καὶ

127 3211 415 3291 συνανίστασθαι
440 3217 582 3310 νοητῶς·
612 3213 671 3290 καὶ
696 3208 793 3313 ε’ίπερ
811 3211 890 3288 ἐστὶ
913 3205 1142 3313 τεθνάναιτῇ
1167 3209 1324 3316 ἀμαρτίρ

126 3331 169 3412 τὸ
188 3331 459 3414 συνθάπτεσθαι
477 3339 529 3441 τῷ
546 3338 711 3440 Χριστῷ,
729 3336 841 3431 δῆλον
860 3329 905 3410 ἀν
923 3330 975 3431 ε’ίη
994 3330 1171 3432 δήπουθεν
1190 3336 1239 3416 ὡς
1257 3332 1324 3437 οὐχ

74 3485 114 3547 ι5
127 3453 244 3558 ἔτερόν
262 3490 296 3536 τι
320 3452 363 3534 τό
386 3457 676 3536 συνανίστασθαι
705 3456 809 3535 νοοῖτ’
830 3452 874 3533 ἀν
900 3451 1052 3549 είκότως,
1078 3451 1178 3552 πλὴν
1203 3453 1257 3535 ὅτι
1280 3453 1323 3534 τὸ

127 3577 194 3680 ζῆν
212 3583 250 3658 έν
268 3579 486 3686 δικαιοσύνη.
1276 3659 1286 3682 Ι

182 3701 400 3803 Ἐγηγέρθαι
420 3701 491 3801 μὴν
513 3707 777 3796 διαβεβαωῦται
797 3699 960 3804 Χριστὸν
982 3696 1041 3780 διδ
1066 3699 1124 3794 τ’ἧς
1147 3696 1243 3808 δίξης
1267 3704 1324 3780 τοῦ

128 3823 271 3930 Πατράς,
290 3826 356 3929 οὐχ
375 3829 423 3908 ὡς
447 3823 574 3930 ἰσχύος
601 3827 733 3905 ε’πιδεᾶ·
766 3827 825 3903 καὶ
853 3823 924 3928 γάρ
947 3827 1047 3903 ε’στιν
1075 3821 1182 3907 αὐτὸς
1205 3825 1225 3902 ὀ
1250 3829 1324 3902 τῶν

126 3943 308 4044 δυνάμεων
327 3946 471 4049 Κύριος·
503 3948 587 4027 ἀλλ’
609 3945 664 4026 ὅτι
682 3944 728 4025 τά
747 3947 835 4044 ὑπὲρ
853 3947 1043 4049 ἀνθρώπου
1062 3945 1176 4050 φύσιν
1194 3948 1240 4049 τῇ
1258 3950 1322 4046 τῆς

74 4099 115 4157 30
125 4068 295 4150 ἀνωτάτω
324 4071 469 4176 φύσεως
497 4069 587 4176 δὸξη
615 4069 841 4172 προσάπτειν
869 4069 948 4152 ἔθος
976 4069 1072 4174 αὐτῷ
1099 4101 1139 4145 τε
1168 4071 1321 4174 Χριστῷ

125 4194 184 4270 καὶ
205 4199 278 4276 τοῖς
303 4195 422 4274 αὑτοῦ.
464 4194 590 4273 οὐκοῦν
616 4190 682 4272 κάν
705 4192 738 4272 εί
755 4225 789 4270 τι
815 4190 957 4293 λέγοιτο
975 4194 1173 4289 κατορθοῦν
1191 4189 1211 4266 ὁ
1231 4187 1322 4272 θεὸς

166 4471 208 4526 16.
225 4467 389 4524 &emendavi
401 4475 462 4540 pont
475 4466 514 4521 M·
555 4485 579 4524 ο.
592 4469 607 4520 δ
620 4467 654 4540 Β,
668 4467 734 4524 Mai.
999 4479 1042 4519 αα.
1060 4451 1276 4536 περιποτίησάμιν
1289 4463 1322 4519 Β.

131 4554 174 4611 27.
192 4539 254 4612 μὴν]
270 4537 425 4610 Lugundum
438 4545 468 4592 ut
480 4538 506 4592 vi
528 4535 635 4608 .γεμιἠν.
