3278 5130
149 342 326 422 iii.11‚12.
371 344 424 410 IN
452 344 518 410 ΕΡ.
540 343 587 411 ΙΙ.
614 345 678 409 AD
705 345 999 411 CORINTHIOS.
1036 343 1187 412 LIB.lI.
1283 347 1346 410 335
1375 443 1386 506 Ι
1442 441 1493 506 Μ]

1398 455 1427 508 9¹
1474 478 1479 491 .

149 505 223 609 γάρ
250 509 329 587 ἐστι
355 507 397 589 τό
425 515 479 590 Οὐ
509 505 711 619 δεδόξασται
742 511 779 592 τδ
810 507 1045 619 δεδοξασμένον
1076 513 1136 591 καὶ
1164 509 1210 590 τὰ
1238 509 1321 616 ἑξῆς
1333 542 1345 606 3

150 629 231 709 ἔστι
249 631 296 710 δε’
304 666 339 712 τι
357 641 518 714 τοωῦτον
536 631 556 713 δ
574 633 744 728 βούλεται
764 637 910 734 δηλοῦν.
952 629 1157 742 δεδόξασται
1176 632 1241 733 μὲν
1260 632 1346 736 γὰρ,

152 756 278 856 φησὶν,
297 757 318 834 ὃ
336 762 489 856 Μωσῆς,
503 760 551 841 ὡς
566 759 726 841 διοίκονος
739 755 850 856 νόμον
866 766 930 838 τοῦ
948 757 1247 859 καταργουμένου,
1262 755 1346 835 ἀλλ’

151 876 175 975 ἡ
201 885 266 957 τοῦ
293 878 371 958 νεόυ
397 882 455 958 καὶ
485 882 523 959 ε’ν
552 886 705 986 Χριστῷ
734 880 960 983 κηρύγματος
991 879 1082 987 δόξα
1114 886 1266 960 νικῶσα·
1282 877 1348 977 τὴν

118 998 299 1102 5πριόιην
317 1001 476 1108 ἀπέφηνε
500 1005 667 1104 τοιαύτην
685 1004 795 1103 αὐτὴν
822 1007 870 1088 ὡς
894 1003 982 1104 μηδὲ
1009 1005 1104 1089 ὅλως
1130 1001 1347 1110 δεδοξάσθαι

153 1125 278 1205 δοκεῖν.
318 1125 427 1228 ὅνπερ
460 1125 532 1230 γὰρ
561 1126 697 1229 τρόπον
729 1127 853 1212 νυκτὸς
888 1127 1067 1228 μενούσης
1105 1129 1156 1206 ἔτι
1195 1130 1253 1206 καὶ
1285 1135 1349 1206 τοῦ

153 1249 230 1326 κατ’
249 1245 360 1348 αὐτὸν
377 1247 531 1334 σκότους
554 1251 635 1330 τόδε
661 1249 703 1331 τδ
729 1249 880 1349 σύμπαν
905 1252 1237 1348 καταμελαίνοντος,
1256 1251 1348 1329 ἀπα-

153 1367 330 1471 στριίπτει
347 1371 413 1470 μὲν
431 1371 556 1475 ὥσπερ
580 1377 645 1473 τῆς
672 1372 831 1472 σελήνης
858 1374 878 1452 ὁ
903 1371 1049 1470 κύκλος,
1081 1373 1192 1480 δόξαν
1217 1372 1255 1452 δὲ
1283 1371 1350 1471 τὴν

154 1494 246 1574 ἰδίαν
264 1495 336 1600 ἕχει
354 1499 374 1576 ό
390 1503 463 1576 τιῦν
479 1497 625 1600 ἄστρων
643 1497 762 1602 χορός·
797 1495 900 1594 ἡλίου
925 1496 1039 1598 γεμῆν
1056 1498 1269 1600 ἀνίσχοντος
1291 1499 1349 1576 καὶ

101 1623 218 1718 ιοτῆς
245 1620 369 1699 ἑαυτοῦ
395 1624 631 1722 μαρμαρυγῆς
658 1622 859 1704 ἁπλοῦντος
885 1615 953 1720 τῆν
978 1620 1102 1726 δόξαν,
1127 1620 1275 1719 ἥτταται
1298 1623 1349 1726 τῷ

153 1744 348 1846 προύχοντι
377 1747 440 1842 τῆς
458 1741 616 1843 σελήνης
640 1743 682 1824 τὸ
702 1750 790 1849 φῶς,
809 1743 898 1822 ἕοικε
918 1743 961 1822 δέ
980 1777 1058 1828 πως
1075 1740 1165 1843 μηδὲ
1183 1743 1346 1848 πεφωτί·

154 1849 244 1945 σθαι
261 1868 391 1946 δοκεῖν·
432 1865 522 1946 κατὰ
539 1865 602 1947 τὸν
620 1866 728 1946 αὐτὸν
746 1863 843 1963 οἶμαι
861 1865 1009 1970 τρόπον,
1029 1864 1093 1946 τὸν
1110 1872 1183 1946 τῶν
1201 1899 1346 1967 προκει-

154 1988 271 2086 μένων
287 1989 412 2096 ε’κδέξη
431 1997 525 2070 νοῦν.
558 1990 599 2069 τὸ
619 1989 690 2092 γάρ
708 2022 763 2069 τοι
782 1983 1029 2097 δεδοξασμένον,
1042 1992 1151 2094 φησὶ,
1164 1988 1350 2068 τουτέστιν

155 2111 177 2210 ἡ
196 2120 259 2192 τοῦ
278 2109 387 2211 νόμον
405 2114 577 2210 διακονία,
594 2113 706 2192 καίτοι
725 2121 895 2216 λαχοῦσα
913 2110 1013 2216 παρὰ
1027 2116 1123 2192 Θεοῦ
1142 2110 1209 2210 τὴν
1226 2109 1350 2218 δόξαν,

103 2253 140 2314 15
155 2234 249 2314 ἔοικέ
260 2270 337 2320 πως
355 2234 404 2336 μῆ
417 2234 633 2342 δεδοξάσθαι
649 2230 716 2334 τῆν
726 2233 842 2340 ἀρχὴν
861 2233 973 2315 ε’ίνικεν
992 2234 1049 2328 τῆς
1068 2233 1350 2342 ὑπερβαλλούσης

156 2351 263 2465 δόξης,
282 2362 345 2458 τῆς
367 2359 607 2462 δεδωρημένης
632 2356 800 2457 δηλονότι
825 2363 899 2440 τοῖς
918 2362 1124 2437 διακονοῦσι
1141 2363 1193 2463 τῷ
1212 2358 1294 2463 θείιρ
1312 2390 1351 2435 τε

156 2483 215 2559 καὶ
233 2482 450 2590 εύαγγελικῷ
467 2481 679 2585 κηρύγματι·
713 2487 923 2585 παραχωρεῖ
938 2477 1009 2584 γάρ
1026 2515 1103 2564 πως
1121 2483 1173 2560 ἀεὶ
1192 2477 1233 2559 τδ
1252 2485 1352 2576 μεῖον

156 2605 207 2712 τῷ
224 2607 430 2709 προύχοντι.

159 2858 193 2928 Εἰ
222 2861 282 2951 τδρ
308 2861 346 2930 τὸ
374 2864 634 2952 καταργούμενον
662 2862 715 2929 διὰ
742 2862 851 2944 δόξειε,
879 2865 995 2949 πολλῷ
1021 2867 1147 2939 μᾶλλον
1174 2863 1212 2930 τὸ
1234 2847 1346 2944 μένον,
1367 2892 1399 2932 11

102 3023 143 3064 20
678 2988 714 3054 ἓν
741 2987 832 3079 δόξῌ.

212 3158 263 3236 Τί
284 3155 320 3239 τό
344 3158 629 3267 καταργούμενινς
659 3160 682 3259 ἡ
701 3157 788 3239 σκιδι
811 3159 908 3239 καὶὸ
927 3156 1033 3257 νόμος
1053 3158 1165 3262 ἤγουν
1184 3160 1204 3238 ὁ
1223 3157 1349 3255 τύπος,

156 3279 247 3360 τίδὲ
265 3279 302 3361 τό
315 3280 427 3384 μόνοις
457 3281 503 3361 τὰ
520 3291 584 3362 τοῦ
602 3289 699 3363 Θεοῦ
718 3285 966 3380 θεσπίσματα.
1006 3283 1132 3363 οῦκοῦν
1151 3287 1210 3362 καὶ
1227 3283 1257 3362 ἓν
1275 3276 1352 3393 δίξη

156 3401 201 3503 ἦν
223 3403 245 3502 ἡ
270 3402 368 3501 σκιὰ,
391 3406 477 3486 ἀλλ’
498 3407 537 3483 ἐν
564 3402 654 3511 δόξῃ
683 3407 946 3514 διαφανεστέρᾳ
971 3404 1017 3486 τδι
1035 3413 1214 3510 Χριστοῦ·
1256 3405 1353 3503 με’νει

156 3526 228 3630 γὰρ
255 3532 286 3606 εί
314 3526 577 3632 κατακρατήσει
604 3534 668 3628 τῆς
696 3531 754 3610 ὑπ’
783 3529 945 3634 οὐρανόν.

104 3796 142 3858 ²5
210 3783 365 3872 Ἔχοντες
392 3782 449 3852 οὖν
475 3789 628 3853 τοιαύταν
655 3787 772 3853 ἐλπίδα
799 3792 906 3879 πολλᾷ
935 3785 1100 3878 παῤῥιιοίᾳ
1127 3785 1290 3875 χρώμεθα.
1369 3830 1404 3870 ,,

215 3955 333 4034 Ποίαν
350 3950 504 4051 ἐλπίδας
530 3956 571 4037 τὸ
591 3962 787 4036 ίκανῶσθαι
808 3955 907 4058 παρὰ
924 3961 1020 4036 Θεοῦ
1038 3959 1096 4035 καὶ
1115 3956 1243 4058 ἀρτίως
1261 3954 1354 4057 ἔχειν

157 4074 216 4156 διδ
242 4081 305 4176 τῆς
328 4077 472 4182 χάριτος
494 4077 586 4180 πρὸς
607 4078 648 4159 τὸ
674 4076 761 4160 εἶναι
789 4091 811 4126 “
826 4079 1007 4162 διακόνους
1035 4082 1155 4176 καινῆς
1183 4074 1353 4175 διαθήκης
1365 4111 1446 4176 ειμι
1454 4127 1506 4162 ver.

157 4210 180 4248 “
198 4201 241 4279 οῦ
271 4199 517 4302 γρόμματος.”
553 4203 680 4307 πρέπει
713 4201 750 4284 δὲ
782 4209 855 4287 τοῖς
887 4201 1059 4284 τοιούτοις
1090 4201 1133 4279 τὸ
1166 4202 1205 4279 ἐν
1237 4175 1390 4314 πολλῇσ·

157 4325 327 4433 παρ’ῥησίιρ
344 4331 482 4422 λαλεῖν,
501 4327 580 4406 οὔτε
599 4333 672 4406 τῶν
689 4325 813 4407 τόπων
830 4323 1107 4430 αἶσχυνομένους
1125 4323 1168 4402 τὸ
1186 4321 1350 4424 ἀδρανὲς,

179 4563 221 4621 17.
237 4549 323 4623 μεῖον]
335 4574 370 4621 μη
383 4551 412 4607 ὃν
424 4552 555 4622 (ιμεῐον)
569 4551 638 4609 cod.
713 4571 753 4624 ¹9·
773 4553 847 4610 Ηαα
860 4552 915 4610 duo
927 4551 1029 4608 acholin
1041 4551 1119 4608 nobie
1132 4549 1284 4624 suppeditat
1297 4552 1335 4608 H.
