3278 5130
112 439 243 506 [sem]
268 345 333 408 326
420 344 459 408 B.
482 341 669 408 ονιυοοι
691 343 957 408 Αυοκκνοο.
983 341 1264 408 FRAGMENTA
1307 342 1328 405 i.
1343 360 1380 408 ιι
1395 363 1462 426 sqq.

269 517 291 554 “
309 503 383 608 βάρ
406 504 522 604 Ἰωνά,
539 506 595 587 ότι
613 505 716 614 σάρξ
732 509 789 586 καί
807 505 897 605 αἰμα
912 507 976 589 οῦκ
995 505 1230 612 ἀπεκάλυψέν
1246 540 1319 604 σοι,
1337 505 1423 586 ἀλλ’
1442 508 1463 586 ό

269 639 291 676 “
311 628 441 731 Πατήρ
467 665 537 728 μου
557 631 578 709 ὁ
602 631 641 710 έν
661 638 735 714 τοῖς
763 631 958 732 οῦρανοῖς.”
992 629 1111 729 ἐπειδὴ
1140 627 1212 731 γάρ
1238 630 1464 731 παμμέγεθες

268 749 310 832 τὸ
336 753 544 856 μυστήριον,
574 754 675 834 δέοιτ’
704 751 749 833 ἀν
779 751 920 837 εἰκότως
951 753 1207 856 μυσταγωγίας
1237 757 1301 852 τῆς
1328 753 1464 833 ἀνωθεν

268 877 327 955 καί
344 874 444 978 παρὰ
463 874 617 978 Πατρός·
645 879 795 970 βεβαιοῖ
813 885 1004 979 τοιγαροῦν
1024 879 1116 984 ἦμῦς
1135 875 1241 960 αὐτὸς
1260 885 1307 961 εἰς
1326 873 1464 983 Χριστὸν

154 1007 284 1080 vem&
305 1006 365 1080 καί
385 997 666 1106 σφραγισάμενος
684 1003 774 1106 ἦρός
795 1007 854 1080 καί
874 999 1000 1108 χρίσας
1014 1003 1100 1085 Θιίς
1120 1006 1180 1079 καί
1200 989 1275 1085 διὸς
1292 1000 1344 1079 τίι
1362 1003 1496 1106 ἀρ’ῥιι-5

268 1119 364 1213 βοῦνιν
388 1123 443 1202 τοῦ
462 1121 668 1228 Πνεόματος.
710 1123 762 1223 εἰη
788 1123 825 1203 δ’
850 1121 896 1202 ἀν
923 1123 986 1203 οῦκ
1011 1121 1222 1228 ἀσομφανὲς
1249 1124 1306 1201 καί
1335 1122 1398 1201 διαί
1419 1155 1463 1222 γε

99 1267 242 1330 Sumver.
268 1243 405 1325 τούτων
423 1245 515 1344 ἡμῖν,
534 1244 588 1326 ότι
609 1241 660 1346 μὴ
679 1246 826 1350 γέγονεν
844 1247 865 1326 ό
883 1243 971 1330 Υἱὸς
996 1257 1018 1294 “
1032 1248 1090 1326 ναί
1112 1251 1171 1326 καί
1199 1245 1276 1325 οό·”
1306 1243 1399 1329 Θεὸς
1424 1243 1463 1325 δὲ

101 1344 140 1381 π’
266 1375 411 1467 μᾶλλον
437 1367 616 1467 ἀληθινὸς,
656 1373 713 1449 καί
741 1371 798 1476 ἐφ’
828 1367 945 1472 ἀπασι
975 1376 1049 1454 τοῖς
1081 1372 1230 1470 ἀγαθοῖς
1262 1379 1285 1415 “
1298 1371 1336 1447 έν
1366 1369 1462 1474 αὐτῷ

266 1501 288 1538 “
305 1491 349 1570 τὸ
368 1489 456 1571 ναί·”
495 1495 591 1570 Θεοῦ
615 1489 687 1594 γάρ
705 1491 797 1590 ἡμεῖς
823 1492 1032 1597 σφραγίσαι
1059 1495 1181 1572 τεκαὶ
1206 1490 1330 1596 χρίσαι
1356 1502 1462 1592 λεγο-

265 1615 382 1713 μένου,
411 1611 533 1697 δόντος
559 1645 597 1694 τε
615 1611 675 1695 τόν
702 1615 879 1724 ἀρ’ῥαθιῖνα
906 1617 963 1694 τοῦ
993 1613 1200 1719 Πνεόματοι,
1227 1612 1389 1717 Χριστὸς
1416 1609 1461 1692 ἀν
1477 1648 1517 1689 10

266 1738 318 1835 εἰη
345 1735 459 1818 πόλιν
485 1738 506 1815 ό
533 1745 646 1817 ταῦτα
672 1744 823 1839 πληρῶν
846 1741 884 1818 ἐν
906 1739 1004 1836 ἡμῖν,
1035 1740 1102 1842 οὐχ
1130 1741 1361 1840 ὑπουργικῶς,
1381 1738 1461 1816 οὔτε

265 1859 338 1959 μὴν
355 1861 537 1966 ἀλλοτρίῳ
558 1862 758 1964 καταχρίων
776 1894 815 1939 τε
832 1861 924 1960 ἡμεῖς
948 1864 1007 1941 καὶ
1033 1863 1248 1967 σφραγίζων
1268 1859 1461 1956 Πνεῦματι,

220 1985 224 1994 ’
265 1981 351 2061 ἀλλ’
370 1984 466 2089 αὐτῷ
492 1987 543 2088 τῷ
571 1983 647 2090 ἰδίῳ
665 1985 723 2062 καί
741 1989 793 2090 τῷ
815 1991 879 2063 τοῦ
899 1983 1055 2086 Πατρός·
1090 1986 1128 2062 έν
1154 1981 1226 2085 γάρ
1254 1985 1390 2086 ἀμφοῖν
1417 1979 1459 2061 τὸ

266 2111 414 2204 Πνεῦμα
439 2105 480 2185 τὸ
494 2104 625 2208 Ἀγιον
643 2104 700 2184 διοί
724 2103 790 2204 τὴν
811 2107 1010 2205 ταοτότητα
1037 2111 1100 2201 τῆς
1126 2108 1252 2189 οὐσίας
1278 2105 1319 2185 οῦ
1346 2138 1455 2203 μεμε·

264 2229 450 2331 ρισμένως,
468 2231 552 2308 ἀλλ’
573 2232 620 2312 ὡς
637 2231 675 2308 ἐκ
696 2228 840 2332 Πατρός
859 2227 902 2308 δι’
917 2235 1007 2309 Υἰοῦ
1025 2234 1146 2329 διῆκον
1164 2231 1222 2309 ε’πί
1242 2227 1309 2327 τὴν
1327 2229 1456 2307 κτίσιν·
1475 2256 1514 2317 15

96 2363 207 2478 {³22³-
263 2350 467 2456 ἐνεφύσησε
503 2349 575 2452 γάρ
611 2357 685 2434 τοῖς
721 2353 835 2453 ἀγίοις
872 2351 1092 2436 ἀποστόλοις
1123 2350 1244 2451 λέγων
1281 2362 1303 2398 “
1317 2349 1460 2444 Λάβετε

133 2465 140 2478 ’
184 2464 192 2481 ⁰
267 2484 289 2522 ‘⁶
307 2479 457 2572 Πνεῦμα
478 2473 631 2576 Ἅγιον·”
667 2476 710 2554 δι’
739 2476 848 2555 αὑτοῦ
876 2510 914 2555 τε
942 2478 1000 2554 καί
1029 2477 1066 2555 έν
1097 2477 1192 2582 αὐτῷ
1220 2473 1311 2576 πρὸς
1342 2471 1460 2553 εἰκόνα

266 2598 610 2701 κατεσφραγίσμεθα
636 2596 702 2696 τὴν
726 2599 822 2678 θείαν
844 2601 902 2678 καὶ
931 2597 1070 2696 νοητήν·
1111 2598 1181 2703 ἔφη
1206 2595 1277 2700 γάρ
1306 2593 1412 2680 αῦτὸς
1439 2598 1459 2675 ό

98 2743 247 2810 entim.
266 2724 357 2802 θεῖος
384 2717 590 2804 ἀπόστολος
620 2720 800 2804 Γαλάταις
831 2721 1061 2801 ἐπιστέλλων
1093 2731 1115 2770 “
1133 2721 1265 2800 Τεκνία
1290 2752 1371 2818 μου,
1398 2718 1461 2804 οῦς

267 2851 289 2890 “
306 2839 418 2923 πόλιν
436 2844 560 2941 ὠδίνω,
578 2843 680 2949 ἄχρις
702 2843 743 2922 οὗ
766 2845 945 2948 μορφωθῇ
964 2840 1126 2945 Χριστὸς
1152 2845 1188 2921 ἐν
1208 2844 1328 2939 ῦμῖν·”
1368 2847 1398 2921 εἰ
1420 2840 1460 2921 δέ
1474 2881 1516 2922 20

265 2969 314 3049 εἰς
331 2963 496 3068 Χριστὸν
522 2966 774 3072 μορφοόμενοι,
797 2963 860 3045 τὸν
888 2971 981 3046 θεῖον
1007 2967 1046 3045 έν
1073 2966 1208 3050 ἑαυτοῖς
1235 2973 1461 3064 πλουτοῦμεν

266 3086 479 3186 εἰκονισμὸν,
490 3085 595 3172 αὐτὸς
614 3089 684 3190 ἀρα
701 3090 801 3167 ἐστὶν
819 3089 842 3187 ἡ
859 3087 962 3168 εἰκιίιν
979 3095 1043 3168 τοῦ
1055 3093 1152 3168 Θεοῦ
1166 3090 1223 3168 καί
1238 3085 1383 3190 Πατρός
1402 3091 1460 3168 καί

265 3210 288 3306 ἡ
317 3211 465 3311 ἀκριβὴς
493 3209 670 3317 ἐμφέρεια,
703 3213 763 3291 καί
800 3210 841 3290 οῦ
873 3209 1031 3314 καθάπερ
1065 3211 1163 3310 ἡμεῖς
1193 3208 1286 3290 κατά
1317 3210 1461 3318 μέθεξιν

265 3332 448 3433 ἀγιαομοῦ
471 3332 561 3435 πρὸς
586 3332 779 3433 ὁμοιότητα
804 3335 1027 3432 κεκλημένοι,
1050 3333 1160 3440 φύσει
1177 3333 1216 3413 δέ
1239 3340 1384 3433 μᾶλλον
1402 3336 1460 3413 καί

265 3455 457 3540 οῦσιωδῶς·
492 3455 585 3541 Θεὸς
603 3455 674 3560 γάρ
693 3459 713 3535 ὁ
732 3456 841 3563 φύσει
858 3454 951 3560 πρὸς
969 3455 1033 3536 τὸν
1051 3456 1161 3563 φύσει
1180 3491 1219 3537 τε
1239 3460 1296 3536 καί
1315 3459 1459 3556 ἀληθῶς
1474 3494 1515 3555 ε5

152 3607 194 3663 87
207 3603 254 3660 Μ.
266 3578 362 3657 Θεὸν
380 3581 438 3658 καί
456 3581 494 3659 έκ
515 3583 578 3678 τῆς
603 3580 712 3659 αι’ποῦ
737 3579 971 3681 γεγενημένων
990 3580 1125 3676 οὐσίας,
1144 3579 1245 3660 οὐδὲν
1263 3578 1399 3685 ἀνέχοι
1417 3576 1459 3660 τὸ

266 3699 438 3786 ἀπεοικός·
471 3702 719 3808 ε’σφραγίσθαι
750 3699 787 3780 δέ
819 3705 878 3782 καί
910 3700 1020 3782 αὐτὸν
1051 3702 1151 3805 παρὰ
1184 3711 1249 3782 τοῦ
1277 3708 1373 3783 Θεοῦ
1401 3706 1460 3784 καί

98 3822 423 3926 s.Joan.ml'1arpbs·,
449 3823 618 3923 Ἰωάννης
647 3827 762 3932 φησίν
795 3826 814 3904 ό
843 3825 1071 3930 σοφώτατος·
1108 3835 1130 3872 “
1148 3826 1197 3904 Ὀ
1230 3824 1358 3920 λαβὼν
1388 3825 1460 3929 γάρ

100 3922 140 3973 33'
267 3957 288 3996 “
306 3947 415 4026 αῦτοῦ
451 3943 518 4045 τὴν
553 3949 752 4050 μαρτυρίαν
788 3946 1016 4054 ἐσφράγισεν
1052 3948 1107 4028 ότι
1138 3949 1159 4027 ό
1192 3947 1285 4033 Θεὸς
1322 3947 1461 4050 ἀληθής

300 4211 327 4265 9.
338 4194 514 4266 γὰρ-δόντος
531 4194 573 4267 τε]
592 4195 622 4250 δί
637 4195 780 4266 λεγομένου
797 4196 947 4320 σφρσγφσαι
963 4196 1029 4267 ἡμᾶς
1046 4197 1088 4252 καί
1106 4198 1197 4268 χρῖσαι
1213 4199 1255 4252 καί
1270 4196 1405 4252 δεδωκέναι
1423 4195 1460 4253 H.

268 4279 309 4318 η.
327 4265 377 4332 μὴν
389 4283 442 4320 om.
457 4266 493 4320 H.
530 4265 627 4320 Statim
639 4265 782 4336 ἀλλοτρίως
794 4265 848 4336 (εις
908 4305 915 4320 .
1086 4283 1181 4337 12-23.
1202 4265 1458 4339 xaraxpiur-xarb]

264 4335 347 4402 χρίων
356 4334 479 4404 πνεῦματι
490 4335 560 4422 ἀλλὰ
571 4357 607 4408 τερ
624 4335 680 4408 ἰδίερ
693 4336 847 4406 σφραγίζων
858 4335 890 4390 διΙ
904 4335 934 4390 οῦ
945 4339 1010 4405 πρός
1028 4337 1112 4425 εἰκόνα
1129 4338 1175 4420 τὴν
1192 4336 1263 4392 θείαν
1280 4341 1460 4420 κατασφραγι-

265 4403 809 4547 ἰίἰῖίίῖίθζίθίἰζίίἰῖίφῖίμσιπ
827 4411 1098 4548 «πῖίιῖἰίἰίἰίθῖ
1111 4409 1406 4550 ἰίἰίῖίἰῗθίέιίἰί
1418 4408 1461 4533 ἷῖί

267 4539 310 4596 26.
324 4541 502 4617 γεγενημένον]
519 4543 708 4618 [ωραοθιιωοο
719 4546 918 4618 γεγεννημένοτῖ
