3268 5130
483 336 737 402 1·1P1sTOLAM
763 338 826 404 AD
854 338 1087 406 ROMANOS.
1277 345 1341 408 217

1389 469 1401 502 2
1462 492 1467 504 ι

455 536 507 578 τεν
538 498 774 605 ὑποτετάχθαι
803 538 842 583 τε
873 508 930 584 καὶ
965 506 1149 604 ὑπηρετεῖν
1181 515 1253 590 τοῖς
1285 510 1338 588 ἐπ’
1364 454 1375 520 [
1404 455 1491 521 ⁹M]

456 625 601 722 ιγκαίων
629 625 741 727 ἤγουν
774 629 921 729 ἀγαθῶν
952 633 1114 724 διαβιοῦν
1147 631 1338 730 ε’λομένοις·

446 784 475 829 ν,
510 752 613 851 φησὶ,
646 755 719 827 τῶν
755 752 1024 850 σωθησομένων
1055 756 1112 833 καὶ
1144 761 1216 833 τῶν
1249 755 1342 834 κατὰ

459 907 496 950 τε
530 876 587 952 καὶ
618 875 802 971 ἐκλεκτῶν,
836 873 1067 956 ὑποτέτακται
1096 875 1193 976 τέως,
1227 913 1336 958 κατα-

439 998 478 1075 ὑν
497 1005 560 1074 τοῦ
581 1003 676 1077 θεοῦ
705 1000 763 1076 καὶ
790 996 864 1078 οἷον
883 1007 1073 1101 τηροῦντος
1097 1009 1144 1087 είς
1162 999 1341 1113 ἐλευθερίαν

426 1134 474 1202 οις
504 1123 617 1222 ἁγίοις
647 1125 704 1202 καὶ
737 1131 809 1208 τοῖς
841 1127 1034 1225 ἀγαπῶσιν
1066 1123 1183 1223 αὑτὸν,
1210 1126 1267 1206 ἵνα
1296 1125 1340 1225 δὴ

419 1286 436 1337 ,γ
456 1251 528 1328 τοῖς
547 1247 654 1326 αὑτοῦ
670 1245 812 1344 τέκνοις,
827 1250 884 1326 καὶ
903 1255 978 1332 ταῖς
997 1255 1069 1327 τῶν
1086 1248 1340 1355 ἐξειλεγμένων

410 1371 524 1452 ειείαις·
561 1371 660 1449 ἀλύει
688 1370 752 1468 μέν
775 1369 846 1474 γὰρ
864 1374 1053 1474 μονονουχὶ
1079 1375 1137 1450 καὶ
1158 1373 1339 1451 ’ὠδίνουσα

415 1522 462 1588 η·
502 1496 559 1571 καὶ
587 1492 684 1596 εἴπερ
702 1491 747 1593 ἦν
765 1496 854 1598 αὐτῇ
871 1492 912 1573 τό
935 1497 993 1574 καὶ
1019 1494 1144 1575 εἰδέναι
1171 1529 1205 1575 τι
1233 1493 1334 1574 δύνα-

416 1619 420 1631 “
445 1617 533 1712 ἡμᾶς
552 1617 784 1720 πραγμάτων,
797 1617 892 1724 τάχα
909 1652 980 1698 που
999 1621 1058 1698 καὶ
1076 1617 1336 1722 ἀνοιμώζουσα·

415 1741 473 1820 Δὀις
506 1739 650 1818 εἷκουσα
682 1742 841 1837 νεύμασι,
874 1745 1064 1844 καραδοκεῖ
1092 1739 1226 1844 τρόπον
1259 1739 1338 1821 τινὰ

411 1867 506 1966 ὑψιν,
528 1865 575 1946 ῶς
594 1863 696 1968 ἔφην,
715 1872 786 1943 τῶν
807 1869 891 1945 υἱῶν
909 1873 973 1945 τοῦ
991 1863 1117 1945 Θεοῦ.”
1350 1869 1430 2000 {svm
1442 1883 1493 1918 ver.

386 2082 426 2151 ““ε,
456 2078 539 2141 ἀλλὰ
568 2078 620 2141 καί
649 2078 740 2144 αὐτοὶ
767 2079 826 2144 τάν
853 2079 1003 2167 ἀπαρχὴν
1034 2083 1086 2144 τοῦ
1115 2081 1297 2156 πνεύματος
1351 2100 1388 2157 ²3

373 2228 429 2277 τι,
459 2205 511 2268 καὶ
538 2203 630 2280 ὑμεῖο
658 2206 749 2271 αὐτοὶ
775 2207 810 2270 ὲν
836 2203 965 2271 ἑαυτοῖο
993 2207 1194 2296 στενάζομεν.

367 2359 451 2460 πρὸς
471 2359 652 2467 ἀπόδειξιν
668 2352 740 2460 τῶν
755 2361 944 2462 εἰρημένων
957 2360 999 2440 τὸ
1016 2363 1055 2440 ἐν
1072 2363 1156 2460 ἡμῖν
1174 2363 1337 2463 γίνεσθαι

368 2491 431 2560 Gra}
461 2481 531 2586 γάρ
561 2483 658 2582 ἡμεῖς
687 2490 802 2589 φησιν
830 2489 862 2562 οἱ
891 2481 945 2577 τῆν
973 2484 1132 2594 ἀπαρχὴν
1161 2487 1217 2564 τοὺ
1236 2483 1337 2564 Πνεύ-

352 2643 396 2690 ·ες
421 2613 512 2686 αὐτοὶ
534 2616 563 2686 ἓν
582 2607 709 2692 ἑαυτοῖς
726 2607 923 2716 στενάζομεν
938 2607 1160 2709 βαρούμενοι,
1180 2603 1337 2687 υἱοθεσίαν

363 2767 401 2808 ιιι
431 2728 485 2822 τλν
520 2729 750 2839 ἀπολύτρωσιν
783 2733 838 2810 τοὺ
866 2731 1027 2836 σῶματος
1056 2730 1154 2836 ημῶν.
1204 2729 1335 2827 ἀληθές

334 2881 350 2896 ··
373 2853 536 2958 φθαρτόν
563 2861 671 2953 σῶμα
707 2856 853 2957 βαρύνει
886 2855 1021 2962 ψυχὴν,
1055 2859 1111 2934 καὶ
1144 2856 1261 2958 βρίθει
1292 2853 1333 2934 τό
1346 2880 1403 2945 ειη.
1417 2882 1449 2931 ix.
1465 2895 1502 2946 ¹5·

338 2982 469 3076 ετκῆνος
497 2987 579 3057 νοῦν
607 2977 916 3082 πολυφρόντιδα.”
953 2979 1142 3082 γεγονότος
1171 2977 1208 3058 δέ
1235 2977 1309 3059 ἀπα

334 3110 395 3178 τοῦ
432 3103 651 3200 Πνεύματος,
683 3104 742 3182 καὶ
778 3113 1129 3208 μεταστοιχειοῦντος
1162 3103 1254 3203 ἡμᾶς
1287 3108 1335 3188 εἰς

309 3229 432 3322 ιυετῆς,
455 3225 643 3332 ἀντεξάγει
670 3224 793 3329 ῶσπερ
820 3228 842 3325 ἡ
871 3229 1104 3331 φιλοσαρκία,
1128 3229 1185 3306 καὶ
1212 3229 1232 3306 ό
1260 3233 1334 3309 τοῖς

312 3355 405 3444 ημῶν
424 3348 706 3456 ἐγκατασκήψας
724 3351 842 3447 νόμος.
862 3354 914 3430 ἀεὶ
933 3350 1145 3454 καταθήγων
1164 3356 1211 3434 είς
1229 3350 1332 3430 ἐκτό-

318 3473 389 3568 νάς,
409 3476 552 3572 ἀπηνῶς
578 3475 844 3555 ἀντανίσταται.
874 3474 1039 3580 ταύτῃτοι
1064 3475 1262 3583 στενάζομεν
1280 3473 1334 3566 τλν

323 3634 370 3680 ,ις
394 3595 481 3702 ημῶν
499 3597 728 3706 ἀπολύτρωσιν
752 3603 799 3680 είς
822 3596 980 3679 υἱοθεσίαν
1002 3597 1330 3701 καταλογιζόμενοι·

321 3756 379 3799 ·ιεν
408 3718 479 3822 γὰρ
498 3721 539 3798 οὑ
565 3719 631 3819 τὴν
654 3729 727 3801 τῶν
749 3720 929 3820 σωμᾴτων
954 3721 1139 3818 ἀπόθεσιν,
1157 3724 1236 3802 οὔτε
1261 3717 1333 3820 μὴν

321 3845 379 3920 ναί
395 3851 514 3948 φαμεν
533 3842 599 3944 τὴν
618 3844 813 3946 λύτρωσιν·
849 3846 1000 3926 ἐσεσθαι
1018 3842 1055 3924 δέ
1074 3849 1333 3948 προσδοκῶμεν

335 4017 358 4068 λ.
560 4035 585 4083 4.
605 4015 668 4072 τέας
680 4016 713 4070 Δ.
726 4036 754 4069 τε
767 4016 801 4071 ὥς
815 4015 846 4070 Β.
862 4016 912 4069 Ed.
1107 4015 1133 4068 6.
1152 4037 1180 4070 τε
1212 4032 1241 4068 ro
1253 4037 1283 4085 γε
1297 4015 1331 4068 Α.

354 4111 363 4138 ι
377 4087 411 4142 Α.
492 4104 548 4142 ·12.
567 4087 602 4140 Se
621 4097 723 4140 uuntur
735 4086 834 4140 scholia
846 4085 901 4140 duo
913 4087 941 4140 in
954 4087 987 4153 Α,
1000 4103 1014 4140 e
1025 4085 1106 4140 Thes.
1119 4101 1171 4155 354
1211 4104 1235 4151 e,
1251 4098 1300 4154 170
1314 4085 1331 4138 b

527 4171 567 4228 15.
586 4158 612 4210 A
644 4157 694 4211 hoc
706 4158 766 4211 loco
777 4173 863 4228 usque
875 4157 908 4210 ad
923 4157 1002 4210 finem
1015 4157 1117 4224 capitis,
1131 4155 1331 4226 quaternionem

356 4245 393 4280 nu
411 4228 552 4282 recentiore
569 4229 721 4298 suppletum
738 4245 796 4282 esse
813 4227 922 4280 adnotat
941 4227 1040 4280 Maius.
1096 4227 1152 4280 lnc.
1165 4227 1200 4279 Τὸ
1212 4228 1276 4295 γοῦν
1288 4224 1331 4294 ἐφ’

357 4299 452 4368 εφυκός
464 4299 565 4368 δι’χιται
577 4301 642 4369 πρὸς
654 4299 785 4366 ἀπόδειξιν
796 4303 846 4352 τῶν
858 4297 994 4368 είρημένων
1006 4297 1078 4350 αι’ντοῖ
1091 4305 1121 4350 Α.
1206 4309 1246 4365 17.
1259 4296 1331 4348 αὑτοῦ

354 4379 455 4438 :nptum
468 4387 501 4423 ex
514 4370 548 4423 A.
601 4369 939 4440 βαρυνόμενοι(ςί.2θος.
951 4385 976 4422 v.
990 4365 1019 4436 4)
1034 4368 1068 4420 Δ.
1209 4365 1329 4437 αυτοῦ]

470 4455 512 4494 22.
531 4441 573 4494 καὶ
586 4442 600 4492 ὁ
613 4441 646 4494 Α.
658 4441 708 4509 ἔξω
723 4441 773 4495 Ed.
786 4441 826 4508 ιξο
840 4439 901 4510 (sic)
916 4438 1033 4492 codicem
1046 4457 1061 4491 ο
1073 4455 1127 4508 quo
1139 4437 1331 4492 tmnscribebat

355 4509 419 4578 vid.)
435 4509 467 4564 B.
575 4525 618 4632 Ἲς.
637 4506 727 4580 νόμος]
748 4513 828 4574 -Ι-κιιὶ
843 4510 894 4564 Ed.
909 4509 999 4564 invitis
1011 4509 1081 4564 AB.
1189 4521 1285 4580 25-27.
1305 4508 1330 4560 A

358 4603 454 4648 τρωσιν
467 4581 580 4634 transilit

720 4651 769 4712 κί’
