3244 5146
211 337 394 406 CONTRA
415 338 709 405 THEODORUM
732 338 869 404 EPISC.
894 337 1026 403 MOPS.
1050 338 1138 402 LIB.
1163 338 1210 403 11.
1256 340 1317 402 531

115 496 251 579 gloriam
272 501 386 567 habere
407 501 584 580 (contendit,
602 523 682 586 pene
707 501 804 566 eiiam
827 501 991 586 increpem
1014 522 1086 563 eum
1110 499 1165 583 qui
1190 505 1320 583 propter

114 622 172 664 nos
193 602 442 694 exinanitionem
456 605 524 688 pati
540 603 658 670 voluit:
681 605 732 670 vel
747 604 878 668 forsiien
895 603 993 668 etiam
1008 601 1157 688 objiciens
1171 602 1319 666 inhones-

113 707 182 767 tsm
204 728 293 770 suum
317 708 508 772 dementiam
531 706 685 791 discipulo
707 707 826 772 dicenti
850 708 924 770 “Et
937 706 1080 771 Verbum
1104 727 1175 769 cero
1198 705 1443 790 innumeram.

115 814 134 842 “
149 807 230 873 esb.'’
275 810 446 874 Sciendum
471 810 573 894 igitur
596 810 689 893 quod,
715 808 790 873 licei
815 831 915 874 uuum
943 809 1058 873 alicubi
1081 807 1176 882 dicet,
1200 812 1233 871 eb
1254 791 1348 871 non¹’
1362 789 1401 838 ¹⁴¹

79 909 219 992 5magis
240 911 318 976 duos
341 913 434 991 filios,
456 913 582 996 ejiciens
606 912 733 976 omnino
756 934 821 976 esse
845 911 949 975 Deum
971 917 1005 975 eb
1025 910 1141 974 Filium
1164 932 1244 988 eum,
1264 909 1319 993 qui

113 1011 197 1075 sicut
219 1013 286 1096 ipse
307 1015 395 1092 dicit,
411 1017 449 1078 de
472 1015 589 1079 semine
610 1018 658 1078 esb
674 1014 798 1092 David,
825 1013 865 1077 sd
887 1013 988 1078 solum
1011 1013 1106 1077 refert
1122 1013 1225 1076 Deum
1240 1017 1318 1076 Ver-

113 1113 189 1178 bum
212 1115 269 1202 ¹qui
293 1138 332 1181 ex
354 1117 423 1181 Deo
446 1118 541 1182 Patre
565 1123 622 1194 est,
649 1139 740 1181 verae
763 1116 927 1180 filiationis
952 1115 1097 1200 gloriam.
1151 1115 1222 1179 Hoc
1245 1137 1319 1179 vero

113 1217 195 1280 nihil
209 1217 296 1282 aliud
310 1224 370 1298 esi,
386 1220 467 1284 sicut
481 1221 557 1298 dixi,
574 1242 666 1304 quern
683 1242 747 1284 non
767 1219 921 1304 suscipere
942 1220 1071 1283 modum
1091 1217 1316 1282 humanitatis:

113 1320 243 1384 omnino
265 1327 372 1386 nutem
395 1323 576 1388 interimere
598 1323 872 1407 dispensationem,
891 1344 947 1405 per
969 1343 1062 1405 quam
1086 1327 1119 1385 eb
1141 1321 1220 1384 salvi
1242 1318 1318 1383 foebi
1334 1322 1416 1386 Supra
1427 1339 1451 1386 P·

58 1439 99 1481 10
112 1444 232 1501 sumus,
248 1429 282 1488 eb
302 1430 439 1490 mortem
460 1430 494 1491 eb
513 1431 676 1511 peccatum
699 1424 913 1502 transivimus,
930 1431 963 1490 et
981 1423 1151 1488 diabolicae
1167 1421 1318 1487 avaritiae
1331 1399 1387 1448 ⁵²²'

108 1525 226 1610 jugum
240 1526 452 1612 deposuimus.

482 1779 661 1856 lunonem,
679 1801 717 1842 ex
733 1777 842 1842 eodem
857 1775 947 1841 libro.

155 1946 258 2010 Nemo
280 1950 422 2031 artificio
446 1950 735 2033 interropationnm
756 1948 950 2032 decipiatur.
994 1946 1212 2030 Flapitiosnm
1234 1947 1319 2010 enim

113 2060 159 2111 est
175 2051 329 2134 deponere
347 2052 474 2136 quidem
497 2063 625 2116 tantam
647 2053 775 2116 testium
795 2051 920 2128 nnbecn,
935 2049 1107 2114 secundnm
1129 2049 1215 2134 qnod
1233 2048 1318 2132 Apo-
1332 2061 1397 2111 Eeb.
1410 2061 1455 2111 xii.
1466 2075 1486 2110 1.

59 2159 99 2219 ¹5
113 2152 213 2216 stolus
232 2155 330 2232 dicit,
346 2155 465 2218 astutis
486 2167 593 2219 antem
612 2155 922 2238 interropotionibns
940 2155 1094 2237 deceptos,
1110 2151 1317 2216 adversario-

113 2277 188 2318 rnm
201 2259 298 2340 parti
318 2257 475 2342 corp'nnpi.
523 2257 612 2334 Quae
629 2277 702 2322 nero
721 2268 805 2330 snnt,
822 2278 904 2340 qnae
918 2276 989 2320 mm
1003 2267 1075 2318 arte
1089 2253 1319 2337 interropant?

113 2358 267 2424 Hominis
279 2361 422 2444 penitrin
437 2361 563 2437 Maria,
579 2382 625 2424 αα
639 2359 702 2424 Dei
714 2358 887 2443 penitrin?
919 2358 976 2434 Et,
997 2357 1061 2434 Qui
1076 2357 1246 2437 crnmfimes
1260 2367 1316 2433 est,

113 2473 225 2524 nemim
238 2463 327 2527 Dens
346 2487 392 2528 an
412 2464 533 2529 bomo?
574 2463 640 2527 Sed
661 2465 795 2527 ntorum
810 2461 937 2546 quidem
951 2466 1039 2525 certo
1054 2471 1100 2524 est
1114 2459 1274 2524 absolutio
1288 2469 1318 2521 αι

113 2584 153 2627 αα
167 2565 219 2627 nis
233 2587 316 2650 qnae
331 2566 560 2652 praedicimus
575 2566 610 2628 in
625 2566 791 2650 responsis,
806 2585 889 2649 qnae
903 2563 949 2626 od
961 2563 1228 2646 interropationes
1239 2561 1317 2644 fier-

59 2692 102 2731 20
115 2678 215 2730 runt:
238 2679 346 2734 tamen
367 2692 441 2735 vero
459 2671 588 2734 dicatur
602 2680 633 2734 et
646 2669 721 2752 jam
740 2689 834 2744 nnnc,
849 2689 932 2752 qnae
954 2665 1167 2750 compendiose
1187 2684 1316 2747 respon·

114 2770 189 2835 dere
204 2783 336 2854 oportet,
351 2784 385 2837 αι
400 2774 494 2837 nullo
509 2773 555 2838 eis
569 2773 695 2837 occasio
709 2771 851 2836 montiae
865 2771 1079 2854 relinquatur.
1121 2766 1201 2830 Oum
1215 2767 1318 2850 ipitnr

114 2871 326 2958 internopant,
341 2875 494 2942 Hominis
505 2874 659 2961 penitrin,
674 2897 720 2938 an
734 2875 797 2938 Dei
809 2872 950 2957 penderis
964 2883 1010 2937 en
1020 2869 1167 2934 Maria?
1185 2869 1319 2932 dicotur·

114 2998 137 3039 α
152 2979 244 3042 nobis
261 2979 424 3064 Utraque.-
445 2999 544 3043 nnnm
558 2979 686 3064 quidem
702 2989 826 3042 nmnra
840 2977 898 3054 rei,
915 2976 1053 3040 alternm
1066 2995 1140 3038 nero
1154 2971 1318 3036 relatione.

116 3077 266 3146 Hominis
294 3085 379 3147 enim
406 3084 551 3168 yenitric
580 3093 626 3146 est
651 3081 859 3155 smtnraliter,
886 3079 1040 3164 qnoniam
1067 3078 1158 3140 bomo
1183 3085 1255 3139 erat
1284 3075 1320 3137 in

61 3188 361 3262 25nterod1arine,
377 3188 432 3267 qni
450 3197 481 3250 et
500 3186 576 3250 inde
595 3185 770 3266 processit:
791 3183 854 3248 Dei
873 3193 981 3246 autem
999 3177 1149 3264 penite-in,
1168 3177 1320 3261 qnoniam

117 3294 205 3360 Dens
233 3303 302 3357 erat
327 3291 364 3354 in
388 3290 513 3355 bomine
534 3300 624 3365 neto,
649 3309 712 3352 non
740 3288 776 3351 in
799 3308 834 3352 eo
862 3285 1119 3368 circumscriptus
1147 3281 1320 3347 secundnm

116 3409 281 3470 naturam,
296 3395 353 3457 sed
367 3393 453 3478 quod
467 3393 505 3456 in
518 3414 553 3456 eo
568 3396 613 3456 est
628 3392 801 3456 secundam
815 3391 964 3474 affectum
979 3387 1164 3452 volontatis.
1202 3385 1320 3467 Iraque

117 3507 258 3584 utraque
287 3497 414 3582 quidem
442 3497 512 3561 diei
533 3495 659 3578 justum
688 3504 744 3568 est,
767 3515 830 3558 non
859 3503 967 3556 entem
988 3491 1160 3555 secundum
1184 3487 1320 3551 similem

118 3603 284 3667 rariorem.
328 3597 393 3664 Nec
415 3600 498 3663 enim
512 3601 595 3663 sioni
610 3599 753 3664 bernoin
768 3607 855 3660 utero
874 3607 911 3658 at
933 3604 1011 3657 esset
1030 3592 1168 3675 suscepit
1184 3590 1318 3663 initium,

64 3727 105 3784 30
118 3707 167 3770 sic
189 3715 219 3769 ct
234 3704 321 3766 Dens
341 3703 498 3766 Verbum:
529 3713 601 3766 erat
625 3701 710 3764 enim
727 3709 802 3763 onte
821 3717 942 3760 onlnem
964 3707 1158 3759 creaturam.
1203 3693 1319 3774 Itaque

117 3821 148 3874 ct
167 3819 302 3890 neroque
316 3805 386 3867 dici
399 3802 524 3886 finiam
544 3813 825 3880 essetutrumque
838 3820 947 3863 eonem
963 3797 1135 3862 secundnm
1143 3795 1318 3878 propriam

118 3912 288 3976 racionem.
344 3905 439 3986 Irbnn
467 3916 573 3968 aulem
601 3902 852 3988 respondendnm
880 3906 911 3966 el
939 3901 969 3964 si
996 3901 1207 3980 interropant,
1230 3895 1319 3958 Dens

119 4013 290 4096 maerstem
310 4019 357 4074 est
378 4029 425 4072 an
445 4005 564 4071 bomo?
590 4005 674 4089 qnod
695 4009 829 4085 utroq-ne
844 4005 981 4085 quidem,
996 4021 1059 4066 mm
1081 4011 1188 4064 antem
1209 4018 1317 4063 monn-

157 4285 182 4322 2.
200 4267 314 4322 obitiens
327 4265 477 4320 inonesturn
491 4263 527 4318 D.
740 4279 767 4326 ⁴·
786 4275 867 4313 unum
882 4258 917 4311 D.
1129 4266 1156 4320 5.
1174 4253 1266 4306 citieus
1282 4252 1317 4306 D.

121 4341 147 4394 6.
166 4337 199 4393 sd
211 4355 261 4391 on.
275 4337 312 4391 Ι).
572 4349 612 4387 12.
633 4331 676 4386 lle
689 4331 724 4398 D,
737 4330 843 4387 Sunius.
857 4329 899 4384 Ex
911 4325 1004 4382 eodem
1016 4323 1084 4379 libro
1095 4323 1253 4379 'llreodorua
1268 4322 1318 4375 Ed.

124 4424 165 4552 17j
180 4409 244 4534 ppulo
254 4407 294 4533 11))
416 4421 457 4476 19.
471 4401 707 4528 ἑῐῐιῑαιποςαὸοηαιη
723 4403 759 4455 Ι).
879 4416 921 4454 ss.
940 4397 1063 4452 dicantur
1076 4395 1111 4449 D.
1229 4393 1270 4447 26.
1291 4393 1319 4446 in

120 4496 239 4534 eoreo
283 4516 290 4532 .
399 4491 587 4546 spumam
631 4513 637 4528 .

686 4577 774 4643 3Y2
