3244 5146
326 269 391 334 586
658 269 695 332 Β.
720 265 907 333 CYRILLI
931 265 1193 330 ALEXANDR.

292 433 371 536 brfi
399 429 540 528 θεότητι
568 439 631 510 τοῦ
651 435 893 532 Μονογενοῦς,
913 427 993 508 οθδέ
1021 427 1086 528 τὴν
1108 427 1259 528 θεότητα
1288 435 1339 532 τῇ
1367 425 1534 529 σαρεὶέν

158 573 266 654 Βμῐοιο.
326 561 403 638 ταῖς
428 555 738 656 θαυματουργίαις·
778 551 801 654 ἢ
821 557 879 632 καῖ
904 553 959 632 ὅτι
977 550 1041 632 τόν
1060 551 1227 654 Λάζαρον
1246 551 1406 653 ἤγειρεν
1426 553 1466 627 ἐκ
1484 556 1535 624 τοῦ

157 653 241 702 Μ’
326 679 496 777 μνημείου
515 676 689 782 φωνήσας
715 678 735 755 ό
759 676 852 760 Θεὸς
873 674 993 776 Λόγος
1020 679 1080 755 καὶ
1106 677 1217 778 οῦχό
1244 674 1468 776 ἅνθρωπος,
1491 675 1538 748 καὶ

158 815 198 867 Ib-
209 817 242 866 iv.
256 815 279 868 ⁶·
326 798 380 880 ότι
397 802 465 904 οὐχ
483 798 611 884 ὁΘεδς
629 799 818 880 ἐκοπίασεν
837 801 875 878 ἐν
889 806 934 904 τῇ
949 799 1144 904 ὁδοιπορίᾳ,
1159 800 1245 875 ἀλλ’
1261 799 1284 876 ὁ
1305 795 1538 899 ἀναληφθεὶς

324 922 524 1024 ἄνθρωπος,
543 926 601 1003 καὶ
629 921 736 1008 αὐτὸς
763 924 926 1003 ἐπείνασε
954 925 1012 1002 καὶ
1040 922 1194 1027 ἐδίψησε
1223 923 1283 999 καὶ
1316 917 1560 1018 ἐσταυρώθη,

325 1049 384 1124 καὶ
397 1045 584 1126 ἀπέθανεν·
608 1045 816 1148 ὁλοτρόπως
835 1050 899 1145 τῆς
913 1046 1082 1147 ἀληθείας
1101 1041 1388 1144 διημαρτηκέναι
1411 1038 1541 1146 φαμὲν,

325 1169 384 1248 καῖ
402 1172 465 1269 τῆς
482 1167 572 1266 μετά
590 1168 728 1272 σαρκός
752 1169 952 1267 οἰκονομίας
975 1169 1155 1269 ἀγνοῆσαι
1173 1164 1216 1249 τῦ
1234 1163 1471 1268 μυστήριον.
1505 1163 1540 1242 οῖ

325 1289 398 1394 γὰρ
428 1289 519 1373 εἶναί
548 1302 668 1399 φαμεν
700 1291 795 1376 υῖοῦς
823 1291 897 1391 δύο,
929 1289 1011 1372 οῦδέ
1042 1291 1106 1371 δύο
1136 1290 1320 1396 χριστοῦς,
1351 1290 1456 1368 ἀλλ’
1486 1289 1541 1366 ἕνα

295 1413 489 1519 οΧριστὸν
517 1420 576 1497 καὶ
600 1415 701 1514 Υῖὸν,
729 1413 793 1497 τὸν
820 1419 858 1497 ἐκ
887 1421 984 1496 Θεοῦ
1010 1414 1076 1514 μέν
1109 1412 1254 1516 Πατρός
1282 1413 1361 1514 πρὸ
1402 1409 1539 1494 παντὸς

324 1543 450 1624 αῖιῦνος
478 1542 536 1620 καῖ
563 1541 694 1646 χρόνου
721 1539 935 1642 γεννηθέντα
961 1537 1058 1619 Θεὸν
1084 1543 1276 1640 Μονογενῆ
1304 1540 1370 1617 καὶ
1404 1532 1571 1616 {md-10

324 1697 461 1744 στατον
479 1665 587 1745 αὐτοῦ
605 1664 738 1767 Λόγον,
757 1665 796 1743 ἐν
813 1662 982 1769 ἐσχάτοις
1004 1662 1042 1742 δέ
1062 1671 1126 1743 τοῦ
1153 1669 1279 1746 αἰῶνος
1307 1669 1461 1764 καιροῖς
1479 1659 1536 1738 τὸν

323 1785 432 1866 αὐτὸν
450 1785 541 1866 κατὰ
566 1785 687 1889 σάρκα
715 1789 754 1867 ἐκ
777 1783 955 1889 γυναικός.
995 1783 1045 1886 μὴ
1064 1786 1182 1866 τοίνυν
1200 1783 1536 1886 ἀποδιοριζεποισαν

323 1912 371 1993 ὡς
399 1910 559 2014 δίψυχοι,
576 1907 665 2010 μηδὲ
695 1909 758 1990 δύο
785 1911 870 2010 ἡμῖν
897 1908 1195 2013 εῖσκομιζέτοισαν
1225 1906 1335 2005 υίοῦς,
1359 1909 1457 1987 ἀλλ’
1478 1907 1535 1984 ἕνα

322 2035 382 2112 καὶ
413 2031 478 2112 τὸν
509 2032 618 2113 αὑτὸν
651 2034 955 2134 όμολογείτωσαν,
985 2037 1034 2117 ὡς
1066 2031 1403 2133 ε’νανθραιπήσαντα
1439 2035 1531 2110 Θεοῦ

323 2153 458 2257 Λόγον,
485 2160 545 2236 καῖ
572 2156 681 2237 αὐτοῦ
707 2154 827 2236 πάντα
855 2159 914 2235 καὶ
942 2154 1067 2261 φωνὰς
1095 2159 1153 2234 καὶ
1180 2153 1368 2256 ἐνεργείας.
1411 2149 1530 2249 ἐπειδὴ
1540 2185 1561 2238 15

324 2277 395 2382 γὰρ
413 2277 459 2379 ἦν
477 2282 497 2359 ό
516 2280 621 2364 αὐτὸς
641 2279 735 2364 Θεός
759 2315 796 2360 τε
816 2280 906 2378 ὁμοῦ
928 2282 986 2359 καὶ
1013 2279 1211 2381 ἅνθρωπος,
1231 2285 1342 2358 λαλεῖ
1363 2281 1428 2358 καῖ
1449 2283 1525 2356 θεο-

289 2409 468 2505 ἀπρεπῶς
497 2406 556 2483 καὶ
584 2404 827 2506 ἀνθρωπίνως·
865 2405 1000 2506 ἐνεργεῖ
1025 2402 1063 2482 δέ
1089 2402 1218 2502 ὁμοίως
1236 2405 1294 2482 καὶ
1312 2400 1362 2481 τά
1382 2400 1524 2504 ἀνθριό·

321 2560 409 2606 πινα
436 2530 495 2606 καί
522 2525 569 2608 τά
596 2530 786 2628 θεοπρεπῆ.
825 2525 911 2606 ὅταν
938 2528 1057 2607 τοίνυν
1085 2529 1317 2629 ὁμολογῶσιν
1341 2525 1410 2607 ἕνα
1442 2523 1526 2606 Yth»

322 2655 381 2730 καὶ
409 2651 573 2754 Χριστὸν
601 2653 660 2730 καὶ
685 2650 830 2752 Κύριον,
858 2650 1106 2731 πεπαόσονται
1133 2655 1347 2752 διαιροῦντες
1377 2653 1523 2749 ἀμαθῶς

322 2775 381 2852 καὶ
405 2771 604 2858 διιστάντες
622 2778 670 2857 είς
689 2773 764 2871 δύο,
783 2777 831 2858 ὡς
850 2773 911 2852 ἕνα
936 2773 1002 2871 μὲν
1020 2778 1138 2857 ῖδικῶς
1156 2775 1216 2852 καὶ
1233 2770 1303 2852 ἀνά
1320 2773 1436 2875 μέρος
1456 2770 1553 2853 υίῦνιι

322 2900 482 2976 νοεῖσθαι
500 2894 561 2974 τὸν
580 2898 619 2975 ἐκ
638 2902 735 2976 Θεοῦ
755 2896 901 2999 Πατρός
920 2895 1058 2999 Λόγον,
1079 2895 1198 3000 ἕτερον
1216 2897 1254 2975 δέ
1272 2895 1388 2976 πόλιν
1409 2901 1522 2977 ῖδυιθς

321 3023 380 3100 καὶ
398 3016 468 3098 ἀνὰ
480 3019 585 3122 μέρος
604 3017 680 3098 υίὸν
698 3016 772 3119 τὸν,
786 3022 834 3104 ὡς
852 3020 955 3099 αὐτοί
970 3025 1098 3125 φασιν,
1110 3019 1366 3124 ἀναληφθέντα
1380 3021 1518 3125 ἀνθρω·

322 3177 403 3224 που.
446 3143 542 3241 ἡμεῖς
570 3140 642 3245 γὰρ
663 3144 732 3246 οῦχ
759 3145 871 3226 οὕτως
898 3141 1029 3247 φαμέν,
1048 3141 1128 3222 οόδέ
1154 3145 1266 3227 οὕτως
1293 3145 1519 3243 πιστεύομεν,

247 3267 249 3272 ’
292 3289 310 3332 θ
323 3267 409 3345 ἀλλ’
425 3265 479 3345 ὅτι
494 3265 587 3348 Θεὸς
601 3263 652 3344 αῖν
666 3267 686 3344 ὁ
701 3266 820 3367 Λόγος
838 3265 983 3368 γέγονεν
1000 3264 1103 3373 σὰρξ
1118 3266 1303 3346 τουτέστιν
1322 3267 1519 3370 ἅνθρωπος,

322 3389 387 3466 οῦκ
415 3388 615 3480 ἀποβαλὼν
633 3387 675 3468 τὸ
695 3386 781 3469 εἶναι
800 3389 903 3485 Θεὸς,
921 3387 1023 3469 ἀλλά
1050 3393 1108 3470 καῖ
1129 3390 1333 3488 μεμενηκιῖις
1362 3391 1458 3497 ὅπερ
1482 3391 1552 3492 ἦνη

322 3512 506 3615 ἀτρεῖττως
537 3513 595 3592 καὶ
631 3514 899 3609 ἀναλλοιῶτως,
935 3516 993 3593 καὶ
1030 3513 1261 3618 μετεσχηκὼς
1292 3513 1437 3617 σαρκὸς
1469 3519 1519 3598 καὶ

359 3685 385 3723 2.
403 3671 504 3741 ἤγειρεν
515 3668 544 3722 εἰς
555 3672 602 3724 τοῦ
613 3669 736 3737 μνημείου
748 3669 800 3724 hoc
812 3669 905 3724 ordine
918 3671 952 3724 A.
1021 3665 1025 3676 ¹
1146 3687 1172 3740 3.
1191 3673 1206 3725 ὁ
1219 3672 1285 3728 Θεὸς
1296 3675 1383 3744 Λόγος
1394 3675 1440 3730 καὶ
1452 3676 1482 3730 οδ
1508 3677 1519 3727 ὁ

322 3739 456 3832 δνθραηος
468 3738 501 3794 Α.
514 3739 618 3829 ῖαγειιρε
636 3748 662 3793 et
680 3746 708 3792 Γ.
727 3740 776 3810 οὐχ
792 3742 807 3792 ὁ
821 3738 852 3828 [ὁ
863 3757 918 3794 om.
930 3737 1037 3811 Migne]
1051 3741 1186 3823 ἅνθρωπος
1197 3740 1257 3795 ἀλλ’
1270 3744 1286 3795 δ
1298 3699 1513 3826 θεοελᾷγσςδδ

321 3810 658 3968 ξὶιῖῖῖὲθρῖῖῖῖέῦῖ
670 3808 770 3932 1όὲθῶ
813 3811 964 3880 ’Μ”ρῶθ
973 3812 1519 3956 Αῖῖὲξῖιῦζῖῗάἷΐῷξηᾞᾪῗῖῖ

322 3950 373 4005 hoc
385 3950 478 4005 ordine
490 3949 524 4004 A.
536 3950 623 4018 φαμεν
634 3947 827 4018 διημαρτηκέναι
839 3951 884 4018 τῆς
895 3949 1017 4019 ἀληθείας
1029 3951 1080 4006 Ed.
1228 3967 1269 4006 11.
1287 3953 1366 4006 αὐτοῦ
1377 3955 1464 4025 λόγον
1474 3955 1518 4008 hoc

321 4019 414 4074 ordino
425 4021 460 4074 A.
688 4035 728 4072 12.
746 4019 781 4086 μὴ
794 4021 879 4075 τοίνυν
891 4019 1125 4090 ἀποδιοριζίτοσαν
1135 4023 1169 4078 ίις
1180 4021 1293 4146 ἓιὲψυχοι
1310 4022 1363 4077 hoc
1381 4023 1479 4080 ordine
1490 4027 1516 4078 A.

321 4091 411 4144 Τοίνυν
429 4092 463 4146 ὡς
480 4089 590 4160 δίψυχοι
605 4086 734 4160 [δίψυχον
746 4087 810 4160 Ed.]
830 4090 865 4159 μὴ
883 4090 1118 4160 ἀποδιοριζέτυσαν
1129 4092 1166 4146 Ι).
1402 4111 1447 4165 13.
1465 4091 1516 4149 ἀλλ’

322 4160 394 4214 A.D.
407 4160 477 4214 ἀλλὰ
490 4159 542 4213 Ed.
737 4176 778 4225 14.
796 4160 1000 4232 ὁμολογὴτυσαν
1011 4163 1045 4216 A.
1237 4162 1278 4219 16.
1297 4161 1354 4231 ἧνδ
1367 4165 1449 4222 ὠτὸς
1460 4176 1485 4220 ος
1494 4185 1517 4218 τε

322 4233 386 4295 6μοῦ
397 4230 449 4286 hoo
461 4228 554 4284 ordino
566 4229 600 4283 A.
794 4231 834 4284 18.
852 4231 884 4285 τὸ
897 4241 1066 4303 assumptum
1078 4247 1111 4286 ex
1123 4232 1196 4287 A.D.
1251 4236 1406 4304 ὁμολογῶσι
1418 4236 1516 4291 Λ.Ι“.Ι).

322 4299 367 4352 οδε
379 4303 539 4371 ὁμολογοῦσι
553 4298 605 4353 Εδ.
786 4317 826 4370 ς9.
845 4300 1023 4356 πεπαῦσονςαι
1034 4303 1190 4374 διαιροῦντες
1201 4303 1304 4373 ἀμαθῶς
1315 4302 1368 4358 hoc
1380 4305 1479 4362 ordine
1488 4309 1515 4361 A.

321 4368 496 4424 πεπαῦσοισαι
509 4373 571 4440 poet
582 4367 687 4437 ἀμαθῶς
698 4371 848 4441 transponit
861 4370 912 4425 Ed.
1073 4389 1115 4442 23.
1134 4372 1206 4440 ἡμεῖς
1217 4374 1268 4446 γὰρ
1280 4374 1310 4428 οῦ
1341 4373 1427 4432 οὕτως
1439 4379 1516 4464 φαμέι

322 4435 373 4490 hoc
386 4438 478 4493 ordine
490 4439 525 4494 A.
577 4439 624 4509 μὲν
636 4450 662 4494 οι
673 4439 745 4508 ἡμεῖς
756 4441 825 4494 inter
836 4457 865 4494 ει
877 4441 1027 4513 transponit
1039 4441 1091 4498 Ed.
1128 4442 1225 4498 Statim
1238 4445 1297 4500 οὔδε·
1309 4396 1385 4499 AD.
1398 4447 1449 4502 αδδ
1470 4447 1513 4502 ffl.

323 4521 367 4572 τι.
384 4508 517 4564 τουτέστιν
559 4509 662 4580 θρασος
674 4520 842 4580 assumptum
854 4527 886 4564 ex
900 4511 964 4566 AF.
1132 4513 1172 4568 26.
1191 4517 1356 4586 μετεσχηκὸς
1368 4519 1471 4586 σαρκὸς
1482 4518 1528 4572 καὶ,

321 4573 427 4645 αἵματος
438 4576 489 4631 hoc
501 4576 595 4633 ordine
607 4579 640 4633 A.
654 4582 820 4651 μετεσχηκὼς
832 4588 894 4651 post
905 4580 1011 4651 αἵματος
1021 4583 1172 4654 transponit
1185 4583 1236 4638 Ed.
