3278 5130
96 1055 116 1114 5

80 1685 122 1726 10

85 2355 124 2416 15

130 376 167 440 ii.
184 391 222 462 15
238 401 303 465 sqq.
350 379 404 445 IN
429 379 494 446 ΕΡ.
518 379 566 445 ΙΙ.
593 379 657 446 AD
684 378 976 444 CORINTHIOS.
1016 379 1103 445 LIB.
1125 378 1152 444 Ι.
1263 382 1328 445 329

129 542 299 643 ρωμένος·
338 545 466 625 οῦκοῦν
493 543 561 625 κᾶν
588 550 617 625 εί
646 551 761 625 νοοῖτο
788 543 877 644 μετὰ
906 541 1052 647 σαρκός,
1078 541 1145 622 κᾶν
1166 549 1195 624 εί
1222 551 1329 624 τοῦτο

130 667 198 766 μέν
230 671 319 775 οὐχὶ,
351 671 552 770 καταμόνας·
585 671 622 753 δὲ
650 670 775 775 ὥσπερ
808 675 867 752 καὶ
901 674 1000 752 οῦπω
1032 673 1114 752 καθ’
1143 672 1239 770 ἡμᾶς
1263 706 1326 774 γε·

131 790 259 893 γονόις,
289 795 309 873 ὁ
337 795 377 874 ἐκ
403 801 499 875 Θεοῦ
519 792 650 898 Λόγος,
673 792 759 901 όσμῆ
781 793 840 888 τῆς
863 793 1016 897 γνόσειίς
1041 797 1120 874 ε’στι
1144 801 1209 874 τοῦ
1236 799 1330 874 Θεοῦ

131 917 193 993 καὶ
228 917 381 1020 Πατρός,
411 920 459 1002 ὡς
490 921 528 998 ε’ν
560 919 631 1025 ίόίηι
660 916 769 1025 φύσει
797 917 862 997 τόν
894 917 938 1024 ἐξ
965 916 1074 1020 οῦπέρ
1108 919 1209 998 ἔστιν
1238 919 1328 998 εῦω·

132 1036 261 1139 διάζων
279 1045 327 1123 εἱς
351 1042 548 1140 ἡμᾶς.καῖ
576 1040 672 1144 ε’ίπερ
690 1043 790 1120 ἐστὶν
807 1040 937 1140 ἀληθὲς
956 1040 976 1120 ό
995 1056 1099 1149 φημι,
1116 1047 1194 1124 πῶς
1214 1037 1259 1119 όιν
1278 1039 1330 1141 εἴη

131 1161 282 1261 γενητὸς
307 1166 365 1242 καὶ
389 1171 462 1249 τοῖς
480 1163 524 1270 ἐξ
546 1164 610 1243 οῦκ
628 1163 741 1244 όντων
760 1172 917 1268 λαχοῦσι
940 1162 1083 1266 γένεσιν
1100 1163 1300 1265 ἐναρίθμιος
1316 1197 1327 1261 ;

133 1284 199 1363 οῦκ
225 1283 270 1364 ἂν
288 1284 359 1390 γόιρ
381 1287 518 1390 γένοιτο
541 1296 606 1366 τοῦ
630 1287 681 1387 μὴ
700 1287 891 1387 κτωμένου
910 1284 1020 1386 ὀσμὴ,
1038 1284 1127 1385 μήτε
1146 1283 1327 1390 ῦπυίρχον-

133 1441 196 1490 τος
213 1415 381 1508 γενητῶς·
411 1411 453 1489 οῦ
471 1408 542 1511 γὰρ
561 1409 598 1490 έν
615 1444 657 1512 γε
675 1415 726 1517 τῷ
744 1407 904 1516 ἀγενήτῳ
921 1407 963 1489 τό
983 1408 1134 1509 γενητόν
1153 1405 1333 1514 ὀψόμεθα,

134 1529 215 1609 οῦδὲ
242 1533 280 1610 έν
297 1537 349 1639 τῷ
372 1539 507 1638 γενητῷ
535 1531 576 1612 τό
605 1535 788 1636 ἀγένητον.
826 1530 927 1610 ἀλλὰ
955 1530 1026 1631 μὴν
1047 1531 1177 1638 ἔδειξεν
1200 1533 1220 1611 ό
1244 1532 1332 1614 Υἱός

134 1652 173 1731 ε’ν
197 1654 310 1761 ἑαυτῷ
336 1653 400 1734 τόν
420 1655 576 1758 Πατέρα·
617 1655 710 1739 Θεός
738 1655 809 1756 ἄρα
836 1652 928 1734 κατόι
955 1653 1070 1760 φύσιν
1096 1658 1174 1734 ἐστὶ
1203 1652 1261 1734 διὰ
1289 1651 1331 1733 τό

134 1779 198 1873 τῆς
223 1776 348 1861 οῦσίας
375 1776 517 1857 τοῦτόν·
556 1778 710 1858 ἀκουέτω
737 1777 856 1857 τοίνυν
883 1780 941 1856 καὶ
966 1777 1057 1880 πρὸς
1082 1777 1183 1878 ἡμῶν
1205 1779 1225 1856 ό
1245 1774 1333 1862 Υἱός

1354 492 1487 560 [σου]

135 1908 158 1944 “
173 1900 302 2000 Μόρον
320 1899 507 1980 ε’κκενωθέν
525 1899 638 1998 ὄνομά
655 1898 757 1979 σου·”
790 1898 994 2002 ἐγνώκαμεν
1013 1898 1084 2003 γὰρ
1103 1898 1146 1980 δι’
1165 1901 1275 1980 αὐτοῦ
1293 1935 1332 1980 τε
1345 1931 1419 1981 caut.
1432 1931 1449 1980 i.
1463 1943 1488 1992 3·

135 2022 195 2099 καὶ
212 2023 250 2101 ἐν
267 2023 363 2130 αὐτῷ
379 2020 442 2103 τόν
460 2023 505 2131 ἐξ
520 2023 562 2103 οῦ
581 2023 788 2126 γεγέννηται
808 2023 954 2126 Πατέρα
973 2026 1031 2103 καὶ
1049 2023 1157 2105 Θεόν.

160 2212 237 2277 Ὀτι
264 2214 399 2303 Χριστοῦ
424 2214 545 2280 εὐωδία
571 2214 669 2291 ἐσμὲν
696 2213 772 2298 Θεῷ
796 2212 833 2280 ἐν
859 2208 928 2278 τοῖο
955 2212 1150 2302 σωζομένοις
1178 2213 1231 2278 καὶ
1256 2213 1293 2280 ὲν
1349 2229 1459 2292 15sqq.

557 2335 627 2406 τοῖς
653 2338 905 2416 ἀπολλυμένοις.

195 2482 436 2586 Εῦωόιοίᾷιυσι
455 2492 507 2592 τῷ
521 2491 603 2594 Θεῷ
621 2488 679 2565 καὶ
699 2487 818 2586 Πατρὶ
836 2483 900 2563 τόν
917 2482 1051 2585 Κύριον
1069 2484 1170 2583 ἡμῶν
1188 2485 1335 2584 Ἰησοῦν

137 2601 201 2684 τόν
218 2604 395 2706 Χριστόν,
413 2606 638 2710 πρῶτονμὲν
664 2611 712 2692 ὡς
740 2606 848 2687 αὐτόν
875 2607 1014 2712 ἔχοντες
1043 2604 1101 2685 όιόι
1128 2615 1191 2685 τοῦ
1212 2606 1330 2686 Πνεῦ-

137 2761 250 2826 ματος
268 2730 468 2810 ένοικοῦντό
492 2734 604 2810 τεκαὶ
624 2728 889 2831 ε’νηυλισμέιιον,
909 2726 984 2808 εἶτα
1002 2728 1056 2809 ότι
1074 2737 1148 2812 τοῖς
1167 2731 1329 2810 ἅπαντα·

138 2858 205 2954 χοῦ
231 2853 515 2954 όιακηρῦττοντές
543 2887 581 2932 τε
600 2858 657 2933 καὶ
673 2851 921 2960 περιφέροντες
939 2850 1003 2932 τόν
1022 2853 1074 2932 ἐπ’
1093 2853 1190 2960 αὐτῷ
1207 2850 1333 2955 λόγον,

85 3017 126 3056 20
140 2973 301 3076 καθυίπερ
326 3009 362 3054 τι
385 2982 457 3055 τιῦν
476 2974 728 3076 εῦοσμοτότων
745 2976 986 3076 θυμιαμάτων,
1005 2974 1264 3079 προσεκόμιζον
1281 2981 1333 3083 τῷ

140 3101 224 3205 Θεῷ
245 3097 311 3196 τὴν
327 3098 365 3178 έν
382 3132 424 3201 γε
449 3099 564 3208 τούτῳ
590 3098 765 3199 σπουδήν·
796 3098 887 3180 κατὰ
913 3098 1033 3202 τρίτον
1056 3095 1093 3176 όέ
1117 3095 1260 3199 τρόπον,
1278 3097 1334 3178 ὅτι

139 3221 197 3299 καὶ
223 3218 433 3328 σύμμορφοι
462 3220 647 3325 γεγονότες
675 3223 782 3331 αὐτῷ,
806 3221 865 3301 διό
889 3228 961 3303 τῶν
978 3222 1070 3301 ἴσων
1093 3221 1334 3301 τετελείωνται

138 3340 371 3442 παθημάτων.
408 3340 551 3425 εόωόίιιν
569 3342 683 3447 γεμὴν
699 3343 844 3430 ἑαυτοῦς
865 3342 957 3424 εἷναί
973 3351 1068 3452 φασι
1085 3351 1149 3423 τοῦ
1167 3349 1333 3445 Χριστοῦ

139 3455 168 3533 ἐν
185 3458 253 3539 τοῖς
280 3455 476 3563 αωζιμένιις
507 3463 566 3537 καὶ
596 3457 625 3537 ἓν
649 3461 717 3540 τοῖς
739 3453 1000 3562 ιἰπιλλυμένιις,
1025 3467 1072 3550 οἱς
1096 3453 1156 3561 μὲν
1179 3449 1266 3560 όσμῦ
1293 3454 1332 3534 ἐκ
1345 3477 1448 3531 ver.16.

176 3623 201 3662 2.
220 3613 290 3664 οὗτοι
302 3609 449 3665 emendavi.
462 3609 528 3665 οὕτω
541 3608 591 3665 Ed.
713 3629 741 3682 9.
758 3609 893 3702 όγένητον]
913 3610 999 3682 pergit
1016 3611 1108 3665 οόκοῦν
1119 3608 1134 3678 ἦ
1146 3609 1230 3666 κτίσις
1241 3609 1269 3663 έν
1281 3609 1333 3680 όόίᾳ

139 3677 221 3748 φῦσαι
238 3680 283 3733 οῦκ
300 3702 332 3734 αν
348 3680 498 3751 παρέδειξεν
514 3679 600 3735 εἴποτε
614 3681 661 3750 τόν
671 3684 718 3735 τοῦ
729 3682 851 3736 όκτιστου
863 3679 953 3751 φῦσιν
973 3680 1029 3734 ε’πεό
1041 3679 1086 3734 οῦν
1097 3680 1194 3748 όόειξεν
1206 3682 1220 3732 ό
1232 3680 1293 3735 Υἱός
1304 3681 1332 3734 έν

139 3750 220 3820 imm?
232 3751 278 3804 τόν
289 3751 402 3820 Πατέρα,
416 3753 481 3806 θεός
492 3750 538 3818 (ef.
555 3754 599 3821 ιο)
611 3753 661 3821 όρα
673 3753 736 3806 κατό
748 3750 833 3821 φῦσιν
844 3751 925 3817 έστιν,
936 3751 967 3803 οῦ
981 3750 1030 3818 μὴν
1040 3750 1147 3819 ποίημα·
1168 3750 1208 3803 de}
1216 3750 1269 3840 γόρ
1281 3754 1333 3803 τῦν

138 3817 219 3872 όντων
230 3818 339 3875 ἕκαστον
350 3821 478 3887 τῦωόιόζει
490 3823 521 3875 τό
533 3823 665 3893 συγγενές.
686 3821 798 3890 ἅγγελος
808 3822 858 3891 γόρ
870 3819 984 3891 όγγέλου
996 3819 1065 3889 όσμὴ
1078 3821 1135 3876 έστι
1147 3822 1190 3874 καὶ
1201 3841 1255 3873 οιον
1266 3819 1331 3872 όπό-

139 3888 215 3944 όοσις
225 3890 302 3958 νοητὴ
312 3892 358 3958 τῆς
370 3889 409 3944 ἐπ’
421 3891 526 3947 έκιίνας
536 3895 665 3962 γνώσεως,
678 3891 719 3944 καό
734 3891 867 3960 ἅνθρωπος
878 3890 1014 3959 όνόρόιπου
1025 3891 1088 3944 κατὰ
1099 3893 1143 3944 τόν
1154 3887 1214 3943 ἴσον
1225 3890 1330 3957 τρόπον,

139 3961 155 4012 ό
172 3959 201 4014 Bc*
217 3962 283 4023 βοῦς
300 3959 315 4028 ἦ
333 3959 412 4017 ἵππος
429 3961 474 4014 οῦκ
491 3960 580 4028 ἀπόζει
597 3961 643 4029 τὴν
660 3960 794 4029 όνθρόποο
812 3959 902 4030 φῦσιν·
927 3964 982 4015 πῶς
999 3957 1044 4014 οῦν
1061 3961 1076 4013 ό
1094 3960 1121 4013 ἐκ
1143 3961 1210 4012 θεοῦ
1227 3959 1332 4026 Πατρός

139 4030 223 4100 Λόγος
234 4029 303 4154 όσμη
315 4052 354 4086 τις
365 4031 405 4083 καί
418 4031 511 4084 εῦωόία
528 4034 622 4085 νοεῖται
633 4034 679 4084 τοῦ
691 4033 759 4084 θεοῦ
770 4031 812 4084 καό
824 4031 933 4100 Πατρός,
946 4026 1018 4098 εἴπερ
1031 4029 1104 4083 έστιν
1115 4027 1255 4098 έτεροφυης
1262 4048 1271 4090 ;
1292 4026 1330 4082 H.

142 4115 183 4166 14.
199 4102 284 4171 θεῷι
304 4099 371 4154 didit
382 4101 451 4155 inter
462 4100 659 4155 emendationes
672 4100 772 4155 Maius.
882 4098 922 4152 τό.
939 4099 1110 4165 εόοόιόζωσιν
1123 4097 1161 4152 Η.
1209 4098 1332 4152 όςοότόν

138 4169 242 4238 ἴχοντες
258 4170 300 4224 όιό
320 4174 366 4224 τοῦ
385 4169 527 4238 πνεύματος
545 4171 689 4224 ἐνοικοῦντα
713 4173 758 4224 τόν
781 4168 868 4239 κόριον
890 4167 961 4238 ἡμῶν
983 4168 1074 4236 ίησοῦν
1094 4169 1204 4238 χριστόν
1224 4167 1330 4220 inverso

138 4239 231 4292 ordine
243 4246 270 4294 et
282 4241 371 4294 statim
384 4241 411 4294 έν
423 4242 521 4296 όαυτοῖς
532 4239 606 4294 addit
620 4239 656 4294 H.
783 4241 823 4294 18.
841 4238 857 4308 ό
871 4257 919 4310 pro
930 4234 1049 4294 ττ-εἶτα
1063 4238 1100 4291 Η.
1149 4235 1331 4306 ε’νηυλισμένον

139 4309 276 4364 emendavi
288 4321 319 4364 ut
331 4327 412 4380 supra
423 4329 450 4381 p.
459 4327 520 4381 320.
534 4310 717 4380 ε’νκυλισρένον
729 4309 827 4364 Maius.
840 4307 1025 4380 ἐγκυλισμίνον
1034 4307 1137 4378 Migne.
1184 4309 1239 4362 τοῖς
1249 4305 1330 4360 όταν-

138 4383 219 4449 ταχοῦ
230 4387 257 4432 et
268 4401 297 4434 τε
308 4397 361 4435 om.
377 4380 415 4435 H.
665 4397 705 4450 19.
723 4377 817 4451 λόγον]
836 4381 919 4444 Mal
930 4382 976 4434 τόν
987 4379 1031 4432 εῦα
1066 4379 1152 4432 ελικόν
1163 4375 1278 4447 κήρυγμα
1293 4373 1330 4429 Η.

140 4465 183 4502 αι.
201 4471 232 4538 γη
250 4465 304 4536 ους.
318 4448 356 4505 H.
405 4450 480 4520 &pro
492 4453 555 4504 κατὰ
568 4450 654 4542 ψόγον
666 4451 694 4504 δι’
705 4454 802 4532 τρόηον
812 4449 867 4541 H
899 4519 907 4540 η
951 4465 1053 4540 ραηκα
1069 4464 1128 4534 ραι.
1144 4447 1181 4501 H.
1220 4449 1331 4536 ,χριστῷ

139 4517 1332 4660 όῗυῗῖἶόόῦιιιιιιόῖιίῦθόῖἕίῗίόίῖόόόὲἴῖῗόόίῗόίόῖ.ἷῖ,ἷιῖῗῖἷῦῖίὲ’ῦῗ“

182 4689 253 4735 VOL.
269 4690 321 4734 111.
710 4690 730 4734 U
747 4695 768 4735 U
