3294 5150
153 383 209 424 xv.
227 380 275 428 12.
358 361 410 425 IN
436 362 501 426 ΕΡ.
527 363 554 426 Ι.
582 361 644 426 ΑΙ)
672 361 963 428 CORINTHIOS.
1003 364 1089 430 LIB.
1107 365 1147 430 V.
1287 369 1351 430 299

1420 485 1427 518 ι
1443 469 1480 518 Μ.

152 525 407 632 ἐξειλεγμένοις
430 533 477 610 εἷς
495 524 758 624 ἀποστολὴν
726 561 757 606 οι
784 530 841 606 καὶ
867 537 888 574 “
903 527 1074 608 αὐτόπται
1099 563 1155 608 και
1143 527 1350 630 ὑπηρέται
1363 469 1389 609 6.
1398 481 1485 608 61qu
1494 470 1522 613 6

153 659 178 696 “
196 647 372 750 γεγόνασι
390 659 454 729 τοῦ
472 647 621 751 λόγου.”

156 904 194 972 Εἰ
218 907 255 974 δὲ
273 907 408 997 Χριστὸς
433 910 626 996 κηρύσσεται
647 911 698 976 ὄτι
721 910 758 975 ἐκ
783 912 908 997 νεκρῶν
926 913 1107 1001 ὲτήτερται,
1127 913 1197 978 πῶς
1223 915 1349 990 ιιὲτουσί
1367 936 1401 976 ις

318 1060 403 1103 τινες
426 1037 463 1103 ἐν
486 1035 558 1115 ὑμῖν
580 1041 630 1105 ὅτι
654 1041 829 1108 ἀνάστασις
853 1043 977 1130 νεκρῶν
1001 1044 1060 1108 οὐκ
1082 1046 1168 1110 ἔστιν
1180 1074 1189 1127 ;

117 1257 136 1316 5
214 1225 511 1325 Καταπλήττεται
539 1233 611 1306 τῶν
633 1230 697 1308 οὑκ
723 1226 791 1309 οἷδ’
816 1229 912 1316 ὅπως
940 1233 1255 1332 ἀναπεπεισμένων
1273 1242 1350 1320 ταῖς

154 1353 261 1452 ἱεραῖς
294 1384 331 1428 τε
365 1352 423 1429 καὶ
453 1352 559 1434 θείαις
589 1351 842 1458 ἀντιφέρεσθαι
874 1360 1042 1458 γραφαῖς,
1076 1359 1134 1434 καὶ
1167 1355 1286 1457 ἕτερόν
1316 1393 1350 1437 τι

152 1471 253 1573 παρά
289 1482 394 1553 τοῦτο
428 1481 573 1581 φρονεῖν
605 1475 907 1575 ἀποτολμῶντων·
951 1483 981 1557 εῖ
1018 1477 1089 1580 γάρ
1122 1481 1296 1560 ἀπέθανεν
1329 1483 1349 1560 ὁ

153 1595 316 1696 Χριστός
335 1598 400 1702 οὑχ
418 1597 476 1676 ἵνα
494 1597 583 1703 μένῃ
603 1595 734 1703 νεκρός,
752 1599 836 1680 ἀλλ’
855 1599 914 1680 ἵνα
933 1601 1100 1704 κρείττων
1119 1602 1348 1684 θανάτουκαὶ

153 1723 293 1823 φθορᾶς
311 1722 469 1822 εὑρεθεὶς,
488 1719 569 1807 ὁδός
587 1719 711 1824 ῶσπερ
730 1757 783 1806 τις
806 1729 864 1804 καὶ
889 1723 980 1826 θὺρα
1004 1731 1048 1828 τῇ
1073 1734 1137 1806 τοῦ
1160 1727 1350 1828 ἀνθρώπου

100 1882 140 1924 10
154 1843 297 1942 γένηται
321 1842 431 1948 φύσει
458 1841 549 1945 πρός
572 1878 610 1923 τε
635 1843 677 1924 τὺ
701 1845 876 1926 δύνασθαι
903 1854 1093 1927 καταθλεῖν
1121 1853 1184 1948 τῆς
1212 1856 1350 1956 φθορᾶς

153 1966 213 2043 καὶ
243 1970 537 2068 παλινδρομῆσαι
568 1965 659 2069 πρὸς
691 1967 793 2071 ζωὴν,
822 1976 910 2069 πῶς,
941 1971 1176 2075 ἐγηγερμένον
1208 1982 1272 2053 τοῦ
1305 1973 1349 2052 δι’
1440 2047 1445 2058 .

153 2087 245 2186 ἡμᾶς
268 2089 306 2166 έν
324 2098 457 2193 νεκροῖς
476 2091 533 2170 ἵνα
557 2093 614 2171 καὶ
632 2091 730 2190 ἡμεῖς
749 2090 820 2171 σῦν
838 2095 933 2200 αὐτῷ
955 2093 1047 2193 πρὸς
1068 2093 1171 2198 ζωὴν,
1191 2103 1264 2182 τοῖς
1286 2106 1350 2178 τοῦ

153 2206 310 2291 θανάτου
328 2212 475 2317 βρόχοις
492 2217 782 2312 καταδεσμοῦσιν
801 2215 852 2295 ε”τι
870 2215 953 2299 τοὺς
972 2216 1015 2295 δι’
1029 2217 1089 2302 οῦς
1108 2217 1271 2300 τεθνάναι
1290 2223 1349 2301 καῖ

153 2334 349 2427 ἀναβιῶναι
362 2335 504 2438 λέγεται
520 2335 612 2420 Θεὸς
627 2335 717 2415 κατὰ
732 2337 846 2443 φύσιν
861 2335 1032 2444 ὑπάρχων
1049 2342 1069 2420 6
1087 2341 1323 2444 Ἐμμανουήλ
1337 2377 1347 2438 ;

99 2485 138 2547 15
154 2456 191 2535 τῖ
204 2466 458 2563 παραιροῦνται
475 2458 517 2540 τό
534 2459 634 2562 γένος
653 2459 695 2539 τὸ
718 2461 942 2564 ἀνθρώπινον
960 2470 1033 2543 τῶν
1054 2464 1098 2570 ἐξ
1114 2466 1349 2552 ἀναστάσεως

151 2580 308 2683 ἀγαθῶν,
326 2585 386 2661 καὶ
410 2579 452 2662 τό
483 2586 547 2681 τῆς
571 2581 661 2681 μετὰ
691 2583 827 2685 σαρκὸς
851 2585 1049 2681 οἰκονομίας
1076 2593 1349 2694 συκοφαντοῦσι

151 2704 285 2806 πέρας;
316 2711 346 2785 εὶ
366 2704 436 2809 γάρ
455 2706 601 2808 γέγονεν
619 2706 816 2810 ὑΧριστὺς
835 2706 979 2812 ἀπαρχὴ
998 2715 1070 2789 τῶν
1089 2717 1349 2811 κεκοιμημένων

151 2827 210 2905 καὶ
231 2826 457 2929 πρωτότοκος
474 2830 513 2908 έκ
537 2836 610 2909 τῶν
631 2835 773 2933 νεκρῶν,
792 2829 920 2936 ἕψεταί
941 2864 1011 2911 που
1034 2831 1178 2917 πάντως
1202 2838 1348 2941 ἀπαρχῇ

151 2951 222 3055 ἰδίᾳ
249 2948 291 3030 τό
315 2957 440 3031 λεῖπον
458 2954 558 3058 αὑτῇ,
579 2957 707 3061 καὶτῷ
729 2953 945 3061 πρωτοτόκῳ
964 2958 1348 3060 συμπαρομαρτήσειεν

96 3069 206 3170 ιοάν,
225 3078 281 3153 καὶ
309 3073 410 3171 μάλα
437 3073 589 3174 εἰκότως,
609 3075 683 3155 οἷόν
705 3111 773 3180 περ
799 3076 844 3157 ἀν
867 3085 984 3157 νοοῖτο
1010 3077 1245 3182 πρωτότοκος.
1289 3087 1347 3164 καὶ

149 3196 370 3300 μαρτυρήσει
406 3199 524 3300 λέγων
558 3197 664 3282 αὑτὸς
697 3200 718 3279 ὑ
750 3201 943 3284 θεσπέσιος
980 3206 1130 3286 Παῦλος
1162 3214 1183 3251 “
1198 3210 1244 3284 Ei
1276 3205 1347 3311 γὰρ
1362 3235 1432 3285 nom.
1445 3236 1478 3286 vi.
1492 3249 1516 3299 ⁵·

150 3330 172 3367 ‘⁴
192 3320 375 3427 σύμφυτοι
408 3321 607 3425 γεγόναμεν
635 3327 686 3430 τῷ
718 3323 913 3422 ὁμοιώματι
941 3333 1006 3405 τοῦ
1035 3324 1190 3407 θανάτου
1222 3330 1343 3426 αὑτοῦ,

151 3453 173 3490 “
191 3442 290 3523 ἀλλά
307 3449 364 3524 καὶ
383 3449 446 3544 τῆς
464 3445 699 3530 ἀναστάσεως
717 3445 906 3547 ε’σόμεθα.”
942 3450 1068 3529 οὑκοῦν
1087 3456 1117 3530 εἱ
1135 3454 1350 3531 συναινοῦσί

149 3600 240 3650 τινες
266 3571 314 3652 ῶς
332 3568 520 3671 ἐγήγερται
544 3566 610 3669 μέν
629 3571 648 3647 ὁ
668 3569 840 3671 Χριστὸς,
857 3571 899 3650 οὑ
924 3572 1133 3676 προσίενται
1160 3572 1199 3653 δέ
1223 3579 1286 3675 τῆς
1309 3577 1347 3656 έκ
1361 3600 1403 3656 72
1420 3599 1466 3654 Μ.

186 3825 212 3882 5.
232 3809 326 3865 Paullo
338 3809 475 3865 abbreviat
488 3810 700 3880 Κοτοπλὴττεται
713 3813 743 3866 τὸ
756 3812 900 3882 θράσος
868 3835 919 3868 των
930 3812 1004 3868 ὅλαις
1020 3815 1075 3869 τοῖς
1087 3814 1166 3881 ἱεραῖς
1177 3813 1318 3902 γραφαῖς’
1302 3836 1347 3867 αν-

148 3881 315 3936 τιτάττεσθαι
331 3883 494 3950 τολμώντων.
518 3882 587 3936 εἱ
575 3903 608 3952 ap
625 3881 750 3937 ἀπέθανεν
762 3885 777 3936 6
789 3885 902 3950 Χριστὸς
919 3883 968 3952 οὐχ
984 3881 1024 3936 ἵνα
1036 3883 1111 3967 paim
1130 3883 1218 3952 νεκρός
1234 3882 1318 3936 ἀλλ”
1307 3905 1346 3937 ινα

149 3950 334 4076 neumaga&
349 3951 459 4005 θανάτου
472 3953 514 4076 νηὶ
529 3903 632 4021 φθορᾶς
637 3953 780 4076 εὑρεθὲχς,
782 3952 831 4006 ὧδε
850 3953 910 4076 (ρτθρ
923 3952 1043 4021 ἀδάς)’
1011 3974 1114 4022 γενηται
1131 3956 1186 4009 τοῖς
1203 3953 1347 4075 ἀνέρῶποις

149 4043 209 4076 “”
148 4042 318 4159 ..λ
323 4023 1346 4183 im.262⁹.wa&‘Hm12:¹23.‘1,'J¹..⁷.‘.⁹22⁹.⁰3..5‘}.'.2”

148 4091 331 4247 ποιηθῶμεν,·’
315 4162 493 4252 απρστεροῦσί
508 4184 575 4219 τινες
589 4164 619 4216 τὸ
633 4161 834 4231 ἀνθρώπινον’
805 4183 877 4231 γενος
887 4167 939 4216 τῶν
956 4162 1018 4230 ε’ξ’
1002 4163 1168 4217 ἀναστάσεως
1169 4161 1288 4249 ἀγαθῶν
1306 4162 1347 4216 και

149 4231 227 4286 τάπέ
243 4253 273 4287 ας
284 4253 329 4300 της
341 4253 467 4303 ενσαρκου
480 4232 623 4300 οἱκονομιας
636 4234 863 4322 συκοφαντοῦσιυ;
885 4231 922 4286 Η.
1099 4232 1126 4285 8.
1143 4231 1206 4300 με’νη
1219 4231 1346 4286 habetA.

153 4301 195 4357 16.
230 4319 273 4356 nc.
285 4304 363 4356 Τὸ
333 4323 378 4370 της
390 4303 454 4369 μετὰ
467 4303 563 4371 σαρκὸς
577 4303 720 4373 οἰκονομίας
736 4301 873 4357 ἀθετοῦσιν
886 4301 961 4358 τέλος
979 4323 1003 4355 οι
996 4301 1140 4392 λέγοντες
1143 4254 1206 4370 μμτ)
1209 4301 1347 4392 ε’γηγέρθαι

150 4374 275 4442 Χριστόν.
292 4372 316 4426 εῖ
327 4373 355 4426 66
368 4375 383 4425 6
395 4372 556 4462 Χριστῦς’
524 4393 630 4462 γεγρνεν
641 4373 747 4464 ἀπαρχὴ
765 4378 816 4427 τῶν
831 4371 1014 4442 κεκοιμημένων
1027 4393 1068 4425 και
1083 4373 1271 4440 πρωτότοκος’
1257 4393 1284 4426 ειι
1297 4377 1348 4426 τῶν

151 4447 246 4512 νεκρῶν
256 4443 356 4498 πάντως
367 4441 580 4511 ἀκολουθησει
550 4466 581 4512 τῃ
593 4443 697 4514 ἀπαρχῇ
704 4466 735 4498 το
725 4445 839 4497 λοιπὸν
847 4465 888 4497 και
945 4444 1099 4514 πρωτοτόκιρ
1107 4442 1198 4497 ε’κεῖνοι
1207 4443 1242 4497 ῶν
1254 4445 1347 4496 νοεῖται
1408 4473 1412 4482 ι

150 4509 351 4582 πρωτότοκος
326 4533 397 4568 ειναι
418 4513 441 4566 εῖ
452 4511 497 4568 οῦν
508 4535 659 4568 συναινουσι
673 4535 738 4569 τινες
750 4511 789 4567 ὅτι
798 4465 992 4583 ηγερθηῖιθ1
934 4514 992 4582 (24)
1007 4511 1044 4566 Η.
1163 4529 1205 4582 24.
1223 4511 1345 4584 προσίεν-

152 4581 207 4654 ται]
221 4583 403 4655 καταδέχοντιιι
417 4583 454 4640 Η.
506 4585 536 4638 τὸ
549 4593 611 4639 ante
622 4585 667 4654 τῆς
679 4585 829 4655 transponit
843 4583 879 4641 H.
933 4589 984 4640 τῶν
995 4601 1044 4656 pro
1056 4583 1083 4639 ἐκ
1098 4582 1135 4641 Η.

708 4684 800 4751 662
