3244 5146
241 347 424 414 CONTRA
445 347 738 413 THEODORUM
765 346 901 410 EPISC.
927 345 1059 411 MOPS.
1083 345 1171 409 LIB.
1193 346 1220 409 I.
1266 347 1330 408 523

122 507 226 572 dicos.
272 509 382 593 Elegit
396 509 480 573 enim
497 510 635 593 corporis
649 509 882 594 perfectionem,
894 515 927 572 et
942 530 1003 572 non
1019 507 1072 571 alii
1088 507 1191 591 magis
1202 506 1328 584 factam,

123 611 186 674 sed
205 611 267 675 sibi
288 611 457 676 secundum
475 613 569 676 verba
590 612 698 697 ipsius,
713 633 823 695 corpus
845 611 930 675 enim
952 611 1120 694 perfecisti,
1136 609 1231 674 dicit:
1254 609 1330 674 licet

122 712 267 778 audieris
282 714 415 779 Paulum
432 715 589 779 dicentem
604 714 645 779 de
658 715 727 779 Deo
742 714 849 779 Verbo
864 714 985 799 “Ergo
1000 713 1074 798 quia
1089 713 1147 776 filii
1162 711 1330 797 participes
1342 717 1411 769 Heb.
1422 717 1449 769 ii.
1461 732 1501 783 ι4-

124 823 152 853 “
167 823 242 880 sunt
267 817 431 902 sanguinis
457 822 491 883 et
515 817 625 896 carnis,
650 825 683 882 ct
708 818 775 902 ipse
805 817 951 882 similiter
975 817 1132 901 particeps
1154 816 1257 881 fectus
1281 821 1330 880 est

79 925 103 984 5
125 925 150 955 ‘⁶
167 919 369 997 eorundem?
392 926 425 984 et
449 919 494 984 sic
519 921 644 1004 sapiens
667 920 828 984 lohannes
857 918 968 984 scribit
993 920 1069 982 “Et
1090 919 1232 984 Verbum
1257 921 1442 984 carofi-Jotm
1459 921 1476 970 i.

125 1020 288 1086 “factum
312 1028 361 1087 est
390 1029 423 1087 et
447 1005 606 1087 habitarit
632 1022 666 1086 in
696 1021 830 1087 nobis:'’
861 1044 956 1106 surge
982 1026 1092 1085 contra
1113 1042 1165 1086 eos
1191 1022 1329 1087 clamans
1344 999 1384 1052 ¹4⁶

127 1170 151 1200 „
168 1123 246 1188 Non
275 1147 331 1209 pro
360 1125 469 1189 debita
493 1125 671 1209 gratiarum
696 1125 817 1189 actione
847 1147 867 1188 a
896 1125 986 1189 nobis
1011 1123 1186 1208 injurietur.
1242 1123 1330 1189 Deus

129 1226 308 1302 „Verbum
333 1249 398 1292 non
423 1228 524 1322 lactus
526 1233 599 1344 1cst
624 1250 704 1302 caro,
728 1226 815 1292 Deus
832 1227 973 1292 Verbum
1000 1249 1063 1291 non
1089 1227 1245 1311 particeps
1266 1226 1329 1292 fuit

130 1376 151 1405 ‚,
167 1351 238 1392 vere
252 1330 417 1414 sanguinis
431 1336 465 1393 et
478 1331 599 1394 carnis:
622 1329 769 1396 similiter
789 1330 881 1395 uobis
900 1353 964 1394 non
983 1335 1078 1395 natus
1095 1335 1144 1394 est
1158 1329 1329 1396 secundum

62 1455 110 1493 ιο
129 1479 153 1508 ,,
169 1453 294 1496 carnem
317 1455 355 1496 ex
370 1432 512 1509 muliere,
527 1454 590 1497 non
614 1431 789 1516 appellatus
813 1438 862 1496 est
883 1432 967 1496 filius
982 1432 1098 1496 David.
1144 1432 1215 1496 Hoc
1233 1431 1327 1510 enim,

130 1584 150 1612 „
165 1534 248 1618 quod
268 1539 301 1598 et
320 1535 478 1599 nominari
500 1556 571 1598 aum
593 1535 762 1598 minimum
784 1541 840 1612 est,
858 1541 890 1600 et
911 1556 975 1598 non
998 1536 1168 1600 secundum
1182 1535 1328 1600 volunta-

131 1685 151 1714 „
168 1642 232 1700 tem
255 1637 361 1721 ipsine,
377 1638 532 1721 quomodo
553 1638 621 1721 pati
637 1637 843 1702 voluisset?''
888 1637 951 1701 Sed
965 1660 1031 1715 nos,
1048 1660 1066 1702 o
1082 1638 1214 1721 sapiens,
1230 1637 1329 1721 glori-

130 1739 223 1804 ficare
244 1740 461 1804 consuevimus
481 1739 585 1804 Deum
608 1744 641 1804 et
661 1740 797 1817 Patrem,
818 1740 893 1824 quia
914 1763 1026 1824 corpus
1048 1739 1211 1824 perfecerit
1230 1740 1328 1805 Filio:

131 1848 165 1905 et
190 1843 295 1925 ipsum
315 1864 390 1906 vero
412 1842 547 1907 dicimus
569 1841 687 1906 Filium
713 1843 833 1907 lactum
860 1866 995 1920 caruem,
1019 1843 1052 1907 id
1078 1848 1137 1921 est,
1158 1843 1329 1922 hominem,

68 1962 115 2021 15
131 1967 258 2027 passum
272 1945 399 2028 quidem
420 1967 486 2010 esse
507 1950 635 2029 propter
656 1968 714 2010 nos
736 1947 996 2024 exinanitionem,
1012 1950 1044 2009 et
1059 1951 1183 2010 nostrae
1197 1968 1329 2030 pauper-

130 2048 209 2110 tatis
229 2048 349 2111 subisse
362 2047 588 2125 humilitatem,
604 2049 809 2132 permansisse
825 2071 897 2112 vero
912 2055 945 2112 et
967 2050 1011 2112 sic
1027 2048 1140 2126 Deum,
1162 2055 1195 2114 et
1214 2049 1331 2112 Filium

132 2149 251 2218 Verum
268 2149 329 2213 Dei
343 2154 376 2214 et
392 2150 505 2214 Patris.
552 2149 718 2215 Quomodo
739 2151 841 2235 igitur
861 2173 924 2214 non
939 2151 1041 2215 voluit
1056 2151 1156 2216 Filius
1173 2153 1332 2219 nominari

134 2250 249 2330 David,
264 2253 291 2316 si
306 2253 498 2318 humanatus
513 2259 571 2332 est,
587 2259 620 2318 et
633 2254 693 2318 hoc
707 2275 770 2318 non
786 2253 932 2318 invitus?

178 2489 229 2552 Ex
244 2489 346 2573 primo
361 2489 459 2555 Libro
473 2495 599 2556 sanctae
614 2492 781 2556 memoriae
795 2491 910 2576 Cyrilli
932 2493 970 2556 de
990 2514 1026 2556 eo
1040 2493 1122 2576 quod
1139 2513 1220 2556 uuus
1235 2495 1283 2555 est

75 2611 118 2653 20
477 2593 634 2672 Christus,
655 2600 764 2659 contra
778 2595 985 2659 Theodorum.

177 2729 261 2792 Sunt
283 2729 376 2807 enim,
398 2736 474 2794 sunt
493 2731 547 2814 qui
569 2731 812 2815 Redemptorem
834 2737 867 2794 et
888 2730 1063 2794 Dominum
1085 2752 1177 2794 suum
1200 2738 1329 2816 negant,

131 2837 165 2894 et
183 2830 300 2894 Filium
322 2833 449 2916 quidem
470 2855 580 2898 verum
603 2834 663 2897 Dei
685 2833 789 2897 Patris
812 2854 876 2896 non
900 2832 1012 2896 dicunt
1033 2853 1105 2896 eum
1127 2855 1203 2909 esse,
1219 2834 1274 2917 qui
1296 2834 1330 2898 in

132 2932 254 2998 ultimis
268 2935 363 3002 seculi
379 2936 574 3019 temporibus
592 2959 632 3001 ex
646 2936 775 3000 muliere
793 2935 962 2998 secundum
981 2957 1106 2998 carnem
1128 2935 1330 3001 nativitatem

132 3043 259 3120 propter
273 3060 330 3101 nos
345 3039 515 3102 sustinuit:
539 3039 720 3124 apparuisse
734 3042 841 3103 autem
856 3036 960 3120 magis
974 3035 1042 3101 orbi
1059 3043 1214 3102 terrarum
1225 3038 1330 3103 Deum

76 3176 93 3216 2
99 3171 118 3230 5
134 3144 291 3204 recentem
316 3146 351 3205 et
375 3145 548 3225 posterum,
574 3141 736 3206 filiationis
764 3140 899 3225 gloriam
926 3139 1118 3204 extrinsecus
1147 3140 1331 3224 acquisitam

132 3241 301 3307 habentem
323 3243 406 3308 sicut
427 3248 461 3308 et
482 3249 598 3323 uos,et
618 3242 912 3328 quasiquibusdam
933 3242 1118 3306 adulterinis
1140 3243 1331 3328 gloriantem

133 3347 313 3425 honoribus,
334 3354 372 3412 ut
388 3349 456 3433 jam
485 3347 736 3433 anthropolatria
758 3352 791 3412 et
816 3348 897 3412 nihil
924 3347 1010 3412 aliud
1034 3353 1168 3426 essetab
1185 3349 1332 3413 adoretur

132 3448 227 3514 homo
252 3449 366 3534 aliquis
392 3473 462 3514 cum
488 3457 598 3516 sancta
622 3452 779 3517 Trinitate
800 3457 868 3515 tam
889 3472 909 3514 a
931 3450 1030 3528 nobis,
1057 3471 1151 3533 quam
1173 3473 1193 3516 a
1214 3451 1331 3515 sanctis

137 3549 278 3634 Angelis.
318 3552 406 3616 Haec
417 3553 545 3636 quidam
558 3554 648 3618 valde
659 3552 793 3638 superbi,
805 3559 839 3617 et
852 3574 971 3636 magna
986 3553 1143 3636 rapientes
1158 3552 1193 3617 in
1207 3553 1331 3618 divina·

77 3684 120 3743 30
134 3674 204 3714 rum
225 3653 448 3736 scripturarum
470 3657 611 3733 scientia,
635 3656 700 3718 suis
722 3655 848 3738 scriptis
870 3656 1078 3734 inseruerunt,
1095 3663 1128 3720 ct
1149 3657 1232 3720 siout
1253 3657 1331 3720 dicit

133 3753 277 3819 omnium
298 3755 456 3820 Dominus
477 3779 532 3841 per
554 3778 652 3819 unum
675 3763 856 3819 sanctorum
878 3756 1108 3839 Prophetarum
1133 3766 1153 3797 “
1167 3757 1429 3850 Laqueumnsem.
1446 3775 1483 3828 zo,

134 3857 283 3922 “statuit
304 3856 345 3921 ad
366 3858 607 3940 corrumpendos
629 3857 802 3922 homines.'’
847 3856 934 3922 Quid
953 3858 1038 3922 enim
1058 3859 1144 3940 aliud
1164 3861 1216 3938 sit,
1236 3884 1330 3945 quam

171 4035 194 4072 1.
214 4017 304 4072 dicens
318 4017 356 4082 D,
369 4022 388 4048 ‘¹
397 4015 507 4071 Veteres
518 4016 580 4072 libri
589 4017 607 4042 ”
624 4017 717 4072 Belua.
966 4034 990 4072 a.
1011 4019 1156 4092 perfecisti]
1173 4026 1201 4085 -Ι-
1216 4021 1281 4076 mihi
1296 4023 1331 4076 D.

132 4105 159 4160 3.
177 4088 284 4144 audires
298 4088 334 4143 D.
582 4101 609 4158 5.
629 4087 757 4142 iohannes
771 4087 807 4150 D,
821 4087 927 4152 Sarius,
939 4088 1058 4144 loannes
1071 4090 1122 4146 Ed.
1176 4092 1282 4162 scripsit
1296 4093 1332 4147 D.

134 4173 159 4229 7.
178 4156 285 4213 anobis
297 4175 346 4212 ora.
360 4158 396 4212 D.
604 4175 645 4212 ιι.
665 4156 796 4212 nominari
808 4155 884 4228 eura]
898 4159 1076 4213 nominarium
1090 4161 1151 4228 (sic)
1165 4161 1200 4216 D.
1254 4163 1332 4215 mini·

132 4245 207 4282 mum
223 4228 259 4291 D,
272 4233 291 4259 ‘¹
301 4228 411 4282 Veteres
423 4225 483 4282 libri
491 4229 507 4253 ”
523 4225 625 4294 Belua,
636 4227 763 4299 injurium
777 4227 881 4289 Sarius,
895 4227 947 4284 Ed.
1012 4243 1016 4250 ’
1173 4247 1214 4286 12.
1232 4231 1330 4306 ipsius]

132 4299 190 4352 eius
204 4299 240 4352 D.
385 4315 426 4368 13.
445 4297 491 4369 qui
506 4297 541 4351 D.
679 4313 719 4364 ¹5·
738 4315 796 4353 ease
827 4297 914 4352 uidam
931 4298 1032 4352 ιἰιυοιιο
1044 4298 1134 4352 ardiae
1147 4301 1183 4363 D,
1196 4307 1213 4331 ‘⁸
1224 4301 1332 4357 Veteres

132 4368 193 4422 libri
201 4368 219 4394 ”
234 4367 326 4423 Belus.
413 4368 454 4422 18.
473 4365 508 4439 ai]
523 4367 569 4423 sed
585 4367 620 4423 D.
674 4368 789 4423 inritans
804 4317 839 4424 D.
926 4385 967 4440 19.
988 4368 1014 4422 D
1010 4368 1073 4478 stI'
1087 4385 1145 4439 ι5ο.
1158 4371 1220 4425 Sur.
1233 4391 1259 4444 p.
1270 4389 1331 4443 534.

134 4505 177 4544 ιι.
197 4491 382 4544 santelmus.
396 4488 432 4541 D.
519 4503 561 4554 2⁴·
644 4487 666 4542 'a
677 4505 727 4542 om.
743 4487 777 4544 D.
867 4501 910 4559 27.
928 4442 1282 4544 “dopmprmmusmcm
1296 4495 1330 4550 D.

133 4575 178 4630 31.
196 4559 323 4616 dominus
335 4559 456 4614 omnium
469 4557 569 4612 inverso
582 4575 613 4612 or
635 4559 673 4612 'aa
687 4558 721 4612 D.
864 4575 908 4628 3²·
925 4558 1151 4630 corrumpendum
1164 4561 1201 4616 D.

684 4665 702 4728 3
719 4663 739 4707 x
757 4663 775 4710 2
