<?xml version="1.0" encoding="UTF-8"?>
<!DOCTYPE html PUBLIC "-//W3C//DTD XHTML 1.0 Transitional//EN"
    "http://www.w3.org/TR/xhtml1/DTD/xhtml1-transitional.dtd">
<html xmlns="http://www.w3.org/1999/xhtml" xml:lang="en" lang="en">
 <head>
  <title>
</title>
<meta http-equiv="Content-Type" content="text/html;charset=utf-8" />
  <meta name='ocr-system' content='tesseract 3.04.00' />
  <meta name='ocr-capabilities' content='ocr_page ocr_carea ocr_par ocr_line ocrx_word'/>
</head>
<body>
  <div class='ocr_page' id='page_1' title='image "./sanctipatrisnos01pusegoog_0233.png"; bbox 0 0 3268 5130; ppageno 0'>
   <div class='ocr_carea' id='block_1_1' title="bbox 294 373 1492 456">
    <p class='ocr_par' dir='ltr' id='par_1_1' title="bbox 294 373 1492 456">
     <span class='ocr_line' id='line_1_1' title="bbox 294 373 1492 456; baseline -0.013 -7"><span class='ocrx_word' id='word_1_1' title='bbox 294 385 360 448; x_wconf 77' lang='lat'>220</span> <span class='ocrx_word' id='word_1_2' title='bbox 401 383 441 446; x_wconf 92' lang='lat' dir='ltr'>B.</span> <span class='ocrx_word' id='word_1_3' title='bbox 462 379 652 445; x_wconf 85' lang='lat' dir='ltr'>CYRILLI</span> <span class='ocrx_word' id='word_1_4' title='bbox 676 377 942 442; x_wconf 80' lang='lat' dir='ltr'><strong>ALEXANDR.</strong></span> <span class='ocrx_word' id='word_1_5' title='bbox 966 375 1249 440; x_wconf 81' lang='lat' dir='ltr'><strong>FRAGMENTA</strong></span> <span class='ocrx_word' id='word_1_6' title='bbox 1293 373 1358 437; x_wconf 81' lang='lat' dir='ltr'><strong>viii.</strong></span> <span class='ocrx_word' id='word_1_7' title='bbox 1373 374 1423 450; x_wconf 82' lang='lat'>28,</span> <span class='ocrx_word' id='word_1_8' title='bbox 1439 391 1492 456; x_wconf 81' lang='lat'>29.</span> 
     </span>
    </p>
   </div>
   <div class='ocr_carea' id='block_1_2' title="bbox 145 483 1497 652">
    <p class='ocr_par' dir='ltr' id='par_1_2' title="bbox 145 483 1497 652">
     <span class='ocr_line' id='line_1_2' title="bbox 188 483 248 537; baseline 0.083 -6"><span class='ocrx_word' id='word_1_9' title='bbox 188 497 198 532; x_wconf 87' lang='lat'>1</span> <span class='ocrx_word' id='word_1_10' title='bbox 209 483 248 537; x_wconf 81' lang='lat' dir='ltr'>M.</span> 
     </span>
     <span class='ocr_line' id='line_1_3' title="bbox 145 483 1497 652; baseline -0.01 -24"><span class='ocrx_word' id='word_1_11' title='bbox 145 484 184 551; x_wconf 60' lang='lat'>[³</span> <span class='ocrx_word' id='word_1_12' title='bbox 260 483 368 652; x_wconf 70' lang='grc' dir='ltr'>]μιι·</span> <span class='ocrx_word' id='word_1_13' title='bbox 406 545 597 637; x_wconf 71' lang='grc' dir='ltr'>ἀλαλήτοις</span> <span class='ocrx_word' id='word_1_14' title='bbox 622 541 666 642; x_wconf 78' lang='grc' dir='ltr'>δὴ</span> <span class='ocrx_word' id='word_1_15' title='bbox 695 545 758 623; x_wconf 83' lang='grc' dir='ltr'>οῦν</span> <span class='ocrx_word' id='word_1_16' title='bbox 785 545 991 644; x_wconf 74' lang='grc' dir='ltr'><strong><em>στεναγμοῖς</em></strong></span> <span class='ocrx_word' id='word_1_17' title='bbox 1021 545 1185 635; x_wconf 73' lang='grc' dir='ltr'>αἰτοῦμεν</span> <span class='ocrx_word' id='word_1_18' title='bbox 1210 539 1248 616; x_wconf 84' lang='grc' dir='ltr'>ἐν</span> <span class='ocrx_word' id='word_1_19' title='bbox 1265 533 1497 635; x_wconf 64' lang='grc' dir='ltr'>πυεύματαῶ</span> 
     </span>
    </p>
   </div>
   <div class='ocr_carea' id='block_1_3' title="bbox 296 661 1496 876">
    <p class='ocr_par' dir='ltr' id='par_1_3' title="bbox 296 661 1496 876">
     <span class='ocr_line' id='line_1_4' title="bbox 298 661 1496 767; baseline -0.009 -19"><span class='ocrx_word' id='word_1_20' title='bbox 298 673 356 748; x_wconf 89' lang='grc' dir='ltr'>καί</span> <span class='ocrx_word' id='word_1_21' title='bbox 379 667 434 750; x_wconf 83' lang='grc' dir='ltr'>ὅτι</span> <span class='ocrx_word' id='word_1_22' title='bbox 458 665 523 767; x_wconf 71' lang='grc' dir='ltr'>μὲν</span> <span class='ocrx_word' id='word_1_23' title='bbox 547 669 651 747; x_wconf 79' lang='grc' dir='ltr'>ἔσται</span> <span class='ocrx_word' id='word_1_24' title='bbox 674 663 972 762; x_wconf 80' lang='grc' dir='ltr'>πεπιστεύκαμεν,</span> <span class='ocrx_word' id='word_1_25' title='bbox 990 664 1069 742; x_wconf 83' lang='grc' dir='ltr'>τίνα</span> <span class='ocrx_word' id='word_1_26' title='bbox 1088 663 1125 742; x_wconf 79' lang='grc' dir='ltr'>δί</span> <span class='ocrx_word' id='word_1_27' title='bbox 1143 661 1277 764; x_wconf 84' lang='grc' dir='ltr'>τρόπον</span> <span class='ocrx_word' id='word_1_28' title='bbox 1295 665 1496 763; x_wconf 85' lang='grc' dir='ltr'>ἀγνοοῦμεν</span> 
     </span>
     <span class='ocr_line' id='line_1_5' title="bbox 296 797 496 876; baseline -0.01 -4"><span class='ocrx_word' id='word_1_29' title='bbox 296 797 496 876; x_wconf 89' lang='grc' dir='ltr'>παντελῶς.</span> 
     </span>
    </p>
   </div>
   <div class='ocr_carea' id='block_1_4' title="bbox 247 1006 1463 1098">
    <p class='ocr_par' dir='ltr' id='par_1_4' title="bbox 247 1006 1463 1098">
     <span class='ocr_line' id='line_1_6' title="bbox 247 1006 1463 1098; baseline -0.008 -14"><span class='ocrx_word' id='word_1_30' title='bbox 247 1017 284 1078; x_wconf 76' lang='lat'>²8</span> <span class='ocrx_word' id='word_1_31' title='bbox 331 1006 538 1093; x_wconf 76' lang='grc' dir='ltr'>οἰδαμεν’δὲ</span> <span class='ocrx_word' id='word_1_32' title='bbox 564 1018 613 1082; x_wconf 85' lang='grc' dir='ltr'>ὅτι</span> <span class='ocrx_word' id='word_1_33' title='bbox 640 1011 709 1080; x_wconf 84' lang='grc' dir='ltr'>τοῖο</span> <span class='ocrx_word' id='word_1_34' title='bbox 736 1014 887 1089; x_wconf 60' lang='grc' dir='ltr'>ἀγαπῶσι</span> <span class='ocrx_word' id='word_1_35' title='bbox 914 1012 970 1080; x_wconf 86' lang='grc' dir='ltr'>τὸν</span> <span class='ocrx_word' id='word_1_36' title='bbox 999 1011 1082 1078; x_wconf 86' lang='grc' dir='ltr'>Θεὸν</span> <span class='ocrx_word' id='word_1_37' title='bbox 1109 1014 1216 1078; x_wconf 84' lang='grc' dir='ltr'>πάντα</span> <span class='ocrx_word' id='word_1_38' title='bbox 1244 1006 1388 1098; x_wconf 81' lang='grc' dir='ltr'>συνερτεῖ</span> <span class='ocrx_word' id='word_1_39' title='bbox 1416 1007 1463 1075; x_wconf 78' lang='grc' dir='ltr'>εἰς</span> 
     </span>
    </p>
   </div>
   <div class='ocr_carea' id='block_1_5' title="bbox 487 1133 1532 1228">
    <p class='ocr_par' dir='ltr' id='par_1_5' title="bbox 487 1133 1532 1228">
     <span class='ocr_line' id='line_1_7' title="bbox 487 1133 1532 1228; baseline -0.007 -22"><span class='ocrx_word' id='word_1_40' title='bbox 487 1141 620 1220; x_wconf 79' lang='grc' dir='ltr'>ἁταθόν,</span> <span class='ocrx_word' id='word_1_41' title='bbox 650 1136 715 1207; x_wconf 81' lang='grc' dir='ltr'>τοῖο</span> <span class='ocrx_word' id='word_1_42' title='bbox 744 1140 825 1206; x_wconf 83' lang='grc' dir='ltr'>κατὰ</span> <span class='ocrx_word' id='word_1_43' title='bbox 854 1140 1006 1228; x_wconf 83' lang='grc' dir='ltr'>πρόθεσιν</span> <span class='ocrx_word' id='word_1_44' title='bbox 1035 1133 1165 1203; x_wconf 73' lang='grc' dir='ltr'>κλυταῖς</span> <span class='ocrx_word' id='word_1_45' title='bbox 1192 1135 1291 1204; x_wconf 84' lang='grc' dir='ltr'>οὖσιν.</span> <span class='ocrx_word' id='word_1_46' title='bbox 1512 1165 1532 1225; x_wconf 83' lang='lat'>5</span> 
     </span>
    </p>
   </div>
   <div class='ocr_carea' id='block_1_6' title="bbox 129 1283 1555 2754">
    <p class='ocr_par' dir='ltr' id='par_1_6' title="bbox 296 1283 1555 2136">
     <span class='ocr_line' id='line_1_8' title="bbox 353 1283 1497 1396; baseline -0.005 -28"><span class='ocrx_word' id='word_1_47' title='bbox 353 1293 502 1396; x_wconf 83' lang='grc' dir='ltr'>Συνεργεῖ</span> <span class='ocrx_word' id='word_1_48' title='bbox 528 1286 593 1385; x_wconf 72' lang='grc' dir='ltr'>μὲν</span> <span class='ocrx_word' id='word_1_49' title='bbox 612 1283 754 1368; x_wconf 82' lang='grc' dir='ltr'>ἅπαντα</span> <span class='ocrx_word' id='word_1_50' title='bbox 782 1285 872 1388; x_wconf 80' lang='grc' dir='ltr'>πρὸς</span> <span class='ocrx_word' id='word_1_51' title='bbox 893 1285 936 1365; x_wconf 80' lang='grc' dir='ltr'>τὸ</span> <span class='ocrx_word' id='word_1_52' title='bbox 964 1285 1092 1387; x_wconf 69' lang='grc' dir='ltr'>ἀγαθον</span> <span class='ocrx_word' id='word_1_53' title='bbox 1119 1289 1186 1370; x_wconf 82' lang='grc' dir='ltr'>τοῖς</span> <span class='ocrx_word' id='word_1_54' title='bbox 1214 1283 1386 1387; x_wconf 73' lang='grc' dir='ltr'>ἀγαπῶσι</span> <span class='ocrx_word' id='word_1_55' title='bbox 1412 1285 1497 1363; x_wconf 77' lang='grc' dir='ltr'>Θείν</span> 
     </span>
     <span class='ocr_line' id='line_1_9' title="bbox 296 1404 1498 1511; baseline -0.006 -20"><span class='ocrx_word' id='word_1_56' title='bbox 296 1417 364 1498; x_wconf 83' lang='grc' dir='ltr'>τοῖς</span> <span class='ocrx_word' id='word_1_57' title='bbox 394 1411 489 1493; x_wconf 81' lang='grc' dir='ltr'>κοιτῖι</span> <span class='ocrx_word' id='word_1_58' title='bbox 511 1409 657 1511; x_wconf 78' lang='grc' dir='ltr'>πρόθεσιν</span> <span class='ocrx_word' id='word_1_59' title='bbox 684 1416 818 1504; x_wconf 77' lang='grc' dir='ltr'>κλητοῖς</span> <span class='ocrx_word' id='word_1_60' title='bbox 838 1407 919 1489; x_wconf 77' lang='grc' dir='ltr'>οὖσι·</span> <span class='ocrx_word' id='word_1_61' title='bbox 947 1408 1040 1489; x_wconf 79' lang='grc' dir='ltr'>κατὰ</span> <span class='ocrx_word' id='word_1_62' title='bbox 1066 1405 1238 1510; x_wconf 84' lang='grc' dir='ltr'>πρόθεσιν</span> <span class='ocrx_word' id='word_1_63' title='bbox 1265 1406 1304 1486; x_wconf 78' lang='grc' dir='ltr'>δὲ</span> <span class='ocrx_word' id='word_1_64' title='bbox 1331 1406 1401 1509; x_wconf 77' lang='grc' dir='ltr'>ἄρα</span> <span class='ocrx_word' id='word_1_65' title='bbox 1427 1404 1498 1504; x_wconf 87' lang='grc' dir='ltr'>τὴν</span> 
     </span>
     <span class='ocr_line' id='line_1_10' title="bbox 296 1528 1498 1642; baseline -0.004 -27"><span class='ocrx_word' id='word_1_66' title='bbox 296 1538 430 1632; x_wconf 72' lang='grc' dir='ltr'>τίνων,</span> <span class='ocrx_word' id='word_1_67' title='bbox 462 1537 500 1614; x_wconf 86' lang='grc' dir='ltr'>τί</span> <span class='ocrx_word' id='word_1_68' title='bbox 525 1535 558 1615; x_wconf 88' lang='grc' dir='ltr'>δ’</span> <span class='ocrx_word' id='word_1_69' title='bbox 579 1535 623 1613; x_wconf 80' lang='grc' dir='ltr'>ἂν</span> <span class='ocrx_word' id='word_1_70' title='bbox 652 1540 768 1614; x_wconf 84' lang='grc' dir='ltr'>νοοῖτο</span> <span class='ocrx_word' id='word_1_71' title='bbox 796 1533 837 1613; x_wconf 83' lang='grc' dir='ltr'>τὸ</span> <span class='ocrx_word' id='word_1_72' title='bbox 869 1532 963 1614; x_wconf 75' lang='grc' dir='ltr'>κοιτῖι</span> <span class='ocrx_word' id='word_1_73' title='bbox 991 1529 1158 1642; x_wconf 78' lang='grc' dir='ltr'>πρόθεσιις</span> <span class='ocrx_word' id='word_1_74' title='bbox 1188 1535 1315 1611; x_wconf 88' lang='grc' dir='ltr'>οῦκοῦν</span> <span class='ocrx_word' id='word_1_75' title='bbox 1333 1529 1376 1610; x_wconf 82' lang='grc' dir='ltr'>τὸ</span> <span class='ocrx_word' id='word_1_76' title='bbox 1399 1528 1498 1610; x_wconf 80' lang='grc' dir='ltr'>κατῖο</span> 
     </span>
     <span class='ocr_line' id='line_1_11' title="bbox 296 1655 1495 1767; baseline -0.007 -27"><span class='ocrx_word' id='word_1_77' title='bbox 296 1658 442 1767; x_wconf 77' lang='grc' dir='ltr'>πρόθεσιν</span> <span class='ocrx_word' id='word_1_78' title='bbox 461 1660 513 1758; x_wconf 81' lang='grc' dir='ltr'>εἰη</span> <span class='ocrx_word' id='word_1_79' title='bbox 535 1659 580 1738; x_wconf 83' lang='grc' dir='ltr'>ἂν</span> <span class='ocrx_word' id='word_1_80' title='bbox 599 1658 641 1739; x_wconf 84' lang='grc' dir='ltr'>τὸ</span> <span class='ocrx_word' id='word_1_81' title='bbox 669 1658 760 1738; x_wconf 80' lang='grc' dir='ltr'>κατὰ</span> <span class='ocrx_word' id='word_1_82' title='bbox 780 1657 972 1757; x_wconf 82' lang='grc' dir='ltr'>βούλησιν·</span> <span class='ocrx_word' id='word_1_83' title='bbox 1003 1658 1192 1756; x_wconf 75' lang='grc' dir='ltr'>κέκληνται</span> <span class='ocrx_word' id='word_1_84' title='bbox 1211 1655 1255 1756; x_wconf 82' lang='grc' dir='ltr'>δὴ</span> <span class='ocrx_word' id='word_1_85' title='bbox 1273 1656 1336 1734; x_wconf 85' lang='grc' dir='ltr'>οῦν</span> <span class='ocrx_word' id='word_1_86' title='bbox 1353 1659 1386 1734; x_wconf 86' lang='grc' dir='ltr'>οἰ</span> <span class='ocrx_word' id='word_1_87' title='bbox 1412 1657 1495 1755; x_wconf 80' lang='grc' dir='ltr'>περὶ</span> 
     </span>
     <span class='ocr_line' id='line_1_12' title="bbox 297 1779 1555 1884; baseline -0.002 -23"><span class='ocrx_word' id='word_1_88' title='bbox 297 1781 386 1862; x_wconf 87' lang='grc' dir='ltr'>ῶνό</span> <span class='ocrx_word' id='word_1_89' title='bbox 411 1783 523 1884; x_wconf 90' lang='grc' dir='ltr'>λόγος</span> <span class='ocrx_word' id='word_1_90' title='bbox 549 1782 641 1862; x_wconf 81' lang='grc' dir='ltr'>κατὰ</span> <span class='ocrx_word' id='word_1_91' title='bbox 666 1782 848 1883; x_wconf 83' lang='grc' dir='ltr'>βούλησιν</span> <span class='ocrx_word' id='word_1_92' title='bbox 875 1783 1004 1877; x_wconf 84' lang='grc' dir='ltr'>τίνων;</span> <span class='ocrx_word' id='word_1_93' title='bbox 1040 1780 1193 1880; x_wconf 88' lang='grc' dir='ltr'>πότερον</span> <span class='ocrx_word' id='word_1_94' title='bbox 1215 1779 1259 1879; x_wconf 83' lang='grc' dir='ltr'>δὴ</span> <span class='ocrx_word' id='word_1_95' title='bbox 1278 1787 1341 1859; x_wconf 90' lang='grc' dir='ltr'>τοῦ</span> <span class='ocrx_word' id='word_1_96' title='bbox 1366 1787 1495 1877; x_wconf 83' lang='grc' dir='ltr'>κεκλη-</span> <span class='ocrx_word' id='word_1_97' title='bbox 1514 1817 1555 1858; x_wconf 90' lang='lat'>10</span> 
     </span>
     <span class='ocr_line' id='line_1_13' title="bbox 297 1899 1497 2006; baseline -0.006 -20"><span class='ocrx_word' id='word_1_98' title='bbox 297 1906 415 2004; x_wconf 91' lang='grc' dir='ltr'>κότος,</span> <span class='ocrx_word' id='word_1_99' title='bbox 446 1903 469 2005; x_wconf 82' lang='grc' dir='ltr'>ἢ</span> <span class='ocrx_word' id='word_1_100' title='bbox 499 1908 556 1986; x_wconf 87' lang='grc' dir='ltr'>καί</span> <span class='ocrx_word' id='word_1_101' title='bbox 584 1908 702 1986; x_wconf 82' lang='grc' dir='ltr'>αὐτῶν</span> <span class='ocrx_word' id='word_1_102' title='bbox 729 1914 802 1986; x_wconf 91' lang='grc' dir='ltr'>τῶν</span> <span class='ocrx_word' id='word_1_103' title='bbox 828 1906 1080 2006; x_wconf 76' lang='grc' dir='ltr'>κεκλημέναν;</span> <span class='ocrx_word' id='word_1_104' title='bbox 1121 1905 1248 1983; x_wconf 85' lang='grc' dir='ltr'>οὐκοῦν</span> <span class='ocrx_word' id='word_1_105' title='bbox 1275 1899 1401 1982; x_wconf 82' lang='grc' dir='ltr'>ἅπασα</span> <span class='ocrx_word' id='word_1_106' title='bbox 1428 1899 1497 2000; x_wconf 79' lang='grc' dir='ltr'>μὲν</span> 
     </span>
     <span class='ocr_line' id='line_1_14' title="bbox 298 2025 1498 2136; baseline -0.006 -27"><span class='ocrx_word' id='word_1_107' title='bbox 298 2031 422 2136; x_wconf 80' lang='grc' dir='ltr'>ἔφεσις</span> <span class='ocrx_word' id='word_1_108' title='bbox 450 2027 540 2131; x_wconf 77' lang='grc' dir='ltr'>πρὸς</span> <span class='ocrx_word' id='word_1_109' title='bbox 569 2029 798 2130; x_wconf 81' lang='grc' dir='ltr'>δικαιοσύνην</span> <span class='ocrx_word' id='word_1_110' title='bbox 823 2029 914 2128; x_wconf 79' lang='grc' dir='ltr'>ἡμεῖς</span> <span class='ocrx_word' id='word_1_111' title='bbox 943 2030 1188 2134; x_wconf 73' lang='grc' dir='ltr'>ἀποφέρουσα,</span> <span class='ocrx_word' id='word_1_112' title='bbox 1207 2027 1329 2129; x_wconf 76' lang='grc' dir='ltr'>γένοιτ’</span> <span class='ocrx_word' id='word_1_113' title='bbox 1350 2025 1394 2105; x_wconf 82' lang='grc' dir='ltr'>ῶν</span> <span class='ocrx_word' id='word_1_114' title='bbox 1411 2027 1498 2124; x_wconf 82' lang='grc' dir='ltr'>ἡμῖν</span> 
     </span>
    </p>

    <p class='ocr_par' dir='ltr' id='par_1_7' title="bbox 129 2149 1552 2754">
     <span class='ocr_line' id='line_1_15' title="bbox 129 2149 1494 2256; baseline -0.01 -14"><span class='ocrx_word' id='word_1_115' title='bbox 129 2189 286 2242; x_wconf 57' lang='lat' dir='ltr'>Amasi.</span> <span class='ocrx_word' id='word_1_116' title='bbox 298 2152 398 2256; x_wconf 83' lang='grc' dir='ltr'>παρὰ</span> <span class='ocrx_word' id='word_1_117' title='bbox 421 2161 485 2232; x_wconf 89' lang='grc' dir='ltr'>τοῦ</span> <span class='ocrx_word' id='word_1_118' title='bbox 504 2158 599 2233; x_wconf 85' lang='grc' dir='ltr'>Θεοῦ</span> <span class='ocrx_word' id='word_1_119' title='bbox 618 2157 677 2233; x_wconf 85' lang='grc' dir='ltr'>καί</span> <span class='ocrx_word' id='word_1_120' title='bbox 695 2154 853 2256; x_wconf 88' lang='grc' dir='ltr'>Πατρός·</span> <span class='ocrx_word' id='word_1_121' title='bbox 886 2152 956 2256; x_wconf 79' lang='grc' dir='ltr'>ἔφη</span> <span class='ocrx_word' id='word_1_122' title='bbox 975 2151 1046 2254; x_wconf 79' lang='grc' dir='ltr'>γάρ</span> <span class='ocrx_word' id='word_1_123' title='bbox 1063 2186 1134 2232; x_wconf 92' lang='grc' dir='ltr'>που</span> <span class='ocrx_word' id='word_1_124' title='bbox 1154 2155 1173 2231; x_wconf 86' lang='grc' dir='ltr'>ὁ</span> <span class='ocrx_word' id='word_1_125' title='bbox 1193 2149 1354 2254; x_wconf 89' lang='grc' dir='ltr'>Χριστός</span> <span class='ocrx_word' id='word_1_126' title='bbox 1373 2161 1394 2196; x_wconf 87' lang='grc'><strong>“</strong></span> <span class='ocrx_word' id='word_1_127' title='bbox 1413 2152 1494 2228; x_wconf 89' lang='grc' dir='ltr'>Ού·</span> 
     </span>
     <span class='ocr_line' id='line_1_16' title="bbox 130 2271 1497 2379; baseline -0.001 -23"><span class='ocrx_word' id='word_1_128' title='bbox 130 2271 170 2320; x_wconf 74' lang='lat'>⁴4</span> <span class='ocrx_word' id='word_1_129' title='bbox 300 2288 322 2324; x_wconf 93' lang='lat'><strong>“</strong></span> <span class='ocrx_word' id='word_1_130' title='bbox 343 2281 412 2362; x_wconf 86' lang='grc' dir='ltr'>δείς</span> <span class='ocrx_word' id='word_1_131' title='bbox 436 2274 582 2357; x_wconf 88' lang='grc' dir='ltr'>δύναται</span> <span class='ocrx_word' id='word_1_132' title='bbox 608 2280 724 2356; x_wconf 80' lang='grc' dir='ltr'>ἐλθεῖν</span> <span class='ocrx_word' id='word_1_133' title='bbox 749 2277 841 2379; x_wconf 84' lang='grc' dir='ltr'>πρὸς</span> <span class='ocrx_word' id='word_1_134' title='bbox 867 2273 923 2373; x_wconf 78' lang='grc' dir='ltr'>μί,</span> <span class='ocrx_word' id='word_1_135' title='bbox 941 2275 1004 2355; x_wconf 82' lang='grc' dir='ltr'>ἐὰν</span> <span class='ocrx_word' id='word_1_136' title='bbox 1030 2273 1079 2374; x_wconf 83' lang='grc' dir='ltr'>μὴ</span> <span class='ocrx_word' id='word_1_137' title='bbox 1108 2273 1275 2376; x_wconf 84' lang='grc' dir='ltr'>ὁΠατὴρ</span> <span class='ocrx_word' id='word_1_138' title='bbox 1304 2274 1497 2375; x_wconf 75' lang='grc' dir='ltr'>ὁπέμφας</span> 
     </span>
     <span class='ocr_line' id='line_1_17' title="bbox 298 2393 1552 2506; baseline -0.005 -27"><span class='ocrx_word' id='word_1_139' title='bbox 298 2413 321 2450; x_wconf 88' lang='grc'><strong>“</strong></span> <span class='ocrx_word' id='word_1_140' title='bbox 337 2435 383 2500; x_wconf 88' lang='grc' dir='ltr'>με</span> <span class='ocrx_word' id='word_1_141' title='bbox 401 2399 539 2506; x_wconf 78' lang='grc' dir='ltr'>ἑλκύσῃ</span> <span class='ocrx_word' id='word_1_142' title='bbox 563 2397 701 2479; x_wconf 86' lang='grc' dir='ltr'>αῦτόν·”</span> <span class='ocrx_word' id='word_1_143' title='bbox 738 2400 838 2499; x_wconf 80' lang='grc' dir='ltr'>πλὴν</span> <span class='ocrx_word' id='word_1_144' title='bbox 861 2401 898 2479; x_wconf 81' lang='grc' dir='ltr'>ε”ν</span> <span class='ocrx_word' id='word_1_145' title='bbox 916 2435 958 2501; x_wconf 88' lang='grc' dir='ltr'>γε</span> <span class='ocrx_word' id='word_1_146' title='bbox 980 2399 1117 2482; x_wconf 84' lang='grc' dir='ltr'>τούτοις</span> <span class='ocrx_word' id='word_1_147' title='bbox 1143 2400 1207 2478; x_wconf 85' lang='grc' dir='ltr'>οῦκ</span> <span class='ocrx_word' id='word_1_148' title='bbox 1233 2399 1277 2476; x_wconf 80' lang='grc' dir='ltr'>ἅν</span> <span class='ocrx_word' id='word_1_149' title='bbox 1299 2432 1351 2481; x_wconf 89' lang='grc' dir='ltr'>τις</span> <span class='ocrx_word' id='word_1_150' title='bbox 1377 2393 1552 2496; x_wconf 60' lang='lat' dir='ltr'>&amp;wip-15</span> 
     </span>
     <span class='ocr_line' id='line_1_18' title="bbox 180 2516 1498 2629; baseline -0.009 -21"><span class='ocrx_word' id='word_1_151' title='bbox 180 2553 223 2608; x_wconf 78' lang='lat'>³2</span> <span class='ocrx_word' id='word_1_152' title='bbox 238 2552 284 2608; x_wconf 77' lang='lat' dir='ltr'>M.</span> <span class='ocrx_word' id='word_1_153' title='bbox 296 2559 352 2605; x_wconf 92' lang='grc' dir='ltr'>τοι</span> <span class='ocrx_word' id='word_1_154' title='bbox 378 2533 442 2604; x_wconf 91' lang='grc' dir='ltr'>τοῦ</span> <span class='ocrx_word' id='word_1_155' title='bbox 468 2525 667 2629; x_wconf 70' lang='grc' dir='ltr'>πρέποντος</span> <span class='ocrx_word' id='word_1_156' title='bbox 692 2525 826 2624; x_wconf 83' lang='grc' dir='ltr'>λε’γων,</span> <span class='ocrx_word' id='word_1_157' title='bbox 854 2527 902 2610; x_wconf 89' lang='grc' dir='ltr'>ῶς</span> <span class='ocrx_word' id='word_1_158' title='bbox 927 2529 1053 2624; x_wconf 85' lang='grc' dir='ltr'>κλητοὶ</span> <span class='ocrx_word' id='word_1_159' title='bbox 1083 2523 1261 2625; x_wconf 87' lang='grc' dir='ltr'>γεγόνασί</span> <span class='ocrx_word' id='word_1_160' title='bbox 1285 2555 1376 2605; x_wconf 90' lang='grc' dir='ltr'>τινες</span> <span class='ocrx_word' id='word_1_161' title='bbox 1405 2516 1498 2600; x_wconf 80' lang='grc' dir='ltr'>κατὰ</span> 
     </span>
     <span class='ocr_line' id='line_1_19' title="bbox 297 2646 1265 2754; baseline -0.005 -23"><span class='ocrx_word' id='word_1_162' title='bbox 297 2649 482 2754; x_wconf 88' lang='grc' dir='ltr'>πρόθεσιν,</span> <span class='ocrx_word' id='word_1_163' title='bbox 501 2647 568 2748; x_wconf 81' lang='grc' dir='ltr'>τήν</span> <span class='ocrx_word' id='word_1_164' title='bbox 586 2682 625 2728; x_wconf 90' lang='grc' dir='ltr'>τε</span> <span class='ocrx_word' id='word_1_165' title='bbox 644 2657 708 2728; x_wconf 90' lang='grc' dir='ltr'>τοῦ</span> <span class='ocrx_word' id='word_1_166' title='bbox 728 2648 942 2748; x_wconf 80' lang='grc' dir='ltr'>κεκληκότος</span> <span class='ocrx_word' id='word_1_167' title='bbox 960 2651 1018 2727; x_wconf 85' lang='grc' dir='ltr'>καί</span> <span class='ocrx_word' id='word_1_168' title='bbox 1037 2646 1103 2746; x_wconf 84' lang='grc' dir='ltr'>τὴν</span> <span class='ocrx_word' id='word_1_169' title='bbox 1120 2649 1265 2726; x_wconf 81' lang='grc' dir='ltr'>ἑαυτῶν.</span> 
     </span>
    </p>
   </div>
   <div class='ocr_carea' id='block_1_7' title="bbox 249 2873 1388 2967">
    <p class='ocr_par' dir='ltr' id='par_1_8' title="bbox 249 2873 1388 2967">
     <span class='ocr_line' id='line_1_20' title="bbox 249 2873 1388 2967; baseline -0.007 -25"><span class='ocrx_word' id='word_1_170' title='bbox 249 2903 286 2961; x_wconf 86' lang='lat'>²9</span> <span class='ocrx_word' id='word_1_171' title='bbox 396 2876 473 2942; x_wconf 85' lang='grc' dir='ltr'>Ὀτι</span> <span class='ocrx_word' id='word_1_172' title='bbox 500 2879 557 2941; x_wconf 80' lang='grc' dir='ltr'>οῦς</span> <span class='ocrx_word' id='word_1_173' title='bbox 585 2877 745 2967; x_wconf 78' lang='grc' dir='ltr'>προὲτνω,</span> <span class='ocrx_word' id='word_1_174' title='bbox 773 2875 826 2940; x_wconf 87' lang='grc' dir='ltr'>καί</span> <span class='ocrx_word' id='word_1_175' title='bbox 853 2873 1019 2964; x_wconf 83' lang='grc' dir='ltr'>προώρισε</span> <span class='ocrx_word' id='word_1_176' title='bbox 1046 2873 1256 2962; x_wconf 67' lang='grc' dir='ltr'>συμμόρφους</span> <span class='ocrx_word' id='word_1_177' title='bbox 1282 2873 1388 2938; x_wconf 85' lang='grc' dir='ltr'>ιι.τ.λ.</span> 
     </span>
    </p>
   </div>
   <div class='ocr_carea' id='block_1_8' title="bbox 299 3012 1555 3243">
    <p class='ocr_par' dir='ltr' id='par_1_9' title="bbox 299 3012 1555 3243">
     <span class='ocr_line' id='line_1_21' title="bbox 355 3012 1499 3128; baseline -0.007 -28"><span class='ocrx_word' id='word_1_178' title='bbox 355 3026 500 3103; x_wconf 77' lang='grc' dir='ltr'>Πολλοὶ</span> <span class='ocrx_word' id='word_1_179' title='bbox 529 3022 606 3121; x_wconf 76' lang='grc' dir='ltr'>μὲν,</span> <span class='ocrx_word' id='word_1_180' title='bbox 642 3024 769 3128; x_wconf 84' lang='grc' dir='ltr'>φησὶν,</span> <span class='ocrx_word' id='word_1_181' title='bbox 798 3025 832 3100; x_wconf 87' lang='grc' dir='ltr'>οἰ</span> <span class='ocrx_word' id='word_1_182' title='bbox 862 3019 953 3100; x_wconf 80' lang='grc' dir='ltr'>κατὰ</span> <span class='ocrx_word' id='word_1_183' title='bbox 982 3019 1157 3123; x_wconf 89' lang='grc' dir='ltr'>πρόθεσιν</span> <span class='ocrx_word' id='word_1_184' title='bbox 1186 3018 1322 3116; x_wconf 87' lang='grc' dir='ltr'>κλητοί,</span> <span class='ocrx_word' id='word_1_185' title='bbox 1354 3015 1395 3095; x_wconf 86' lang='grc' dir='ltr'>οῦ</span> <span class='ocrx_word' id='word_1_186' title='bbox 1424 3012 1499 3113; x_wconf 82' lang='grc' dir='ltr'>μὴν</span> 
     </span>
     <span class='ocr_line' id='line_1_22' title="bbox 299 3140 1555 3243; baseline 0.001 -19"><span class='ocrx_word' id='word_1_187' title='bbox 299 3141 453 3229; x_wconf 80' lang='grc' dir='ltr'>ἅπαντες</span> <span class='ocrx_word' id='word_1_188' title='bbox 478 3149 649 3237; x_wconf 83' lang='grc' dir='ltr'>ἐκλεκτοὶ,</span> <span class='ocrx_word' id='word_1_189' title='bbox 669 3145 771 3243; x_wconf 83' lang='grc' dir='ltr'>μόνον</span> <span class='ocrx_word' id='word_1_190' title='bbox 789 3144 827 3225; x_wconf 77' lang='grc' dir='ltr'>δὲ</span> <span class='ocrx_word' id='word_1_191' title='bbox 845 3144 943 3225; x_wconf 84' lang='grc' dir='ltr'>οῦτοι</span> <span class='ocrx_word' id='word_1_192' title='bbox 961 3145 1162 3241; x_wconf 84' lang='grc' dir='ltr'>τετίμηνται</span> <span class='ocrx_word' id='word_1_193' title='bbox 1181 3141 1215 3221; x_wconf 83' lang='grc' dir='ltr'>οἰ</span> <span class='ocrx_word' id='word_1_194' title='bbox 1233 3143 1290 3222; x_wconf 86' lang='grc' dir='ltr'>καί</span> <span class='ocrx_word' id='word_1_195' title='bbox 1309 3140 1493 3241; x_wconf 81' lang='grc' dir='ltr'>προεγνῶ-</span> <span class='ocrx_word' id='word_1_196' title='bbox 1514 3185 1555 3224; x_wconf 80' lang='lat'>20</span> 
     </span>
    </p>
   </div>
   <div class='ocr_carea' id='block_1_9' title="bbox 299 3265 1502 3616">
    <p class='ocr_par' dir='ltr' id='par_1_10' title="bbox 299 3265 1502 3616">
     <span class='ocr_line' id='line_1_23' title="bbox 299 3265 1494 3372; baseline -0.003 -27"><span class='ocrx_word' id='word_1_197' title='bbox 299 3274 448 3365; x_wconf 91' lang='grc' dir='ltr'>σθησαν</span> <span class='ocrx_word' id='word_1_198' title='bbox 476 3273 524 3352; x_wconf 88' lang='grc' dir='ltr'>ῶς</span> <span class='ocrx_word' id='word_1_199' title='bbox 555 3270 699 3349; x_wconf 80' lang='grc' dir='ltr'>ἔσονται</span> <span class='ocrx_word' id='word_1_200' title='bbox 729 3269 941 3372; x_wconf 84' lang='grc' dir='ltr'>σύμμορφον</span> <span class='ocrx_word' id='word_1_201' title='bbox 970 3267 1027 3362; x_wconf 62' lang='grc' dir='ltr'>τῆς</span> <span class='ocrx_word' id='word_1_202' title='bbox 1052 3267 1171 3352; x_wconf 81' lang='grc' dir='ltr'>εἰκόνος</span> <span class='ocrx_word' id='word_1_203' title='bbox 1197 3269 1253 3346; x_wconf 83' lang='grc' dir='ltr'>τοῦ</span> <span class='ocrx_word' id='word_1_204' title='bbox 1282 3265 1355 3344; x_wconf 58' lang='lat' dir='ltr'>Tio&amp;</span> <span class='ocrx_word' id='word_1_205' title='bbox 1384 3265 1494 3342; x_wconf 82' lang='grc' dir='ltr'>αὐτοῦ.</span> 
     </span>
     <span class='ocr_line' id='line_1_24' title="bbox 300 3388 1502 3492; baseline -0.004 -23"><span class='ocrx_word' id='word_1_206' title='bbox 300 3389 402 3470; x_wconf 84' lang='grc' dir='ltr'>εἰκῶν</span> <span class='ocrx_word' id='word_1_207' title='bbox 434 3391 472 3471; x_wconf 83' lang='grc' dir='ltr'>δί</span> <span class='ocrx_word' id='word_1_208' title='bbox 504 3401 568 3472; x_wconf 90' lang='grc' dir='ltr'>τοῦ</span> <span class='ocrx_word' id='word_1_209' title='bbox 598 3397 689 3472; x_wconf 79' lang='grc' dir='ltr'>Υἰοῦ</span> <span class='ocrx_word' id='word_1_210' title='bbox 721 3394 830 3472; x_wconf 80' lang='grc' dir='ltr'>αὐτοῦ</span> <span class='ocrx_word' id='word_1_211' title='bbox 863 3394 916 3474; x_wconf 83' lang='grc' dir='ltr'>τίς</span> <span class='ocrx_word' id='word_1_212' title='bbox 947 3391 992 3470; x_wconf 81' lang='grc' dir='ltr'>ἂν</span> <span class='ocrx_word' id='word_1_213' title='bbox 1022 3396 1149 3486; x_wconf 85' lang='grc' dir='ltr'>νοοῖτο,</span> <span class='ocrx_word' id='word_1_214' title='bbox 1182 3388 1296 3469; x_wconf 83' lang='grc' dir='ltr'>πάλιν</span> <span class='ocrx_word' id='word_1_215' title='bbox 1327 3393 1502 3492; x_wconf 86' lang='grc' dir='ltr'>σαφηνιεῖ</span> 
     </span>
     <span class='ocr_line' id='line_1_25' title="bbox 301 3510 1498 3616; baseline -0.003 -25"><span class='ocrx_word' id='word_1_216' title='bbox 301 3513 418 3615; x_wconf 74' lang='grc' dir='ltr'>λέγων</span> <span class='ocrx_word' id='word_1_217' title='bbox 442 3513 547 3598; x_wconf 84' lang='grc' dir='ltr'>αῦτῦς</span> <span class='ocrx_word' id='word_1_218' title='bbox 570 3518 588 3594; x_wconf 88' lang='grc' dir='ltr'>ὁ</span> <span class='ocrx_word' id='word_1_219' title='bbox 611 3515 783 3616; x_wconf 80' lang='grc' dir='ltr'>μακάριος</span> <span class='ocrx_word' id='word_1_220' title='bbox 812 3520 961 3598; x_wconf 84' lang='grc' dir='ltr'>Παῦλος</span> <span class='ocrx_word' id='word_1_221' title='bbox 990 3510 1164 3615; x_wconf 87' lang='grc' dir='ltr'>“Ὤσπερ</span> <span class='ocrx_word' id='word_1_222' title='bbox 1182 3511 1254 3616; x_wconf 80' lang='grc' dir='ltr'>γὰρ</span> <span class='ocrx_word' id='word_1_223' title='bbox 1272 3512 1498 3616; x_wconf 77' lang='grc' dir='ltr'>ἐφορείναμεν</span> 
     </span>
    </p>
   </div>
   <div class='ocr_carea' id='block_1_10' title="bbox 301 3635 1499 3792">
    <p class='ocr_par' dir='ltr' id='par_1_11' title="bbox 301 3635 1499 3792">
     <span class='ocr_line' id='line_1_26' title="bbox 301 3635 1499 3743; baseline -0.004 -25"><span class='ocrx_word' id='word_1_224' title='bbox 301 3648 323 3684; x_wconf 87' lang='grc'><strong>“</strong></span> <span class='ocrx_word' id='word_1_225' title='bbox 341 3637 407 3738; x_wconf 76' lang='grc' dir='ltr'>τὴν</span> <span class='ocrx_word' id='word_1_226' title='bbox 439 3637 556 3718; x_wconf 80' lang='grc' dir='ltr'>εἰκόνα</span> <span class='ocrx_word' id='word_1_227' title='bbox 588 3649 651 3719; x_wconf 87' lang='grc' dir='ltr'>τοῦ</span> <span class='ocrx_word' id='word_1_228' title='bbox 687 3647 819 3743; x_wconf 83' lang='grc' dir='ltr'>χοϊκοῦ,</span> <span class='ocrx_word' id='word_1_229' title='bbox 853 3639 1065 3742; x_wconf 76' lang='grc' dir='ltr'>φορέσωμεν</span> <span class='ocrx_word' id='word_1_230' title='bbox 1097 3640 1155 3715; x_wconf 88' lang='grc' dir='ltr'>καί</span> <span class='ocrx_word' id='word_1_231' title='bbox 1191 3636 1258 3736; x_wconf 80' lang='grc' dir='ltr'>τὴν</span> <span class='ocrx_word' id='word_1_232' title='bbox 1286 3635 1402 3715; x_wconf 78' lang='grc' dir='ltr'>εἰκόνα</span> <span class='ocrx_word' id='word_1_233' title='bbox 1433 3643 1499 3714; x_wconf 90' lang='grc' dir='ltr'>τοῦ</span> 
     </span>
     <span class='ocr_line' id='line_1_27' title="bbox 502 3760 708 3792; baseline 0.015 -5"><span class='ocrx_word' id='word_1_234' title='bbox 502 3763 511 3792; x_wconf 82' lang='grc' dir='ltr'><strong><em>Ι</em></strong></span> <span class='ocrx_word' id='word_1_235' title='bbox 564 3760 584 3787; x_wconf 62' lang='grc' dir='ltr'>Ἰ</span> <span class='ocrx_word' id='word_1_236' title='bbox 636 3769 644 3790; x_wconf 73' lang='lat' dir='ltr'>t</span> <span class='ocrx_word' id='word_1_237' title='bbox 697 3761 708 3790; x_wconf 63' lang='grc' dir='ltr'>λ</span> 
     </span>
    </p>
   </div>
   <div class='ocr_carea' id='block_1_11' title="bbox 301 3757 1553 3987">
    <p class='ocr_par' dir='ltr' id='par_1_12' title="bbox 301 3757 1553 3987">
     <span class='ocr_line' id='line_1_28' title="bbox 301 3757 1553 3865; baseline -0.005 -23"><span class='ocrx_word' id='word_1_238' title='bbox 301 3774 323 3810; x_wconf 80' lang='grc'><strong>“</strong></span> <span class='ocrx_word' id='word_1_239' title='bbox 341 3765 560 3865; x_wconf 81' lang='grc' dir='ltr'>ἓπουρανιου.</span> <span class='ocrx_word' id='word_1_240' title='bbox 614 3797 646 3842; x_wconf 91' lang='grc' dir='ltr'>οι</span> <span class='ocrx_word' id='word_1_241' title='bbox 664 3797 735 3865; x_wconf 91' lang='grc' dir='ltr'>γαρ</span> <span class='ocrx_word' id='word_1_242' title='bbox 747 3769 819 3842; x_wconf 93' lang='grc' dir='ltr'>τῶν</span> <span class='ocrx_word' id='word_1_243' title='bbox 838 3768 1020 3863; x_wconf 82' lang='grc' dir='ltr'>σαρκικῶν</span> <span class='ocrx_word' id='word_1_244' title='bbox 1032 3764 1224 3856; x_wconf 83' lang='grc' dir='ltr'>ἐπιθυμιῶν</span> <span class='ocrx_word' id='word_1_245' title='bbox 1237 3757 1498 3861; x_wconf 85' lang='grc' dir='ltr'>ἀλογήσαντες,</span> <span class='ocrx_word' id='word_1_246' title='bbox 1516 3801 1553 3860; x_wconf 84' lang='lat'>²5</span> 
     </span>
     <span class='ocr_line' id='line_1_29' title="bbox 301 3881 1499 3987; baseline -0.004 -20"><span class='ocrx_word' id='word_1_247' title='bbox 301 3887 398 3967; x_wconf 83' lang='grc' dir='ltr'>οῦτοι</span> <span class='ocrx_word' id='word_1_248' title='bbox 425 3885 492 3985; x_wconf 78' lang='grc' dir='ltr'>τὴν</span> <span class='ocrx_word' id='word_1_249' title='bbox 515 3885 631 3966; x_wconf 78' lang='grc' dir='ltr'>εἰκόνα</span> <span class='ocrx_word' id='word_1_250' title='bbox 658 3887 873 3985; x_wconf 81' lang='grc' dir='ltr'>μεμίμηνται</span> <span class='ocrx_word' id='word_1_251' title='bbox 898 3893 961 3965; x_wconf 91' lang='grc' dir='ltr'>τοῦ</span> <span class='ocrx_word' id='word_1_252' title='bbox 984 3891 1149 3987; x_wconf 89' lang='grc' dir='ltr'>Χριστοῦ</span> <span class='ocrx_word' id='word_1_253' title='bbox 1175 3884 1339 3964; x_wconf 69' lang='grc' dir='ltr'>τουτέστι</span> <span class='ocrx_word' id='word_1_254' title='bbox 1366 3881 1432 3982; x_wconf 77' lang='grc' dir='ltr'>τὴν</span> <span class='ocrx_word' id='word_1_255' title='bbox 1459 3885 1499 3962; x_wconf 80' lang='grc' dir='ltr'>ἐν</span> 
     </span>
    </p>
   </div>
   <div class='ocr_carea' id='block_1_12' title="bbox 301 4041 1503 4658">
    <p class='ocr_par' dir='ltr' id='par_1_13' title="bbox 301 4041 1503 4658">
     <span class='ocr_line' id='line_1_30' title="bbox 339 4041 1499 4119; baseline -0.003 -17"><span class='ocrx_word' id='word_1_256' title='bbox 339 4068 362 4102; x_wconf 90' lang='lat'>1.</span> <span class='ocrx_word' id='word_1_257' title='bbox 381 4046 439 4119; x_wconf 82' lang='grc' dir='ltr'>οῦν]</span> <span class='ocrx_word' id='word_1_258' title='bbox 457 4055 485 4110; x_wconf 83' lang='lat'>†</span> <span class='ocrx_word' id='word_1_259' title='bbox 500 4047 528 4101; x_wconf 72' lang='grc' dir='ltr'>ἐν</span> <span class='ocrx_word' id='word_1_260' title='bbox 540 4047 573 4100; x_wconf 97' lang='lat' dir='ltr'>A.</span> <span class='ocrx_word' id='word_1_261' title='bbox 627 4045 757 4118; x_wconf 84' lang='grc' dir='ltr'>αἰτοῦμεν]</span> <span class='ocrx_word' id='word_1_262' title='bbox 771 4049 902 4116; x_wconf 85' lang='grc' dir='ltr'>λαλοῦμεν</span> <span class='ocrx_word' id='word_1_263' title='bbox 916 4049 949 4100; x_wconf 83' lang='grc' dir='ltr'>Α.</span> <span class='ocrx_word' id='word_1_264' title='bbox 1206 4061 1231 4114; x_wconf 87' lang='lat'>3.</span> <span class='ocrx_word' id='word_1_265' title='bbox 1250 4047 1382 4099; x_wconf 82' lang='grc' dir='ltr'>παντελῶς</span> <span class='ocrx_word' id='word_1_266' title='bbox 1393 4043 1449 4096; x_wconf 79' lang='lat' dir='ltr'><strong>des.</strong></span> <span class='ocrx_word' id='word_1_267' title='bbox 1463 4041 1499 4099; x_wconf 85' lang='lat' dir='ltr'>A.</span> 
     </span>
     <span class='ocr_line' id='line_1_31' title="bbox 302 4113 1499 4190; baseline -0.004 -17"><span class='ocrx_word' id='word_1_268' title='bbox 302 4118 421 4190; x_wconf 69' lang='lat' dir='ltr'>Pergunt</span> <span class='ocrx_word' id='word_1_269' title='bbox 438 4117 453 4187; x_wconf 74' lang='grc' dir='ltr'><em>ἡ</em></span> <span class='ocrx_word' id='word_1_270' title='bbox 471 4119 518 4186; x_wconf 73' lang='grc' dir='ltr'>μὲν</span> <span class='ocrx_word' id='word_1_271' title='bbox 535 4117 780 4189; x_wconf 73' lang='grc' dir='ltr'>φύσις-ἐντυχίας</span> <span class='ocrx_word' id='word_1_272' title='bbox 797 4117 919 4172; x_wconf 78' lang='grc' dir='ltr'>ἀνύεσθαι</span> <span class='ocrx_word' id='word_1_273' title='bbox 933 4117 966 4170; x_wconf 85' lang='grc' dir='ltr'>Β.</span> <span class='ocrx_word' id='word_1_274' title='bbox 980 4116 1030 4171; x_wconf 85' lang='lat' dir='ltr'>Ed.</span> <span class='ocrx_word' id='word_1_275' title='bbox 1044 4115 1104 4170; x_wconf 86' lang='lat' dir='ltr'>vide</span> <span class='ocrx_word' id='word_1_276' title='bbox 1117 4115 1236 4170; x_wconf 82' lang='lat' dir='ltr'>Crameri</span> <span class='ocrx_word' id='word_1_277' title='bbox 1251 4115 1378 4168; x_wconf 78' lang='lat' dir='ltr'><strong>Catenam</strong></span> <span class='ocrx_word' id='word_1_278' title='bbox 1393 4113 1427 4166; x_wconf 81' lang='lat' dir='ltr'>ad</span> <span class='ocrx_word' id='word_1_279' title='bbox 1445 4115 1499 4168; x_wconf 88' lang='lat' dir='ltr'><strong>loc.</strong></span> 
     </span>
     <span class='ocr_line' id='line_1_32' title="bbox 301 4183 1502 4260; baseline -0.004 -18"><span class='ocrx_word' id='word_1_280' title='bbox 301 4209 329 4260; x_wconf 91' lang='lat' dir='ltr'>p.</span> <span class='ocrx_word' id='word_1_281' title='bbox 342 4208 401 4256; x_wconf 77' lang='lat'>144·</span> <span class='ocrx_word' id='word_1_282' title='bbox 417 4206 511 4260; x_wconf 83' lang='lat'><strong>12-29.</strong></span> <span class='ocrx_word' id='word_1_283' title='bbox 551 4189 623 4242; x_wconf 87' lang='lat' dir='ltr'>Haec</span> <span class='ocrx_word' id='word_1_284' title='bbox 637 4189 776 4243; x_wconf 79' lang='lat' dir='ltr'>Gennadio</span> <span class='ocrx_word' id='word_1_285' title='bbox 789 4189 882 4242; x_wconf 81' lang='lat' dir='ltr'>tribuit</span> <span class='ocrx_word' id='word_1_286' title='bbox 894 4190 927 4241; x_wconf 88' lang='lat' dir='ltr'>A.</span> <span class='ocrx_word' id='word_1_287' title='bbox 1021 4188 1047 4242; x_wconf 89' lang='lat'>8.</span> <span class='ocrx_word' id='word_1_288' title='bbox 1067 4183 1362 4255; x_wconf 76' lang='grc' dir='ltr'>ῐιιο.Τὸμε’νοῦνιιοτε“ι</span> <span class='ocrx_word' id='word_1_289' title='bbox 1373 4184 1502 4252; x_wconf 77' lang='grc' dir='ltr'>πρόθεσιν</span> 
     </span>
     <span class='ocr_line' id='line_1_33' title="bbox 302 4255 1498 4330; baseline -0.004 -18"><span class='ocrx_word' id='word_1_290' title='bbox 302 4259 341 4326; x_wconf 79' lang='grc' dir='ltr'>εἴη</span> <span class='ocrx_word' id='word_1_291' title='bbox 355 4261 388 4313; x_wconf 93' lang='lat' dir='ltr'>A.</span> <span class='ocrx_word' id='word_1_292' title='bbox 532 4278 557 4328; x_wconf 82' lang='lat'>9.</span> <span class='ocrx_word' id='word_1_293' title='bbox 577 4261 608 4326; x_wconf 77' lang='grc' dir='ltr'>δὴ</span> <span class='ocrx_word' id='word_1_294' title='bbox 621 4258 679 4330; x_wconf 81' lang='grc' dir='ltr'>οῦν]</span> <span class='ocrx_word' id='word_1_295' title='bbox 694 4261 721 4314; x_wconf 72' lang='grc' dir='ltr'>δὲ</span> <span class='ocrx_word' id='word_1_296' title='bbox 735 4261 769 4312; x_wconf 91' lang='lat' dir='ltr'>A.</span> <span class='ocrx_word' id='word_1_297' title='bbox 921 4273 961 4312; x_wconf 83' lang='grc' dir='ltr'>ιο.</span> <span class='ocrx_word' id='word_1_298' title='bbox 980 4258 1055 4312; x_wconf 85' lang='grc' dir='ltr'>τίνοιν</span> <span class='ocrx_word' id='word_1_299' title='bbox 1067 4259 1101 4310; x_wconf 90' lang='lat' dir='ltr'>A.</span> <span class='ocrx_word' id='word_1_300' title='bbox 1114 4279 1189 4310; x_wconf 84' lang='grc' dir='ltr'>τινοιν</span> <span class='ocrx_word' id='word_1_301' title='bbox 1202 4256 1235 4309; x_wconf 86' lang='grc' dir='ltr'>Β.</span> <span class='ocrx_word' id='word_1_302' title='bbox 1249 4255 1301 4311; x_wconf 83' lang='lat' dir='ltr'>Ed.</span> <span class='ocrx_word' id='word_1_303' title='bbox 1353 4257 1451 4324; x_wconf 83' lang='grc' dir='ltr'>πότερα</span> <span class='ocrx_word' id='word_1_304' title='bbox 1463 4255 1498 4308; x_wconf 88' lang='lat' dir='ltr'>A.</span> 
     </span>
     <span class='ocr_line' id='line_1_34' title="bbox 306 4325 1500 4399; baseline -0.003 -17"><span class='ocrx_word' id='word_1_305' title='bbox 306 4346 347 4383; x_wconf 87' lang='lat'>11.</span> <span class='ocrx_word' id='word_1_306' title='bbox 365 4331 406 4382; x_wconf 79' lang='grc' dir='ltr'>καὶ</span> <span class='ocrx_word' id='word_1_307' title='bbox 418 4331 500 4384; x_wconf 79' lang='grc' dir='ltr'>αὐτῶν</span> <span class='ocrx_word' id='word_1_308' title='bbox 512 4349 566 4384; x_wconf 87' lang='lat' dir='ltr'>om.</span> <span class='ocrx_word' id='word_1_309' title='bbox 580 4332 613 4383; x_wconf 93' lang='lat' dir='ltr'>A.</span> <span class='ocrx_word' id='word_1_310' title='bbox 742 4346 782 4382; x_wconf 80' lang='grc' dir='ltr'>ιτ.</span> <span class='ocrx_word' id='word_1_311' title='bbox 801 4329 902 4399; x_wconf 78' lang='grc' dir='ltr'>γένοιτο</span> <span class='ocrx_word' id='word_1_312' title='bbox 915 4330 948 4382; x_wconf 89' lang='lat' dir='ltr'>A.</span> <span class='ocrx_word' id='word_1_313' title='bbox 1083 4328 1122 4382; x_wconf 89' lang='grc' dir='ltr'>ι8.</span> <span class='ocrx_word' id='word_1_314' title='bbox 1143 4327 1269 4380; x_wconf 85' lang='lat' dir='ltr'>Scholion</span> <span class='ocrx_word' id='word_1_315' title='bbox 1281 4325 1332 4380; x_wconf 83' lang='lat' dir='ltr'>hoc</span> <span class='ocrx_word' id='word_1_316' title='bbox 1345 4325 1421 4380; x_wconf 75' lang='lat' dir='ltr'>nobis</span> <span class='ocrx_word' id='word_1_317' title='bbox 1434 4343 1500 4394; x_wconf 84' lang='lat' dir='ltr'>sup-</span> 
     </span>
     <span class='ocr_line' id='line_1_35' title="bbox 304 4396 1500 4469; baseline -0.002 -18"><span class='ocrx_word' id='word_1_318' title='bbox 304 4398 404 4467; x_wconf 75' lang='lat' dir='ltr'>peditat</span> <span class='ocrx_word' id='word_1_319' title='bbox 417 4401 450 4452; x_wconf 91' lang='lat' dir='ltr'>A.</span> <span class='ocrx_word' id='word_1_320' title='bbox 541 4415 627 4469; x_wconf 84' lang='lat'><strong><em>22-25</em></strong></span> <span class='ocrx_word' id='word_1_321' title='bbox 641 4409 666 4452; x_wconf 77' lang='lat' dir='ltr'>et</span> <span class='ocrx_word' id='word_1_322' title='bbox 680 4400 777 4468; x_wconf 87' lang='lat' dir='ltr'><strong>26-p.</strong></span> <span class='ocrx_word' id='word_1_323' title='bbox 790 4416 849 4466; x_wconf 82' lang='lat'>221,</span> <span class='ocrx_word' id='word_1_324' title='bbox 862 4419 888 4465; x_wconf 79' lang='lat'>4.</span> <span class='ocrx_word' id='word_1_325' title='bbox 902 4400 984 4454; x_wconf 78' lang='lat' dir='ltr'><strong>citant</strong></span> <span class='ocrx_word' id='word_1_326' title='bbox 996 4407 1015 4452; x_wconf 86' lang='lat' dir='ltr'>t.</span> <span class='ocrx_word' id='word_1_327' title='bbox 1029 4399 1074 4452; x_wconf 86' lang='lat' dir='ltr'>sol.</span> <span class='ocrx_word' id='word_1_328' title='bbox 1089 4401 1121 4452; x_wconf 83' lang='lat'>28</span> <span class='ocrx_word' id='word_1_329' title='bbox 1134 4398 1250 4468; x_wconf 82' lang='lat' dir='ltr'>aliaeque</span> <span class='ocrx_word' id='word_1_330' title='bbox 1263 4396 1381 4467; x_wconf 74' lang='lat' dir='ltr'>ejusdem</span> <span class='ocrx_word' id='word_1_331' title='bbox 1394 4397 1500 4464; x_wconf 71' lang='lat' dir='ltr'>generis</span> 
     </span>
     <span class='ocr_line' id='line_1_36' title="bbox 305 4466 1502 4540; baseline 0 -20"><span class='ocrx_word' id='word_1_332' title='bbox 305 4469 428 4521; x_wconf 82' lang='lat' dir='ltr'><strong>Catenae.</strong></span> <span class='ocrx_word' id='word_1_333' title='bbox 533 4487 575 4524; x_wconf 76' lang='grc' dir='ltr'>το.</span> <span class='ocrx_word' id='word_1_334' title='bbox 594 4473 673 4522; x_wconf 77' lang='grc' dir='ltr'>πάλιν</span> <span class='ocrx_word' id='word_1_335' title='bbox 684 4488 738 4524; x_wconf 85' lang='lat' dir='ltr'>om.</span> <span class='ocrx_word' id='word_1_336' title='bbox 752 4481 770 4522; x_wconf 83' lang='lat' dir='ltr'>t.</span> <span class='ocrx_word' id='word_1_337' title='bbox 785 4481 835 4523; x_wconf 83' lang='lat' dir='ltr'><strong>cet.</strong></span> <span class='ocrx_word' id='word_1_338' title='bbox 954 4486 996 4535; x_wconf 68' lang='grc' dir='ltr'>τε,</span> <span class='ocrx_word' id='word_1_339' title='bbox 1015 4469 1171 4540; x_wconf 83' lang='grc' dir='ltr'>φορέσωμεν</span> <span class='ocrx_word' id='word_1_340' title='bbox 1183 4466 1309 4521; x_wconf 82' lang='lat' dir='ltr'>exhibent</span> <span class='ocrx_word' id='word_1_341' title='bbox 1321 4468 1355 4530; x_wconf 85' lang='lat' dir='ltr'>A,</span> <span class='ocrx_word' id='word_1_342' title='bbox 1369 4467 1502 4537; x_wconf 69' lang='lat' dir='ltr'>ceterique</span> 
     </span>
     <span class='ocr_line' id='line_1_37' title="bbox 304 4535 1503 4658; baseline -0.002 -65"><span class='ocrx_word' id='word_1_343' title='bbox 304 4536 417 4658; x_wconf 55' lang='grc' dir='ltr'>ἱίὲἆὶῦθιδ.</span> <span class='ocrx_word' id='word_1_344' title='bbox 561 4540 603 4592; x_wconf 82' lang='lat'>26.</span> <span class='ocrx_word' id='word_1_345' title='bbox 621 4541 666 4608; x_wconf 78' lang='grc' dir='ltr'>τὴν</span> <span class='ocrx_word' id='word_1_346' title='bbox 680 4540 708 4593; x_wconf 70' lang='grc' dir='ltr'>ἐν</span> <span class='ocrx_word' id='word_1_347' title='bbox 719 4540 839 4611; x_wconf 81' lang='grc' dir='ltr'>ἁγιασμῷ</span> <span class='ocrx_word' id='word_1_348' title='bbox 854 4541 918 4607; x_wconf 75' lang='grc' dir='ltr'>ζωὴν</span> <span class='ocrx_word' id='word_1_349' title='bbox 931 4542 976 4608; x_wconf 78' lang='grc' dir='ltr'>τὴν</span> <span class='ocrx_word' id='word_1_350' title='bbox 987 4543 1052 4610; x_wconf 85' lang='grc' dir='ltr'>πρὸς</span> <span class='ocrx_word' id='word_1_351' title='bbox 1064 4542 1115 4594; x_wconf 81' lang='grc' dir='ltr'>πᾶν</span> <span class='ocrx_word' id='word_1_352' title='bbox 1127 4541 1212 4592; x_wconf 80' lang='grc' dir='ltr'>ὁτιοῦν</span> <span class='ocrx_word' id='word_1_353' title='bbox 1221 4537 1356 4608; x_wconf 75' lang='grc' dir='ltr'>ἀμώμητον</span> <span class='ocrx_word' id='word_1_354' title='bbox 1366 4535 1503 4591; x_wconf 73' lang='grc' dir='ltr'>πολιτείαν</span> 
     </span>
    </p>

    <p class='ocr_par' dir='ltr' id='par_1_14' title="bbox 339 4615 467 4658">
     <span class='ocr_line' id='line_1_38' title="bbox 339 4615 467 4658; baseline 0.008 -1"><span class='ocrx_word' id='word_1_355' title='bbox 339 4622 372 4658; x_wconf 88' lang='lat' dir='ltr'>ne</span> <span class='ocrx_word' id='word_1_356' title='bbox 398 4615 467 4658; x_wconf 84' lang='lat' dir='ltr'><strong>.cet.</strong></span> 
     </span>
    </p>
   </div>
   <div class='ocr_carea' id='block_1_13' title="bbox 0 0 1650 5130">
    <p class='ocr_par' dir='ltr' id='par_1_15' title="bbox 0 0 1650 5130">
     <span class='ocr_line' id='line_1_39' title="bbox 0 0 1650 5130; baseline 0 0"><span class='ocrx_word' id='word_1_357' title='bbox 0 0 1650 5130; x_wconf 95' lang='lat' dir='ltr'> </span> 
     </span>
    </p>
   </div>
  </div>
 </body>
</html>
