3284 5130
305 326 368 390 112
606 325 646 390 B.
670 315 878 392 cYRer
909 325 1204 394 ALEXANDR.
1313 353 1367 396 xx.
1385 349 1503 418 ¹¹·13·

274 483 293 528 α

255 545 364 614 ιαὫς
395 541 453 612 ούν
483 543 607 627 ἔκλαιε,
637 545 827 636 παρέκυψεν
862 542 909 614 cic
941 545 980 614 τὸ
1011 543 1179 630 μνιιμεῐον,
1210 549 1263 616 καί
1294 546 1413 640 θεωρεῖ
1444 549 1504 616 δύο

354 671 511 750 ύττὲλουα
536 673 573 740 ἐν
600 667 730 738 λευκοῖο
758 673 1001 764 καθεζομένους,
1027 675 1086 740 ἕνα
1113 675 1196 765 πρὸς
1222 681 1263 764 τιζι
1292 683 1421 768 κεφαλῇ
1451 677 1505 742 καί

256 811 292 870 ¹3
354 799 412 864 ἕνα
438 799 522 888 πρὸς
547 792 617 865 τοία
643 798 749 879 ποσίν,
774 799 858 864 ὅπου
884 798 992 865 ἔκειτο
1018 798 1057 866 τὸ
1084 799 1179 877 οῶμο
1205 805 1264 867 τού
1287 800 1408 871 Ἰασοῦ,
1451 800 1506 865 καί

355 925 504 1000 λὲτουοιν
531 923 614 1015 αὐτῇ
642 919 762 990 ἐκεῖνοι
783 921 888 1004 Γύναι,
914 923 945 990 τί
972 922 1116 1007 κλοίεις;

354 1093 484 1202 Ἀθρει
501 1097 546 1199 δὴ
563 1096 685 1195 πᾶλιν,
704 1100 753 1183 ὡς
770 1098 833 1179 οῦκ
851 1100 979 1198 ἀμισθί
997 1095 1040 1179 τὸ
1057 1099 1116 1178 ἐπί
1130 1100 1283 1206 Χριστῷ
1302 1105 1507 1203 καταχεῖται
1521 1117 1541 1178 5

305 1219 470 1324 δάκρυον,
487 1224 573 1302 ἀλλ’
594 1221 674 1303 οῦδὲ
697 1225 761 1322 τῆς
788 1226 837 1307 είς
865 1221 974 1301 αὐτὸν
992 1220 1136 1324 ἀγάπης
1158 1221 1300 1327 μακρὰν
1318 1223 1338 1300 ὁ
1357 1221 1507 1325 καρπὸς,

304 1347 432 1449 γείτων
454 1344 493 1426 δέ
519 1343 643 1447 ὥσπερ
662 1347 720 1426 καί
743 1344 1006 1450 παρεζευγμέιη
1024 1352 1097 1430 τοῖς
1114 1344 1237 1431 πόνοις
1254 1345 1382 1453 ἕψεται
1403 1344 1508 1451 χάριν

307 1472 365 1549 καὶ
391 1471 554 1551 πλουσία
584 1469 727 1553 πάντως
748 1468 942 1552 ἀντίδοσις.
983 1467 1059 1548 ίδοῦ
1082 1467 1154 1573 γάρ
1183 1467 1259 1549 ίδοῦ
1283 1472 1505 1573 προσεδρευ-

139 1613 222 1671 1081
231 1591 401 1699 λυούσῃ
418 1627 462 1699 τη
483 1591 649 1696 Μαριάμ,
663 1596 720 1672 καί
738 1590 840 1700 πόθῳ
858 1590 923 1691 μέν
940 1592 1099 1700 φιλοθέιρ
1118 1591 1278 1698 τηκούση
1296 1591 1339 1673 τὸ
1358 1592 1508 1694 σπλάγ-

306 1750 405 1821 χνον,
434 1713 586 1818 γνήσιον
613 1714 650 1795 δέ
682 1722 734 1824 τῷ
761 1712 937 1820 Δεσπύτη
968 1713 1130 1821 τηρούση
1162 1714 1204 1794 τὸ
1236 1712 1416 1821 φρόνημα,
1448 1715 1508 1796 διά
1524 1745 1565 1786 10

307 1841 431 1945 φωνῆς
455 1839 567 1943 ἁγίων
584 1837 755 1943 ἀγγέλων
772 1846 836 1919 τοῦ
858 1840 939 1919 καθ’
959 1835 1085 1919 ἐαυτὸν
1102 1840 1303 1943 μυστηρίου
1320 1839 1387 1941 τῆν
1406 1847 1504 1942 γνῶ·

306 1995 370 2042 σιν
393 1962 559 2065 ὁΣωτῆρ
581 1960 771 2068 ἐχαρίζετο.
810 1964 934 2044 ἐθεᾶτο
958 1960 1030 2067 γάρ
1056 1962 1237 2065 ἀγγέλους
1262 1966 1299 2042 ἐν
1322 1964 1508 2064 ἐσθήμασι

307 2093 498 2190 λαμπροῖς,
527 2091 591 2186 τῆς
627 2089 821 2188 ἀγγελικῆς
859 2083 1102 2191 καθαρότητος
1134 2086 1177 2166 τὸ
1206 2087 1508 2190 είλικρινείττατον

308 2206 446 2294 κάλλος
473 2213 538 2310 τῆς
564 2215 636 2290 τῶν
666 2210 814 2310 ἱματίων
842 2207 1091 2311 σημαινούσης
1119 2213 1350 2313 περιστολῆς,
1383 2208 1417 2289 ού
1446 2213 1506 2291 καί

307 2342 373 2415 τοῦ
403 2339 544 2435 θρηνεῖν
577 2332 821 2418 ἀποπαύοντες
858 2334 1011 2436 λέγουσι
1049 2330 1147 2414 Γύναι
1187 2336 1223 2414 τί
1262 2341 1421 2429 κλαίεις;
1463 2333 1507 2414 ού
1523 2359 1564 2420 15

309 2455 381 2561 γὰρ
409 2455 523 2558 δῆσον
547 2456 614 2557 τῆν
638 2457 754 2537 αἰτίαν
771 2460 836 2557 τῆς
859 2463 932 2536 τῶν
950 2456 1112 2559 δακρύων
1137 2460 1344 2556 καταβολῆς
1362 2455 1507 2564 ἀξιοῦσι

274 2584 445 2682 ύμαθεῖν·
479 2579 614 2688 ᾔδεσαν
632 2579 704 2686 γάρ
722 2583 780 2662 καί
799 2586 829 2660 εί
847 2580 897 2680 μῆ
916 2581 1016 2684 λε’γοι
1034 2579 1144 2685 τυχὸν
1161 2580 1184 2679 ῆ
1202 2579 1304 2682 γννῆ,
1323 2581 1381 2659 καί
1401 2578 1509 2665 αὐτὸς

308 2704 348 2786 δέ
365 2706 385 2785 ὁ
404 2713 468 2786 τοῦ
491 2705 703 2809 πράγματος
726 2703 864 2789 σκοπὸς
889 2705 931 2784 ού
953 2703 1100 2805 μετρίαν
1124 2704 1169 2810 ἐξ
1188 2704 1313 2784 ἑαυτοῦ
1341 2699 1413 2810 εἶχε
1440 2703 1509 2804 τῆν

308 2825 482 2929 δήλωσιν·
518 2836 734 2930 παραινοῦσι
752 2827 789 2908 δέ
807 2834 954 2927 μᾶλλον
970 2833 1194 2931 περιστεῖλαι
1213 2824 1256 2908 τὸ
1276 2826 1439 2930 δάκρυον,
1459 2831 1508 2913 ὡς

309 2953 374 3031 οῦκ
398 2954 435 3031 ἐν
453 2956 563 3058 καιρῷ
585 2954 637 3058 τῷ
659 2950 843 3054 πρέποντι,
861 2953 918 3031 καί
941 2950 996 3058 ἐφ’
1018 2948 1070 3035 οἷς
1088 2952 1219 3051 ἥκιστα
1243 2954 1336 3054 χρῆν
1354 2952 1509 3057 ἑλομένῃ
1523 2998 1564 3036 20

309 3071 373 3153 τὸν
401 3077 544 3177 θρῆνον·
584 3073 780 3173 λελυμένον
807 3072 879 3178 γάρ
911 3082 976 3154 τοῦ
1004 3073 1159 3155 θανάτου
1189 3077 1248 3154 καί
1275 3072 1509 3175 ἀτονησᾶσης

309 3197 377 3297 ἤδη
396 3200 460 3297 τῆς
479 3203 627 3302 φθορᾶς,
645 3198 880 3302 ἐγηγερμένον
899 3194 938 3278 δέ
952 3195 1011 3277 διά
1028 3207 1133 3279 τοῦτο
1145 3206 1209 3277 τοῦ
1221 3201 1389 3302 Σωτῆρος
1406 3197 1509 3297 ῆμῶν

309 3324 484 3422 Χριστοῦ,
504 3323 561 3401 καί
586 3320 910 3422 καινοτομήσαντος
936 3329 1010 3406 τοῖς
1037 3328 1171 3425 νεκροῖς
1196 3318 1259 3420 τῆς
1283 3328 1331 3406 είς
1359 3323 1504 3429 ἀφθαρ-

309 3443 397 3523 σίαν
414 3447 472 3526 καί
491 3442 582 3548 ζωὴν
598 3443 811 3548 ἀναδρομὴν,
832 3454 896 3526 τοῦ
914 3443 958 3546 δῆ
977 3444 1083 3551 χοίριν
1100 3453 1224 3550 καιροῦ
1242 3445 1318 3545 μὲν,
1337 3441 1367 3525 ιύ
1384 3444 1505 3548 γύναι,

280 3575 374 3650 0τοῦ
391 3567 587 3671 πρέποντος
606 3565 848 3674 ἀπυσφιὶλλη,
868 3572 995 3676 φασίν,
1012 3567 1131 3653 ἀλύεις
1150 3568 1188 3648 δέ
1207 3567 1263 3669 δῆ,
1282 3572 1340 3650 καὶ
1359 3566 1509 3675 σφόδρα
1522 3606 1564 3667 ²5

309 3697 455 3795 πικρῶς,
488 3695 551 3791 τῆς
580 3696 653 3771 τῶν
688 3691 912 3794 πραγμάτων
943 3691 1125 3789 ἐκβάσεως
1159 3693 1344 3794 καλούσης
1379 3699 1428 3778 είς
1464 3690 1509 3774 τῦ

309 3815 493 3911 ἐναντίον;
536 3814 671 3919 χαίρειν
706 3811 779 3919 γάρ
815 3813 927 3902 ὅντως
964 3819 1023 3896 καὶ
1059 3821 1324 3916 διενθυμεῖσθαι
1361 3823 1508 3916 μᾶλλον

309 3941 428 4045 ἐχρῆν.
466 3939 502 4018 τί
526 3946 718 4042 τοιγαροῦν
747 3941 891 4032 κλαίεις,
921 3942 1097 4020 ἀδικοῦσα
1123 3937 1259 4044 τρόπον
1287 3939 1367 4021 τινὰ
1392 3937 1434 4020 τὸ
1462 3944 1508 4045 τῇ

308 4061 505 4166 πανηγύρει
522 4061 816 4168 χρεωστούμενον
833 4068 984 4169 σχῆμα;

365 4186 558 4267 Φαίνονται
590 4184 628 4267 δέ
661 4185 874 4296 καύεζίμενυι
905 4187 985 4290 τρίς
1018 4220 1057 4267 τε
1088 4195 1127 4302 τῇ
1164 4187 1306 4298 κεφαλῆ
1344 4193 1402 4268 καί
1437 4189 1507 4273 τοῖς
1521 4231 1564 4290 30

308 4317 406 4390 ποσίν
433 4309 516 4391 ύπιυ
544 4310 646 4392 ἐκειτι
676 4311 710 4392 τύ
740 4311 847 4418 σῆμα
873 4314 930 4393 τοῦ
956 4313 1073 4409 Ἰησοῦ,
1101 4309 1213 4410 μόνον
1245 4312 1325 4417 ούχί
1358 4311 1416 4391 καί
1448 4310 1508 4390 διά

344 4499 370 4549 4.
389 4483 457 4556 αύτῷ
471 4481 503 4537 Ε.
622 4485 662 4540 18.
682 4486 890 4558 τοῦπράγματος
902 4489 917 4542 ύ
930 4488 1036 4544 inverso
1048 4485 1183 4543 ordineE.
1290 4504 1332 4544 20.
1352 4455 1432 4560 ἐχρῆν
1445 4487 1468 4544 Ι.
1482 4505 1508 4544 α.

310 4567 353 4608 ας.
371 4575 400 4610 τε
412 4569 461 4625 pro
473 4553 502 4607 δὲ
516 4553 538 4608 Ι.
550 4571 574 4610 ιι.
