3278 5130
152 393 191 460 [8
219 393 280 458 Μ]
308 298 374 364 328
483 301 522 366 B.
546 300 733 366 CYRILLI
759 300 1024 368 ALEXANDR.
1051 303 1335 370 FRAGMENTA
1400 302 1436 366 ii.
1456 321 1514 382 14.

194 409 207 460 η
251 431 257 444 .

306 473 410 544 παντὶ
428 466 533 574 τόπῳ,
552 465 645 556 καθά
662 472 778 574 φασιν
797 467 905 564 αὐτοὶ,
923 465 1056 574 διδόξει
1073 466 1186 548 πάλιν
1204 465 1310 551 αύτὸς
1328 466 1348 545 ὸ
1367 461 1507 546 θεοπέ-

140 597 388 671 1nfm5v.5.0w9
410 593 559 673 Παῦλος
582 591 690 670 ἐκεῖνο
717 588 835 692 λέγων
864 590 958 668 “Οῦ
984 587 1056 692 γὰρ
1085 587 1230 673 ἑαυτοὺς
1257 588 1506 691 κηρύσσομεν,

307 719 330 756 “
348 707 450 789 ἀλλὰ
470 709 635 814 Χριστὸν
655 713 801 812 Ἰησοῦν
828 712 962 815 κύριον,
989 710 1134 796 εἀυτοὸς
1161 712 1200 792 δὲ
1224 711 1374 795 δούλους
1402 711 1509 805 ὑμῶν

144 847 223 898 ¹⁰0r·
237 849 295 900 iia·
309 841 330 881 “
349 833 407 912 διὸ
439 833 565 932 Ἰησοῦ
600 835 794 937 Χριστον·”
837 838 895 913 καὶ
930 833 1044 915 πάλιν
1076 844 1099 882 “
1116 834 1175 914 Ού
1208 833 1280 937 γὰρ
1312 829 1432 937 ἔκρινά
1469 865 1511 911 τι

308 965 330 1003 “
348 953 472 1036 εῖδὲναι
493 957 531 1035 ἐν
549 958 641 1055 ύμῖν,
660 963 690 1036 εῖ
711 956 761 1056 μὴ
779 956 946 1060 Χριστὸν
962 957 1118 1058 Ἰησοῦν,
1137 960 1195 1037 καὶ
1221 965 1348 1037 τοῦτον
1369 957 1506 1034 ε’σταυ-
1526 983 1546 1042 5
1633 995 1634 1000 “

308 1090 330 1127 “
346 1079 539 1183 ρωμὲνον.”
578 1077 654 1160 εἶτα
682 1080 762 1160 τίνα
790 1077 925 1183 τρόπον
953 1081 973 1159 ὁ
1001 1083 1179 1184 γεννηθεὶς
1206 1083 1245 1160 ἐκ
1272 1076 1451 1183 γυναικὸς,
1481 1079 1508 1158 ὃ

308 1201 466 1305 σταυρὸν
485 1204 674 1300 ὑπομείνας
691 1205 750 1283 καὶ
769 1201 924 1282 θάνατον
942 1201 1085 1301 ύποδὸς,
1103 1209 1132 1283 εί
1151 1206 1211 1283 καὶ
1229 1202 1359 1299 ἀνεβίω
1377 1199 1507 1296 πόλιν,

308 1325 394 1434 ι’σμῖη
422 1326 479 1420 τῆς
506 1328 659 1429 γιύσεως
687 1327 790 1406 ἔσται
817 1334 881 1405 τοῦ
899 1331 996 1406 Θεοῦ
1024 1329 1083 1406 καὶ
1106 1325 1261 1428 Πατρὸς,
1284 1331 1314 1406 εί
1341 1322 1507 1426 καθάπερ

307 1449 443 1529 οἴονταί
466 1483 556 1534 τινες
577 1447 690 1556 ψιλὸς
718 1449 800 1529 καθ’
830 1448 937 1547 ἡμᾶς,
960 1447 1073 1551 ἤγουν
1094 1449 1283 1554 θεοφόρος,
1314 1447 1508 1548 ἅνθρωπος

308 1580 435 1652 νοεῖται
456 1571 628 1674 Χριστὸς,
651 1575 709 1652 καὶ
737 1573 801 1652 οῦκ
829 1571 916 1652 αύτὸ
943 1570 1036 1652 κατὰ
1063 1571 1178 1680 φύσιν
1206 1571 1377 1675 ῦπιίρχων
1395 1563 1504 1658 Θεὸς,
1525 1607 1565 1646 ιο

308 1693 375 1775 κᾶν
402 1700 432 1775 εὶ
460 1702 575 1775 νοοῖτο
601 1693 801 1797 προλαβὼν
831 1692 874 1774 τὸ
904 1696 1128 1799 ἀνθριύπινον
1157 1698 1384 1794 οἰκονομικῶς
1413 1694 1433 1772 ὸ
1463 1694 1504 1778 ἐκ

309 1823 404 1898 Θεοῦ
423 1817 569 1921 Λόγος;
600 1819 642 1899 ού
659 1815 732 1920 γὰρ
747 1816 786 1898 ε”ν
802 1852 845 1920 γε
863 1823 914 1927 τῷ
933 1815 1020 1898 εἶναι
1039 1819 1121 1898 καθ’
1141 1816 1233 1916 ἡμᾶς
1251 1819 1310 1898 καὶ
1327 1816 1420 1919 πέρα
1435 1823 1505 1894 τοῦ

307 1941 417 2041 μηδὲν
443 1941 510 2042 τὴν
537 1949 600 2021 τοῦ
623 1946 719 2021 Θεοῦ
746 1943 804 2021 καὶ
833 1939 978 2046 Πατρὸς
1003 1939 1187 2021 εύωδιόσει
1209 1940 1335 2047 φύσιν,
1358 1941 1433 2019 οὐδ’
1458 1933 1505 2018 εῖν

308 2064 407 2165 ὀσμὴ
435 2064 573 2168 γε’νοιτο
599 2072 664 2145 τοῦ
689 2062 741 2164 μὴ
762 2062 894 2148 εἰδότος
922 2064 1075 2145 θάνατον
1098 2065 1119 2142 ὸ
1147 2063 1302 2144 θάνατον
1329 2060 1500 2145 όνατλάς·

307 2195 386 2273 πῶς
409 2189 472 2268 οὖν
490 2186 576 2294 ῖσμὸη
598 2186 657 2282 τῆς
674 2188 827 2291 γιιύσιως
844 2194 908 2267 τοῦ
929 2185 1074 2289 Πατρὸς
1092 2187 1112 2265 ὁ
1130 2183 1316 2291 Χριστός;
1347 2183 1370 2286 ἢ
1388 2189 1503 2285 δῆλον
1522 2215 1563 2276 ¹5

191 2331 295 2392 8811.
308 2309 363 2391 ὅτι
390 2310 479 2392 καθὸ
508 2317 636 2390 νοεῖται
660 2311 720 2390 καὶ
745 2310 825 2391 ἔστι
843 2310 948 2407 Θεὸς,
967 2307 1033 2390 κᾶν
1051 2315 1080 2390 εί
1098 2312 1256 2417 πέφηνεν
1274 2310 1312 2389 ἐν
1329 2315 1438 2412 σαρκὶ
1457 2309 1501 2389 δι’

310 2434 423 2534 ἡμᾶςς
463 2437 536 2516 ἐπεὶ
567 2433 648 2515 τίνα
678 2433 815 2537 τρόπον
841 2437 874 2512 οί
906 2432 1210 2535 διακηρύσσοντες
1241 2431 1305 2513 τὸν
1336 2429 1503 2534 Χριστὸν

308 2555 602 2660 καταγγέλλουσι
628 2559 680 2665 τῷ
707 2554 835 2663 κόσμῳ
861 2552 926 2636 τὸν
954 2555 1064 2662 φύσει
1091 2589 1129 2636 τε
1157 2557 1216 2635 καὶ
1243 2557 1389 2656 ἀληθῶς
1415 2553 1504 2635 ὄντα

309 2679 428 2776 Θεόν;
455 2678 573 2781 ἢπῶς
602 2678 646 2759 ἂν
666 2683 784 2760 εἰδεῖεν
811 2677 875 2758 τὸν
900 2679 1045 2777 Ἰησοῦν
1057 2711 1069 2776 3
1109 2679 1189 2758 τίνα
1216 2678 1254 2758 δὲ
1281 2676 1504 2782 τρόπονκαὶ

310 2803 404 2889 Θεὸς
420 2806 479 2884 καὶ
498 2801 627 2905 Πατὴρ
646 2804 684 2881 ἐν
701 2805 854 2910 Χριστῷ
871 2799 934 2881 τὸν
953 2799 1092 2897 κόσμον
1110 2803 1224 2908 ἑαυτῷ
1242 2802 1503 2882 καταλλάττειυ
1518 2844 1561 2886 20

309 2925 450 3029 λέγεται
477 2923 576 3026 παρὸ
602 2932 674 3005 τῶν
692 2927 804 3026 ἁγίων
826 2931 1090 3028 μυσταγωγῶν,
1111 2930 1140 3004 εῖ
1165 2922 1215 3024 μὴ
1233 2925 1503 3032 συνεισδέξαιτό

308 3082 362 3133 τις
389 3053 440 3154 τηῖ
466 3049 504 3128 ἐκ
531 3053 627 3128 Θεοῦ
656 3048 762 3156 φύντι
790 3046 900 3155 Λόγιρ
929 3046 1021 3150 πρὸς
1042 3049 1172 3128 ἕνωσιν
1192 3046 1235 3127 τὸ
1260 3047 1500 3151 ἀνθριύπινον,

309 3169 530 3271 ἀπαιτούσης
556 3179 662 3252 τοῦτο
693 3175 757 3271 τῆς
788 3175 910 3276 σοφῆς
942 3163 1167 3270 οῖκουομίᾶςς
1207 3169 1503 3274 καταγγέλλονσι

308 3291 381 3393 γὰρ
399 3299 432 3373 οἱ
454 3293 642 3373 θεσπίσιοι
666 3297 822 3394 μαθηταὶ
841 3287 1037 3378 λαλοῦντες
1055 3295 1094 3373 ἐν
1110 3293 1294 3392 πνεύματι,
1312 3297 1379 3400 ούχ
1397 3297 1445 3379 ὡς
1463 3297 1503 3375 ε’ν

308 3414 485 3524 ἀνθρώπῳ
503 3415 767 3516 κατοικήσαντα
783 3415 848 3497 τὸν
864 3425 928 3499 τοῦ
946 3423 1042 3498 Θεοῦ
1061 3415 1192 3520 Λόγον,
1212 3416 1296 3497 ἀλλ’
1315 3421 1364 3502 ὡς
1381 3417 1502 3522 σείρκο
1516 3450 1558 3511 ²5

308 3535 492 3640 γεγονότα,
526 3540 710 3620 τουτέστιν
745 3539 920 3621 ἑνωθέντα
956 3542 1065 3642 σαρκὶ
1102 3540 1228 3648 ψυχὴν
1264 3541 1399 3645 ε’χούση
1435 3539 1503 3640 τὴν

208 3724 214 3737 .
308 3660 470 3764 λογικήν·
508 3664 599 3742 ούτω
623 3663 694 3766 γὰρ
714 3660 757 3744 ἂν
784 3663 836 3763 ε’ίη
864 3665 923 3743 καὶ
952 3667 1015 3762 τῆς
1043 3661 1151 3770 δόξης
1178 3663 1298 3767 κύριος
1325 3665 1345 3744 ὸ
1372 3665 1502 3744 ε’σταυ-

346 3872 388 3924 14.
406 3855 515 3911 θάνατον
532 3852 619 3928 prius]
640 3857 726 3927 pergit
743 3857 758 3910 ὅ
775 3857 848 3914 ε’στιυ
863 3860 910 3913 τοῦ
928 3859 1032 3929 Πατρδς
1049 3859 1064 3912 δ
1080 3857 1215 3913 όποθανῶτ
1226 3861 1339 3928 Χριστὸς
1353 3859 1377 3914 εδ
1391 3857 1426 3928 μὴ
1438 3859 1503 3915 καθὸ

309 3926 368 3996 (16)
383 3925 420 3980 Η.
589 3943 600 3980 1
598 3926 683 4049 {7-26.
702 3927 883 3998 ἐπεὶ-σαρκὶ]
897 3929 999 3984 ίνωθελς
1011 3929 1088 3997 σαρκί
1102 3927 1140 3983 Η.
1318 3943 1360 4000 27.
1378 3929 1500 4004 λογικὴν]

308 3997 394 4067 pergit
412 3994 580 4066 (abbrevians
609 4006 709 4051 ortasse
727 4015 759 4052 ex
777 3999 828 4052 alia
841 3999 1093 4053 commenmfiomm
1109 3997 1195 4069 parte)
1208 3997 1239 4052 οὔ
1249 3998 1300 4066 μὴν
1316 3998 1357 4053 ὅτι
1374 3999 1503 4070 θεοφόρος

309 4067 357 4138 (es.
369 4083 450 4138 supra
462 4065 490 4138 9)
504 4067 578 4122 ι’στὶν
589 4065 720 4134 ἅνθρωπος
732 4070 746 4121 δ
759 4070 879 4138 Χριστός·
898 4070 923 4122 ol
940 4069 991 4140 γὰρ
1008 4069 1177 4140 ίτερόφρονες
1194 4071 1272 4123 τοῦτό
1288 4071 1358 4138 φασι
1376 4070 1418 4122 καὶ
1436 4069 1502 4123 διαι·

307 4171 401 4238 ροῦσιν
417 4166 454 4223 είς
475 4165 521 4222 δύο
539 4168 585 4221 τὸν
601 4164 646 4220 ἕνα
665 4165 759 4233 Κύριον
768 4165 871 4236 Ἰησοῦν
888 4167 1003 4235 Χριστὸν
1020 4167 1049 4222 ὃς
1066 4166 1139 4222 ε’στιυ
1155 4140 1206 4236 θλύη
1225 4169 1290 4224 Θεὸς
1310 4167 1352 4220 καὶ
1373 4166 1422 4234 (ωδ
1441 4167 1502 4222 αδδι-

308 4261 370 4296 νιος.
393 4237 421 4292 ἐν
438 4233 459 4311 ᾧ
477 4237 505 4292 δὲ
523 4237 664 4306 δΧριατδς
680 4235 749 4306 δσμίγ
769 4236 825 4291 ε’στι
841 4240 888 4291 τοῦ
906 4237 1017 4306 Πατρός,
1030 4237 1109 4304 δῆλον
1120 4236 1158 4291 ὅτι
1172 4240 1188 4292 δ
1200 4239 1276 4294 αύτός
1293 4237 1351 4291 ε’στι
1368 4239 1502 4328 τηῖΠατρὶ

308 4310 371 4362 κατδ
382 4307 466 4379 φύσιν
477 4307 597 4363 ἅκτιστος
608 4307 650 4360 καὶ
662 4305 791 4377 θγίυητος·
813 4310 829 4360 δ
839 4307 890 4378 γὰρ
902 4308 1006 4362 κτιστδς
1015 4307 1045 4360 οὗ
1057 4306 1161 4362 δύναται
1173 4307 1242 4376 ὀσμὴ
1252 4304 1315 4362 εἶναι
1324 4310 1371 4361 τοῦ
1378 4308 1503 4362 ακτῖιιτου

307 4381 365 4432 οὔτε
383 4380 414 4432 τδ
432 4377 546 4433 ε’ναντίον
557 4381 572 4431 ό
584 4377 705 4433 δκτιστος
720 4379 767 4430 τοῦ
785 4377 899 4440 κτίστου,
919 4375 975 4430 ε’πελ
992 4376 1068 4430 ἔσται
1085 4377 1154 4446 ὀσμὴ
1173 4379 1307 4434 κτίσεωςό
1321 4377 1420 4446 Πατὴρ,
1434 4379 1503 4431 καλό

306 4448 380 4504 εἰδὼς
397 4449 443 4503 τὸν
457 4449 518 4504 mv
535 4447 566 4503 δν
582 4446 691 4520 λε’-γοναί
708 4468 775 4503 τινες
792 4447 895 4517 κτίσμα,
908 4443 962 4500 οίδε
979 4445 1080 4504 πάντας
1097 4448 1139 4500 καὶ
1156 4449 1181 4502 τί
1199 4449 1262 4502 κατὰ
1279 4451 1363 4518 φύσιν
1374 4451 1389 4502 δ
1402 4446 1502 4518 Ποτηρ·

306 4517 377 4571 ἀλλὰ
389 4517 476 4584 εὔηθες
487 4521 572 4583 τοῦτο,
585 4520 615 4573 οῦ
626 4519 676 4589 γὰρ
689 4517 717 4573 ἐν
728 4521 764 4591 τῷ
776 4519 852 4589 (329,
862 4519 891 4587 δ)
906 4517 943 4572 Η.
