3274 5262
291 331 350 390 648

332 530 390 569 666
428 511 489 568 sina
530 510 625 568 fructu
654 511 711 569 278
734 528 760 576 6,
789 512 866 569 1032

333 608 388 666 66.

292 705 391 764 Sancti
415 724 433 762 a
457 705 539 762 nobis
563 703 732 769 honorandi,
757 722 810 760 nec
833 702 867 760 iis

332 822 403 877 quae
425 803 454 859 in
475 801 579 859 sanctia
600 820 687 877 parra
706 809 735 858 et
749 807 868 858 externa

333 899 388 957 sint
413 898 621 974 respiciendum
648 899 698 956 aad
726 916 798 972 quae
826 897 867 954 in-

332 1005 414 1054 terna
427 1005 456 1054 et
470 1015 487 1054 a
501 996 564 1053 Deo
578 1006 673 1054 amata
688 1000 782 1062 3436,
798 998 866 1060 344,

333 1098 391 1153 643
407 1094 460 1151 66.

292 1189 390 1249 Sancti
413 1191 519 1249 vitibus
539 1190 712 1266 floribusque
733 1199 762 1248 et
783 1189 867 1264 spicis

331 1289 487 1363 comparati
503 1290 560 1346 387
576 1308 601 1346 a.

291 1385 455 1444 Sanctificat
490 1387 527 1443 Se
559 1385 692 1442 Christus
723 1383 865 1460 quomodo

332 1487 392 1542 364
405 1503 431 1541 6.

290 1589 308 1614 “
322 1580 473 1638 Sanctifico
487 1578 631 1655 Maipsnm
641 1579 658 1601 ”
670 1608 689 1628 =
701 1580 789 1636 offero
801 1580 865 1637 Me-

330 1678 422 1754 ipsum
438 1679 496 1736 462
511 1679 538 1750 6,
553 1677 588 1736 cf.
605 1681 665 1736 989
680 1696 740 1753 sqq.
751 1705 770 1725 =
781 1687 864 1734 natu·

329 1793 391 1833 ram
415 1775 577 1832 Humanam
598 1777 694 1833 Meam
719 1775 864 1833 sanctifico

329 1873 367 1930 iii.
384 1876 452 1931 380.

290 1969 490 2028 Sanctificetur
512 1970 542 2027 id
563 1969 639 2045 quod
661 1969 722 2027 Deo
747 1970 865 2027 offertur

333 2070 393 2126 364
407 2066 435 2124 6.

289 2163 538 2231 Sanctificationis,
566 2165 644 2222 modi
675 2162 780 2222 diversi
804 2167 860 2223 671

330 2263 382 2336 66,
397 2266 465 2321 989.

290 2361 466 2438 Sanguinem
487 2359 594 2419 Christi
615 2361 737 2418 bibimus
757 2359 862 2418 11111)

329 2461 390 2519 1611.

289 2557 414 2635 Sanguis
448 2556 555 2616 Christi
587 2557 662 2614 Abel
695 2557 863 2634 sanguinem

329 2655 415 2732 longe
430 2675 565 2731 superans
579 2655 615 2712 iii.
633 2658 701 2714 398.

290 2753 414 2830 Sanguis
424 2753 585 2830 justificans
598 2752 636 2811 iii.
653 2754 720 2810 398.

290 2856 307 2884 “
317 2850 445 2928 Sapiens,
468 2851 569 2918 scriba,
591 2849 766 2925 conquisitor
776 2850 793 2872 ”
815 2849 863 2926 qni

330 2949 364 3006 M
381 2953 429 3008 60.

289 3045 397 3104 Satana
420 3045 465 3112 de,
492 3045 669 3121 quorundam
697 3045 864 3123 imaginatio

330 3144 450 3202 66966
484 3143 640 3201 confutatio
660 3144 779 3202 560bc
813 3142 862 3199 ln·

328 3240 499 3297 carnationis
519 3249 648 3317 tempore
667 3259 749 3298 ruere
765 3240 864 3315 incipit

328 3337 455 3413 tyrannis
477 3338 539 3410 ejus
560 3341 657 3396 5696
698 3338 863 3396 tentationis

329 3433 431 3490 modus
454 3437 511 3492 738
527 3434 595 3490 666
633 3441 743 3508 partem
764 3434 864 3492 dabili-

328 3549 407 3588 orem
422 3530 588 3606 aggreditur
602 3528 666 3588 16.6
696 3532 862 3607 praesertim

328 3628 451 3686 animam
472 3627 650 3686 Eucharistia
670 3647 728 3685 non
746 3628 861 3686 robora-

327 3736 387 3784 tam
395 3726 433 3786 ib.
445 3726 464 3782 d
490 3725 626 3783 Messian
642 3744 704 3783 essa
715 3725 863 3784 Christum

328 3825 533 3890 6666117416,
552 3827 642 3882 7426
673 3843 782 3882 moram
804 3823 863 3882 suis

327 3941 387 3980 non
407 3921 546 3998 permittit
568 3921 669 3989 7436,
693 3925 787 3979 7446
826 3940 863 3980 66

326 4020 400 4077 forte
414 4038 463 4076 eos
477 4019 620 4095 poeniteat
636 4023 693 4078 743
708 4039 733 4077 c.

287 4117 423 4176 Satanam
451 4116 619 4174 conculcant
647 4115 744 4174 Sancti
769 4116 861 4174 9226

327 4216 456 4291 legiones
476 4215 537 4290 ejus
558 4233 609 4289 per
628 4213 751 4290 Spiritus
766 4212 862 4270 Sancti

327 4313 471 4378 virtutem,
485 4311 716 4386 orationibusque
731 4309 788 4366 suis
802 4318 860 4366 ter·

326 4420 391 4466 rent
427 4410 584 4486 fugantque
618 4408 657 4466 ib.
717 4408 861 4484 quomodo

327 4505 411 4581 hujus
425 4507 523 4564 mundi
536 4507 668 4582 princeps
683 4508 742 4564 923
758 4506 811 4564 ab.

694 327 856 386 INDEX
898 325 1084 384 RERUM.

1396 342 1508 382 SANC'H

921 507 1098 583 Scenopegis
1129 525 1281 582 corporum
1313 507 1505 566 resurrectio·

960 605 1005 662 nis
1033 613 1120 680 typus
1150 604 1253 672 2706,
1282 605 1415 670 40266,
1441 607 1503 663 468

960 722 985 768 6,
1000 704 1060 761 690
1071 702 1115 760 66
1136 709 1248 760 torrens
1268 720 1286 759 e
1307 721 1364 777 quo
1382 711 1506 778 sumpts

960 800 1118 858 necessaria
1138 800 1175 857 ad
1195 800 1310 865 festum,
1325 799 1438 857 Christi
1454 809 1504 875 ty-

959 916 1012 973 pus
1027 899 1118 956 4696
1145 897 1304 954 necessaria
1324 896 1386 972 ipsa
1408 897 1502 954 bono·

958 1013 1022 1052 rum
1036 995 1196 1052 futurorum
1211 996 1271 1053 469
1287 995 1314 1052 b.

918 1090 1044 1150 Scientia
1057 1092 1209 1168 aliquando
1224 1111 1277 1167 pro
1299 1101 1317 1124 '⁸
1329 1092 1502 1168 propinqui-

958 1189 1044 1247 1616”
1059 1191 1129 1257 662,
1145 1191 1215 1254 663,
1234 1191 1293 1247 666
1308 1189 1364 1246 66.

918 1287 1041 1344 Scientia
1068 1287 1103 1344 de
1128 1286 1249 1356 Divinis,
1274 1305 1345 1362 quae
1366 1291 1426 1345 773
1441 1287 1502 1354 66,

958 1385 1057 1443 9626
1092 1383 1208 1442 deliciae
1234 1384 1372 1458 quaedam
1397 1387 1459 1444 827
1484 1403 1502 1441 6

957 1501 1015 1538 666
1049 1481 1160 1556 aequali
1195 1500 1327 1538 mensura
1361 1483 1502 1540 omnibus

958 1579 1024 1636 data
1038 1581 1097 1638 828
1110 1580 1164 1646 66,
1177 1582 1247 1646 829,
1260 1583 1345 1638 8306
1368 1581 1502 1654 perfecta

957 1695 1028 1752 qnae
1043 1679 1128 1736 9366
1153 1677 1265 1734 etiamsi
1279 1696 1315 1734 ex
1329 1686 1422 1752 parte,
1437 1697 1500 1736 non

955 1782 1052 1832 tamen
1092 1775 1201 1832 incerta
1229 1778 1288 1833 926
1304 1775 1332 1839 6,
1359 1778 1420 1833 936
1447 1776 1500 1832 66

955 1889 1089 1946 praesens
1130 1871 1280 1947 fatumque
1327 1880 1500 1949 comparata

957 1973 1016 2028 938
1031 1969 1113 2027 666.

916 2067 1040 2125 Scientia
1054 2066 1089 2124 de
1104 2065 1168 2124 Deo
1181 2085 1250 2123 vera
1262 2067 1321 2124 sita
1335 2075 1455 2124 aeterna
1467 2075 1499 2125 et

957 2165 1100 2239 quomodo
1115 2168 1184 2233 963,
1200 2168 1260 2222 964
1276 2165 1330 2222 ab.

916 2259 1042 2320 Scientia
1072 2282 1167 2322 rerum
1197 2262 1397 2320 nonnullarum
1429 2281 1498 2320 cnm

956 2360 1019 2418 Deo
1034 2361 1197 2436 reponenda
1210 2360 1248 2418 iii.
1259 2365 1328 2426 441,
1340 2360 1376 2419 cf.
1392 2360 1423 2418 S.
1436 2361 1499 2420 lre-

957 2460 1022 2517 naei
1035 2459 1083 2518 lib.
1098 2459 1126 2517 ii.
1141 2477 1166 2516 c.
1182 2456 1322 2517 28Μ1166

916 2559 1055 2618 “Scimus
1083 2557 1148 2632 quia
1169 2557 1291 2616 Messias
1311 2556 1420 2624 renit‚”
1441 2561 1497 2614 rci-

955 2655 1497 2732 meramaritanornruJudaeornmque

955 2773 1046 2832 genus
1060 2753 1240 2828 amplectitur
1254 2757 1314 2812 469
1328 2753 1358 2810 6.

916 2853 1022 2910 “Scire
1048 2852 1169 2909 Puerum
1197 2851 1350 2926 reprobare
1378 2850 1495 2916 malum,

955 2950 1061 3025 eligere
1074 2948 1182 3006 bonum
1192 2948 1210 2972 ’⁹
1226 2948 1293 3023 quid
1307 2951 1366 3006 411
1383 2949 1438 3006 66.

914 3045 1092 3122 Scriptorum
1104 3053 1231 3103 sanctam
1242 3045 1388 3120 sequimur
1401 3048 1460 3103 162
1470 3065 1495 3110 a.

956 3146 1014 3203 368
1029 3144 1058 3208 d.
1080 3147 1138 3201 801
1156 3143 1192 3210 d,·
1207 3146 1265 3201 812
1280 3162 1308 3209 6,
1330 3145 1390 3202 862
1406 3162 1432 3208 c.
1456 3143 1494 3199 iii.

955 3245 1024 3310 608,
1040 3245 1110 3312 613,
1125 3244 1185 3299 626
1221 3259 1384 3300 reveremur
1401 3243 1495 3298 8606

954 3347 1081 3414 potestas
1106 3339 1168 3414 ejus
1196 3339 1290 3398 3181)
1335 3338 1495 3415 incompre-

954 3436 1100 3495 hensibilis
1115 3437 1207 3495 8196
1239 3435 1384 3493 Ecclesiae
1398 3435 1495 3494 liberis

955 3534 1050 3592 cibum
1067 3537 1127 3592 462
1143 3553 1168 3592 6.

914 3629 1061 3706 Scriptura
1088 3638 1187 3688 sancta
1218 3630 1371 3688 scrutanda
1394 3633 1452 3688 174
1468 3649 1493 3697 a,

957 3732 1064 3788 10066
1092 3727 1206 3786 mentiri
1219 3747 1278 3784 non
1290 3736 1387 3802 potest
1402 3731 1494 3786 9766

953 3826 1106 3884 laudantur
1136 3833 1295 3883 scrutantes
1324 3825 1493 3901 Hierosoly·

956 3924 1054 3982 mitani
1069 3926 1129 3983 446
1143 3923 1161 3980 b
1189 3941 1226 3980 ex
1240 3941 1273 3980 ea
1286 3923 1493 3980 demonstratio

955 4021 1150 4094 quaestionum
1177 4020 1304 4078 omnium
1331 4020 1494 4095 quaerenda

956 4120 1013 4176 188
1028 4135 1053 4184 6,
1072 4120 1129 4176 190
1144 4117 1173 4184 6,
1191 4120 1250 4176 788
1264 4137 1291 4184 6,
1307 4121 1366 4176 797
1381 4118 1410 4189 6,
1432 4121 1492 4176 862

954 4217 1108 4282 610496
1141 4213 1170 4270 16
1190 4233 1224 4272 66
1238 4224 1267 4273 61
1280 4235 1368 4290 parva
1381 4215 1489 4274 utilita-

953 4319 1013 4370 tem
1027 4311 1323 4388 magnamproferunt
1340 4316 1432 4372 19611
1462 4314 1491 4370 16

952 4426 986 4466 ea
1000 4407 1070 4466 nihil
1084 4427 1202 4485 parvum
1219 4413 1277 4470 386
1292 4430 1318 4478 a,
1335 4412 1490 4469 6611186

953 4505 1128 4564 intellectum
1139 4518 1266 4566 nostrum
1275 4509 1388 4568 excedit
1398 4509 1489 4568 9866.
