3278 5130
143 311 189 377 ix.
203 327 235 396 5.
388 309 442 374 m
471 307 729 374 ουιοτοιαιι
759 306 823 371 κο
855 307 1106 373 ακοκκαος.
1280 312 1345 376 ιον

1359 415 1371 482 ι
1387 427 1430 479 Ηι
1443 411 1503 479 Μ]

143 473 219 555 άπὸ
237 482 302 555 τοῦ
320 474 537 580 ἐφέλκεσθαι
562 469 798 572 καλούμενον,
820 470 840 552 δ
858 476 986 574 διεῖργε
1006 470 1072 571 τὴν
1090 470 1217 572 αῦλῖγν,
1236 477 1284 556 εἱς
1302 469 1347 570 ἣν

143 597 278 682 πάντες
305 605 429 682 κοινῶς
457 593 643 701 εῖσῄεσαν,
664 598 701 675 έν
730 592 752 700 ᾗ
781 600 839 675 καὶ
868 596 971 676 ἔθυον
996 593 1088 675 κατά
1115 603 1179 676 τοῦ
1207 603 1346 699 χαλκοῦ

145 722 418 822 θυσιαστηρίου·
459 722 479 799 ό
502 718 540 800 δέ
569 718 680 817 μέσος
704 717 793 818 μετά
815 717 857 798 τὸ
885 719 1148 818 ε’πίσπαστρον,
1176 718 1218 797 οὗ
1246 718 1347 797 ἔνδον

144 843 359 950 εἱσήρχοντο
378 849 410 923 οἱ
433 849 544 945 ἱερεῖς,
562 842 626 926 τάς
653 839 819 943 λατρείας
845 841 1071 942 καθεκάστην
1088 845 1344 924 ἐπιτελοῦντες·

113 968 250 1056 5οῦτος
270 968 307 1047 δὲ
327 970 347 1046 ὁ
365 965 475 1052 τόπος
493 969 655 1046 ἐκαλεῖτο
667 964 792 1067 Ἀγια,
811 963 835 1044 ά
853 966 964 1050 τύπος
981 964 1078 1065 ἦσαν
1096 971 1159 1065 τῆς
1176 971 1345 1062 παλαιοῖς,

147 1089 210 1171 άτε
228 1098 302 1172 τῶν
319 1094 362 1170 δι’
383 1091 531 1189 αἵματος
550 1096 686 1170 θυσιῶν
704 1092 776 1169 ἐκεῖ
792 1091 1028 1187 τελουμένων·
1068 1091 1088 1168 ὁ
1108 1087 1145 1170 δέ
1164 1087 1346 1189 ἐνδότερος

148 1214 348 1316 ὠνομάζετο
359 1213 463 1316 Ἅγια
477 1211 636 1317 άγίων,δι
654 1212 765 1298 τόπος
782 1212 827 1313 ἦν
846 1222 909 1293 τοῦ
928 1216 1012 1317 παρ’
1027 1215 1111 1314 ἡμῖν
1129 1216 1340 1312 μυστηρίου.
1355 1255 1407 1288 ver.
1418 1253 1440 1289 ι.

147 1337 215 1438 τὴν
234 1337 299 1437 μέν
322 1339 386 1418 οῦν
410 1337 500 1436 μετὰ
525 1337 566 1417 τὸ
584 1345 745 1442 χαλκοῦν
765 1336 1024 1438 θυσιαστήριον
1043 1335 1181 1438 σκηνὴν
1199 1335 1345 1439 πρώτην

147 1464 169 1541 ὁ
193 1458 402 1546 ἀπόστολος
424 1462 531 1564 λέγει,
550 1465 598 1545 ὡς
625 1460 716 1563 πρὸς
745 1459 793 1540 ’τά
818 1459 904 1562 ἅγια
930 1468 1003 1540 τῶν
1028 1461 1151 1562 ἁγίων·
1192 1461 1270 1540 έπεί
1290 1494 1346 1539 τοι

95 1622 134 1663 10
147 1586 244 1685 με’ση
269 1583 314 1684 ἦν
331 1591 383 1693 τῷ
407 1583 647 1694 ε’πισπάστριρ
667 1581 739 1666 άπά
762 1589 827 1684 τῆς
851 1585 963 1685 αῦλῆς
989 1585 1220 1686 διειργομένη·
1254 1581 1345 1681 μετά

148 1707 186 1788 δέ
206 1708 270 1808 τὴν
289 1709 405 1808 μέσην
423 1708 556 1809 ταύτην
574 1707 713 1808 σκηνὴν
732 1708 831 1792 αὖθις
849 1705 892 1789 τὸ
911 1707 1172 1806 καταπέτασμα
1189 1706 1343 1788 έτέτατο·

148 1835 206 1911 καῖ
228 1832 328 1912 ἔνδον
344 1833 473 1912 τούτου
491 1830 536 1932 ἧν
553 1833 576 1932 ἦ
594 1831 711 1931 σκηνὴ
731 1833 751 1932 ἡ
772 1830 947 1932 λεγομένη
972 1832 1058 1934 ἅγια
1086 1832 1209 1932 ἁγίων,
1226 1836 1274 1916 εἱς
1301 1829 1347 1930 ἣν

149 1955 262 2041 οὐδεὶς
279 1951 392 2059 εἰσῄει
409 1954 432 2054 ἢ
451 1953 559 2053 μόνος
577 1957 597 2034 ό
615 1953 805 2059 ἀρχιερεὺς,
825 1957 883 2033 καὶ
905 1954 1008 2038 οὗτος
1027 1954 1130 2062 ἅπαξ
1144 1963 1210 2035 τοῦ
1227 1957 1342 2033 ἐνιαυ-

149 2088 225 2158 τοῦ·
264 2077 425 2159 ἀπέκειτο
451 2077 488 2158 δέ
510 2080 548 2156 έν
566 2075 678 2182 ταύτῃ
696 2077 718 2176 ἡ
737 2077 890 2171 κιβωτὸς
908 2076 973 2162 τάς
991 2077 1135 2162 πλάκας
1152 2086 1216 2158 τοῦ
1235 2077 1346 2174 νόμου

94 2225 136 2288 15
150 2202 325 2308 φέρουσα,
357 2205 416 2282 καὶ
449 2200 515 2300 τὴν
553 2201 716 2298 στάμνον
752 2209 817 2280 τοῦ
853 2199 981 2299 μάννα,
1013 2204 1071 2280 καὶ
1107 2200 1173 2300 τὴν
1208 2201 1347 2302 ῥάβδον

149 2323 306 2427 Ἀαρών.
345 2328 404 2405 καὶ
431 2323 503 2423 μὴν
521 2329 557 2404 αἱ
576 2324 764 2419 βασιλεῖαί
786 2333 903 2428 φασιν
929 2326 966 2402 έν
993 2330 1038 2428 τῇ
1066 2329 1207 2429 κιβωτῷ
1235 2322 1451 2420 μόναςςῑος.
1462 2347 1517 2400 viii.

149 2454 329 2529 τεθεῖσθαι
348 2446 412 2533 τάς
429 2445 583 2543 πλάκας,
603 2449 641 2525 ἐκ
663 2447 898 2548 παραδόσεως
916 2444 954 2525 δὲ
973 2445 1062 2531 ἴσως
1080 2447 1100 2524 ὁ
1120 2452 1268 2530 Παῦλος
1288 2450 1346 2525 καὶ
1358 2427 1383 2477 9’

148 2569 217 2672 τὴν
232 2569 368 2674 ῥάβδον
387 2575 445 2652 καὶ
464 2569 627 2669 στάμνον
645 2568 879 2672 προσέθηκεν.

1287 2779 1288 2784 ,
1358 2732 1414 2786 118
1430 2729 1478 2786 Π.

238 2811 414 2902 Ὑπεράνω
441 2811 477 2878 δὲ
504 2812 606 2879 αὐτιὶο
632 2811 782 2901 χερουβὶμ
809 2811 908 2881 δόξαι
935 2813 1188 2904 κατασκιάζοντα
1216 2812 1253 2878 τά
1360 2839 1378 2899 5

96 2954 138 2995 20
652 2934 850 3026 ἱλαστήριον.

208 3106 317 3192 Σάνες
330 3109 403 3206 οὖν,
415 3107 512 3193 ὅπως
529 3111 637 3189 ἐποίει
651 3107 686 3190 τὶ
705 3107 770 3207 μέν
784 3111 970 3217 ἶλαι-κόριον
981 3114 1029 3194 είς
1042 3109 1159 3190 εἰκόνα
1173 3111 1346 3213 ε’νανθρω-

148 3228 334 3329 πήσαντος
345 3241 409 3312 τοῦ
419 3238 519 3312 Υἱοῦ·
539 3231 619 3313 τότε
631 3230 703 3335 γάρ
713 3233 860 3335 γέγονεν
872 3231 1094 3335 ἱλαστήριον·
1112 3232 1212 3332 πλὴν
1225 3233 1347 3342 κύκλῳ

148 3353 377 3457 περιεστάναι
404 3356 622 3457 προστάττει
653 3355 700 3435 τά
733 3360 908 3463 χεριυβιμ,
942 3359 1001 3436 καὶ
1032 3355 1238 3462 συσκιάζειν
1270 3365 1347 3442 ταῖς

149 3476 328 3585 πτέρυξιν,
348 3482 401 3558 άεὶ
425 3480 516 3582 πρὸς
535 3480 643 3560 αὐτὸν
660 3482 884 3583 τετραμμένα
901 3482 1017 3560 τεκαὶ
1043 3480 1240 3574 βλέποντα·
1273 3478 1347 3560 εἶτά

97 3617 136 3679 ²5
149 3635 227 3684 πως
249 3603 332 3700 ἡμῖν
351 3601 459 3684 αὐτὸν
478 3607 497 3683 ό
515 3602 703 3712 προφήτης
723 3604 916 3685 τεθεᾶσθαί
931 3612 1059 3709 φησιν,
1082 3617 1102 3653 “
1117 3603 1176 3684 ὅτε
1194 3600 1263 3682 εἶδε
1280 3602 1346 3702 τὴν
1358 3606 1467 3736 {³2¹¹

150 3733 173 3770 ‘⁴
192 3722 313 3831 δόξαν,
332 3729 390 3806 καὶ
418 3726 580 3826 ε’λάλησε
606 3731 688 3830 περὶ
713 3730 855 3808 αι’ντοῦ.”
897 3725 1003 3824 εἶδον,
1024 3725 1095 3829 γάρ
1114 3736 1219 3833 φησι,
1244 3737 1266 3774 “
1283 3726 1346 3806 τὸν
1359 3749 1402 3799 Es.
1414 3749 1448 3798 vi.
1463 3762 1485 3799 ι.

150 3859 172 3896 “
193 3849 328 3952 Κύριον
363 3850 520 3946 σαβαὼθ
551 3849 751 3951 καθήμενον
782 3852 840 3931 ε’πὶ
878 3849 1008 3950 θρόνου
1043 3853 1189 3956 ὑψηλοῦ
1220 3884 1259 3930 τε
1288 3853 1346 3928 καὶ

186 4053 212 4107 5.
231 4041 246 4093 ὀ
258 4049 427 4111 assumptum
441 4059 473 4096 ex
486 4059 520 4110 ιι,
532 4043 624 4098 omisit
637 4041 737 4096 Maius.
851 4077 858 4092 .
1004 4058 1045 4096 ιο.
1063 4039 1155 4094 τούτου
1167 4056 1192 4094 α.
1204 4042 1282 4094 τοῦτο
1295 4037 1346 4093 Ed.

152 4128 195 4177 14.
213 4113 260 4164 τοῦ
272 4121 439 4180 assumptum
453 4131 486 4166 ex
498 4131 522 4166 a.
691 4112 732 4167 18.
750 4109 911 4181 προσέθηκεν
939 4112 1024 4182 pergit
1036 4111 1153 4178 ὑπεράνω
1165 4110 1194 4165 δέ
1206 4110 1291 4178 αὐτῆς,
1302 4112 1349 4177 τῆς

149 4183 262 4242 κιβωτοῦ
279 4180 387 4249 δηλαδι),
402 4185 530 4253 χεροοβλμ
547 4183 624 4251 δόξης
642 4185 697 4252 ἤτοι
709 4183 741 4236 τά
757 4183 856 4252 ἔνδοξα,
868 4181 883 4250 ἢ
896 4204 928 4236 τα
940 4181 1001 4236 ὄντα
1012 4183 1057 4249 τῆς
1071 4181 1156 4248 δόξης,
1168 4180 1287 4234 τουτέστι
1300 4183 1347 4233 τοῦ

148 4251 218 4306 θεοῦ·
241 4250 357 4319 έπίτηδες
372 4252 400 4305 δέ
417 4256 496 4306 ταῦτα
513 4253 610 4322 ε’παὶρει
629 4256 664 4324 τῷ
682 4256 700 4307 λ
756 4293 764 4317 ,
782 4251 822 4308 ἵνα
841 4253 911 4322 δείξῃ
928 4253 1031 4322 μείζονα
1049 4251 1110 4306 ὄντα
1127 4251 1159 4304 τά
1176 4250 1240 4319 μετά
1258 4254 1346 4318 ταῦτα,

148 4319 270 4377 τουτέστι
281 4322 313 4376 τά
331 4319 389 4376 καθ’
408 4321 481 4390 ἡμεῖς·
506 4325 707 4390 κατασκιάζοντα
724 4347 741 4378 τ
773 4323 933 4393 ἱλαστὴριον·
959 4320 1109 4391 ἱλαστήριον
1121 4321 1227 4391 ε’λίγετο
1245 4323 1275 4375 τδ
1292 4321 1347 4376 ε’πὶ·

148 4392 225 4460 θεμα,
237 4394 294 4458 ἤτοι
311 4393 341 4446 τδ
358 4397 435 4460 πῶμα
452 4395 498 4461 τῆς
515 4396 636 4457 κιβωτοῦ,
648 4393 712 4464 ὅπερ
731 4394 808 4448 οἱονεί
825 4416 864 4450 τις
877 4394 989 4463 τράπεζα
1005 4391 1036 4460 ἦν
1048 4391 1215 4462 τετράγωνος,
1228 4396 1347 4447 τυποῦσα

149 4461 265 4528 Χριστὸν
283 4462 328 4516 τὸν
344 4465 481 4533 γινόμενον
499 4462 558 4531 ἡμῖν
572 4465 684 4533 ἱλασμόν
697 4464 797 4528 Maius,
815 4465 892 4520 omisi
910 4464 976 4534 ἱριο,
995 4480 1079 4534 quum
1099 4461 1132 4517 αδ
1153 4461 1182 4518 S.
1197 4461 1294 4535 Chrys.
1313 4461 1347 4516 ad

149 4533 202 4588 loe.
219 4547 268 4603 149
281 4531 307 4586 d.
320 4534 469 4602 pertineant
481 4535 577 4604 priora.
1282 4587 1283 4590 ,
