3280 5142
317 335 360 399 1'4
619 335 658 400 B.
683 334 894 400 CYRILLI
923 335 1215 403 ALEXANDR.
1340 338 1428 404 xviii.
1446 359 1473 419 1,
1487 357 1519 406 ο.

292 537 296 548 ’
374 505 419 580 Ei
452 498 490 579 δὲ
528 499 665 602 ἀληθὴς
697 503 718 582 ὁ
748 501 859 604 λόγος
892 504 951 582 καὶ
984 500 1244 609 ἀναμφιλόγως
1281 502 1518 606 παραδεκτὸν,

317 621 371 704 ότι
399 629 517 726 Πατρὶ
545 621 609 723 μὲν
635 627 654 705 ό
679 623 777 723 Υἱός,
800 623 889 710 Υἱός
919 625 957 706 δὲ
983 627 1028 707 αὖ
1059 626 1172 707 πάλιν
1197 633 1248 735 τῷ
1277 631 1395 731 Πατρὶ
1421 663 1514 708 συν-

317 748 450 828 νοεῖταί
482 783 521 828 τε
554 754 612 830 καὶ
642 749 908 854 συνεισάγεται,
936 751 996 830 καὶ
1027 750 1273 857 συνειστρέχει
1303 753 1346 831 δι’
1380 754 1519 857 ἀμφοῖν

315 870 528 974 ἡέκατέρου
554 879 703 975 γνῶσις·
743 880 821 958 πῶς
849 874 900 953 έτι
928 875 1065 974 ποίημα
1093 873 1185 954 κατά
1214 909 1313 959 τινας
1339 882 1411 954 τῶν
1434 878 1519 956 ἀνο-

283 995 408 1080 οσίων
433 997 533 1077 ἐστὶν
557 998 578 1077 ὁ
603 996 714 1094 Υἱόςς
752 996 843 1079 Υὶόν
872 996 1032 1101 μὲνγὰρ
1060 996 1171 1083 εἴτις
1197 998 1309 1102 λέγοι,
1340 998 1406 1099 τήν
1435 1003 1552 1105 περῖ5

316 1119 463 1224 Πατρός
481 1121 621 1222 ε’νέθηκε
639 1128 778 1225 γνῶσιν
795 1129 869 1208 τοῖς
887 1121 1137 1225 ἀκροωμένοις·
1170 1125 1308 1223 ποίημα
1326 1121 1363 1204 δὲ
1381 1123 1514 1222 ὀνομά-

315 1279 387 1329 σας
414 1252 462 1331 είς
489 1246 626 1327 ἔννοιαν
653 1249 822 1354 ἀναφέρει
850 1255 913 1326 τοῦ
940 1244 1162 1347 ποιήσαντος
1191 1245 1291 1327 αὐτό.
1330 1246 1448 1346 ἐπειδὴ
1478 1248 1518 1328 δὲ

317 1369 463 1475 Πατέρα
491 1379 596 1452 καλεῖ
618 1367 683 1452 τόν
711 1371 807 1452 Θεὸν
830 1369 966 1466 Hibe,
992 1372 1034 1449 οὐ
1060 1369 1212 1471 ποιητὴν
1239 1368 1262 1472 ἢ
1288 1368 1516 1474 δημιουργόν,

286 1503 293 1543 ·’
314 1491 386 1575 οἶδε
406 1494 573 1596 δηλονότι
591 1497 750 1599 γέννημα
767 1494 859 1576 κατὰ
877 1493 1051 1596 ἀλήθειαν
1069 1493 1196 1575 ἑαυτὸν
1213 1494 1430 1600 ὑπάρχοντα.
1460 1494 1516 1576 διὸ

315 1620 447 1698 νοεῖταί
460 1654 499 1699 τε
518 1623 576 1699 καὶ
594 1619 695 1700 ἔστιν
713 1621 732 1700 ὁ
752 1619 840 1705 Υἱὸς
859 1618 942 1718 υίὸς,
961 1623 1021 1700 καὶ
1038 1621 1080 1700 οὐ
1096 1619 1232 1720 ποίημα
1251 1619 1328 1700 κατ’
1348 1620 1513 1703 ἐκείνους·
1534 1665 1575 1705 ιο

315 1740 398 1823 δίὸ
426 1743 614 1843 ποιητὴςό
638 1750 752 1825 ποιῶν
777 1747 835 1824 καὶ
861 1744 978 1826 οὐκέτι
1003 1743 1134 1845 πατήρ.
1169 1741 1331 1844 ἀδικήσει
1350 1741 1388 1822 δὲ
1413 1744 1516 1823 οὐδὲν

313 1863 380 1964 τὴν
407 1875 471 1947 τοῦ
502 1866 617 1970 λόγου
647 1867 807 1967 δύναμιν,
834 1867 876 1949 τό
907 1870 966 1948 καὶ
994 1870 1051 1975 ἐφ’
1074 1867 1177 1968 ἡμῶν
1204 1864 1373 1973 τετάχθαι
1403 1866 1516 1972 τυχὸν

283 1988 356 2069 orb
374 1995 438 2089 τῆς
460 1991 672 2094 γεννήσεως,
691 1991 769 2092 ἤτοι
797 1990 839 2072 τὸ
868 1996 932 2092 τής
957 1991 1119 2092 υίότητος
1144 1990 1267 2089 ὄνομα.
1305 1990 1352 2072 τά
1369 1988 1440 2095 γάρ
1459 2027 1516 2072 τοι

312 2117 440 2217 κυρίως
462 2120 577 2197 τεκαὶ
603 2119 720 2202 ίδικῶς
739 2115 949 2213 ἀνακείμενά
975 2151 1014 2197 τε
1042 2119 1101 2197 καὶ
1128 2117 1317 2220 προσόντα
1341 2123 1393 2224 τῷ
1421 2117 1516 2198 κατὰ

312 2237 427 2346 φάσιν
458 2246 546 2350 Υίῷ,
579 2249 692 2322 ταῦτα
728 2243 786 2321 καὶ
823 2241 879 2346 ἐφ’
914 2241 1005 2340 ἡμᾶς
1044 2242 1296 2342 κατεκομίσθη,
1333 2242 1515 2327 πολλάκις
1533 2277 1570 2336 15

311 2364 617 2471 κατακεχρημένης
639 2366 721 2447 ἔσθ’
753 2365 812 2446 ὅτε
838 2369 902 2465 τῆς
925 2365 1029 2468 ἁγίας
1057 2370 1201 2472 γραφῆς
1230 2369 1289 2445 καὶ
1317 2372 1391 2450 τοῖς
1421 2367 1516 2446 κατὰ

310 2489 413 2569 θέσιν
432 2495 517 2575 υίοῖς
535 2488 582 2571 τά
606 2499 669 2570 τοῦ
693 2486 784 2570 κατόι
809 2490 924 2595 φάσιν
941 2488 1182 2591 περιτιθείσης
1204 2489 1286 2571 ἔσθ’
1306 2489 1378 2570 ὅτε.
1418 2495 1512 2570 θαυ-

288 2613 452 2713 ’μαστὸν
470 2613 507 2696 δὲ
530 2615 641 2713 οὐδὲν,
661 2620 690 2695 εί
710 2617 768 2694 καὶ
790 2613 856 2714 τήν
881 2623 944 2695 τοῦ
973 2612 1192 2716 γεννήματος
1221 2614 1399 2720 ἐλάχομεν
1417 2620 1512 2714 κλῆ-

306 2773 379 2837 σιν,
408 2743 446 2821 ε’κ
479 2740 753 2846 φιλανθρωπίας
781 2744 878 2818 Θεοῦ
909 2742 1059 2837 τιμῆσαι
1085 2737 1319 2838 θελήσαντος,
1346 2739 1420 2818 ἐπεὶ
1451 2741 1514 2819 καὶ

307 2861 407 2946 θεοὺς
426 2863 593 2962 ὠνόμασε
612 2862 694 2946 τοὺς
711 2859 786 2943 ἀπὸ
803 2867 869 2964 γῆς
887 2862 992 2947 όντας
1012 2864 1319 2964 ὁμολογουμένως.
1528 2885 1569 2925 ²0

273 3024 296 3090 d

139 3107 269 3196 Κεφ.ιηῖ
307 3111 418 3178 Ταῦτα
446 3109 548 3180 εἰπὼν
575 3113 744 3181 ὁἸιισοῡο
771 3113 887 3183 ἐξῆλθε
914 3115 971 3182 οὐν
1000 3109 1067 3181 τοῖς
1093 3109 1254 3191 μαθηταῖς
1282 3115 1380 3180 αὐτοῦ
1404 3115 1511 3203 πέραν

355 3243 413 3304 τοῦ
440 3240 617 3331 χειμάρῤου
644 3240 711 3307 τῶν
739 3241 877 3331 κέδρων,
904 3243 987 3309 ὅπου
1016 3237 1055 3307 ἀν
1083 3249 1195 3323 κῆποι,
1220 3238 1267 3307 εἰς
1294 3241 1332 3308 ὃν
1359 3237 1511 3306 εἰσῆλθεν

274 3389 289 3429 ι
357 3364 456 3431 αὐτὸς
484 3365 537 3431 καὶ
565 3363 595 3431 οἰ
614 3367 759 3443 μαθιιταί
785 3367 897 3434 αὐτοῦ·
928 3368 1000 3460 ᾄδει
1028 3367 1064 3433 δὲ
1092 3369 1146 3434 καὶ
1167 3367 1295 3434 Ἰούδας
1321 3367 1340 3435 ὁ
1368 3366 1509 3457 παραδι-

355 3489 431 3555 δοὺς
458 3491 557 3557 αὐτόν
584 3491 641 3559 τὸν
667 3494 779 3575 τόπον,
807 3490 857 3561 ὅτι
886 3496 1046 3560 πολλάκις
1073 3494 1214 3581 ουνιίχθιι
1242 3491 1412 3561 όἸιιοοῦα
1439 3489 1511 3558 ἐκεῖ

353 3615 435 3692 μετὰ
461 3615 529 3683 τῶν
555 3619 711 3694 μαθιιτών
739 3620 850 3691 αὐτοῦ.
1526 3639 1563 3700 ²5

361 3781 633 3885 Καταφωτίσας
660 3781 743 3869 τοὺς
769 3781 933 3884 μαθητὰς
959 3787 1017 3863 καὶ
1045 3786 1094 3868 είς
1113 3784 1250 3864 ἕκαστα
1267 3788 1341 3863 τῶν
1360 3781 1509 3862 τελούν-

303 3941 375 3986 των
393 3909 441 3990 είς
457 3905 586 4008 ἀρετήν
604 3914 678 3991 τοῖς
697 3905 914 4007 καθήκουσιν
928 3908 1195 4012 ἀποτορνειίσας
1215 3907 1351 4009 λόγοις,
1364 3909 1508 3986 ἀστειο-

303 4025 414 4132 τάτην
432 4027 469 4110 δὲ
487 4027 636 4136 σφόδρα
656 4033 713 4110 καὶ
731 4035 883 4136 θεοφιλή
902 4034 1088 4113 πολιτείαν
1107 4031 1255 4114 ἑλέσθαι
1272 4030 1503 4139 προστάξας,

303 4157 362 4234 καὶ
381 4154 470 4259 πρὸς
489 4153 627 4240 τούτοις
652 4153 702 4234 ἔτι
729 4163 977 4254 πνευματικῶν
995 4155 1221 4258 ἀναπλήσειν
1240 4156 1367 4241 αὐτοὺς
1395 4190 1500 4261 χαρι-

273 4277 454 4375 θσμάτων
484 4274 730 4386 ὑποσχόμενός
758 4312 796 4358 τε
825 4278 942 4377 αὑτός,
970 4286 1028 4362 καὶ
1057 4279 1120 4367 τάς
1148 4281 1285 4361 ἀνωθεν
1315 4283 1374 4360 καὶ
1403 4279 1503 4383 παρὰ
1520 4319 1560 4376 30

340 4467 365 4505 ι.
383 4453 465 4505 bom.
477 4450 509 4507 E.
627 4470 654 4524 9.
672 4451 725 4508 κατ’
739 4451 844 4522 Migne.
965 4469 1006 4508 10.
1026 4456 1113 4524 νοῆται
1126 4454 1158 4510 Ε.
1286 4467 1382 4525 ιη-ιρ.
1401 4453 1502 4508 κατὰ-

300 4521 564 4664 φέλιιθνφρρηίεηιέω.
577 4522 610 4577 Ε.
725 4539 768 4579 τι.
788 4519 896 4594 κέδρον]
911 4522 1023 4594 δένδρων
1035 4525 1068 4580 Ε.
1185 4539 1282 4595 23-25.
1301 4543 1356 4580 ver.
1370 4541 1385 4580 2
1399 4541 1454 4580 om.
1470 4527 1503 4581 E.
