3294 5150
317 343 383 406 ιιι
431 342 468 404 Β.
493 340 680 406 onum
703 339 966 406 ALEXANDR.
993 341 1275 410 FRAGMENTA
1354 345 1375 410 i.
1394 365 1434 414 22
1449 305 1520 432 sq'q.

203 457 214 492 1
228 443 266 492 M.

160 443 199 509 [ὁ
280 441 443 606 1όλίγου
475 504 593 584 τοίνυν
621 510 807 586 παντελῶς
839 504 1020 609 ἀξιοῦντες
1053 504 1169 608 λόγου
1201 505 1265 590 τάς
1298 514 1371 587 τῶν
1404 509 1523 608 ἁγίων

316 626 448 734 φωνάς,
467 628 511 707 δι’
530 624 581 707 ῶν
599 625 644 729 ἦν
661 627 752 711 εἰκὸς
770 626 895 712 αὐτοῦς
912 629 1089 710 δύνασθαι
1112 635 1238 727 μαθεῖν
1257 629 1312 710 ὅτι
1339 631 1445 716 αὐτὸς
1471 631 1522 732 ἦν

318 751 536 852 όΧριστὸς,
561 750 757 850 θεοσημίας
784 749 937 854 ἐζήτουν·
975 751 1056 832 ὅθεν
1084 751 1208 856 ἔλεγεν
1237 755 1256 832 ὁ
1286 753 1416 857 Σωτὴρ
1442 763 1522 842 τοῖς

150 885 279 1013 ᾗῦφνέθῑ·
318 876 583 956 ἀποσταλεῖσιν
629 872 698 954 ῦπδ
736 873 904 956 Ἰωάννου
944 885 965 922 “
983 875 1224 960 Ἀπελθόντες
1270 879 1522 979 ἀπαγγείλατε

179 987 185 1000 ’
212 987 219 1009 ’
246 988 253 1001 ’
319 1009 341 1047 “
359 998 508 1105 Ἰωάννῃ
521 995 545 1079 ἀ
559 997 702 1078 ἀκούετε
718 1001 775 1078 καὶ
789 996 951 1092 βλέπετε·
981 1004 1115 1106 τυφλοὶ
1129 1001 1389 1099 ἀναβλέπουσι,
1403 1006 1522 1107 χωλοὶ
1538 1040 1558 1100 5

318 1135 340 1172 “
358 1125 621 1225 περιπατοῦσι”
644 1159 677 1203 κ.
690 1157 722 1205 τ.
734 1134 772 1206 λ.
810 1128 868 1202 καὶ
891 1129 923 1204 οί
952 1121 1102 1224 ἕλληνες
1123 1122 1189 1224 τήν
1213 1126 1250 1204 ε’ν
1277 1125 1373 1230 λε’ξει
1396 1131 1522 1206 τεκαὶ

318 1246 442 1350 λόγοις
466 1249 649 1351 ζητοῦντες
674 1246 923 1348 λαμπρότητα,
948 1248 1116 1350 ήγοῦνται
1144 1246 1182 1328 δέ
1207 1251 1266 1328 καὶ
1290 1250 1428 1352 μωρίαν
1452 1255 1521 1349 τῆς

317 1370 408 1468 μετά
431 1370 567 1474 σαρκός
591 1373 792 1470 οἰκονομίας
810 1369 874 1450 τόν
892 1371 1038 1473 τρόπον,
1056 1373 1118 1454 καί
1137 1379 1232 1478 φασι
1251 1373 1302 1453 Τί
1324 1371 1396 1475 γάρ
1420 1374 1519 1458 ὅλως

319 1495 386 1574 ἔδει
405 1491 501 1574 Θεάν
519 1494 606 1574 ὄντα
629 1493 720 1574 κατά
746 1497 861 1600 φύσιν
879 1495 942 1574 τὸν
961 1497 1000 1574 ε’κ
1019 1500 1115 1574 Θεοῦ
1136 1494 1268 1596 Λόγον,
1287 1496 1437 1595 θελήσει
1457 1501 1519 1576 καὶ

238 1629 245 1646 “
319 1617 463 1715 νεύματι
482 1625 679 1721 κατορθοῦν
698 1618 871 1723 ἰσχύοντα
889 1616 936 1698 τά
955 1617 1045 1700 κατά
1062 1620 1211 1720 γνώμην
1230 1621 1334 1726 αὐτῷ,
1347 1621 1517 1722 γενέσθαι
1540 1665 1583 1705 10

319 1739 509 1844 ἀνθριοπον
527 1747 584 1821 καί
605 1744 789 1840 ὑπομεῖναι
808 1740 986 1836 θάνατον;
1015 1749 1092 1827 πῶς
1111 1745 1140 1821 δ’
1161 1741 1208 1824 ἀν
1226 1745 1374 1846 γε’νοιτο,
1390 1751 1518 1851 φασὶν,

319 1865 500 1944 ἀποτεκεῖν
529 1866 731 1967 παρθένους
771 1873 847 1949 πῶς
874 1864 913 1946 δὲ
940 1869 998 1946 καὶ
1026 1866 1271 1965 ἀναστήσεται
1302 1864 1345 1948 τό
1372 1866 1518 1976 θανάτῳ

320 1987 635 2090 κατεφθαρμένονς
664 1991 749 2068 ἀλλ’
775 1988 875 2070 οὐδὲν
898 1989 1024 2073 αὐτοῦς
1051 1989 1194 2073 ἀπεικὸς
1226 1999 1369 2070 τοιαῦτα
1398 1991 1519 2092 λέγειν

152 2121 342 2192 lustnii.14.“
360 2111 521 2215 Ψυχικὸς
552 2111 624 2215 γάρ
656 2112 844 2215 ἅνθρωπος
877 2115 919 2192 οῦ
952 2112 1089 2218 δέχεται
1122 2115 1167 2192 τά
1198 2122 1261 2194 τοῦ
1291 2115 1515 2212 Πνεύματος·

322 2247 342 2282 “
359 2236 474 2337 μωρία
497 2234 569 2339 γάρ
589 2237 684 2343 αὐτῷ
707 2237 838 2334 ἐστιν,”
868 2236 953 2315 ἀλλ’
973 2236 1057 2334 ἡμῖν
1076 2239 1161 2317 Θεοῦ
1181 2231 1321 2342 δύναμίς
1346 2239 1425 2316 ε’στι
1455 2246 1515 2319 καὶ
1540 2274 1580 2332 15

321 2362 441 2465 σοφία·
472 2359 613 2440 σείτωκε
641 2359 713 2461 γάρ
741 2362 784 2439 δι’
809 2362 917 2440 αὐτοῦ
945 2360 1011 2459 τὴν
1039 2362 1096 2440 ἀπ’
1117 2359 1267 2462 οὐρανὸν
1290 2362 1310 2439 ὁ
1335 2359 1427 2444 Θεὸς
1457 2365 1519 2440 καὶ

323 2480 462 2586 Πατήρ,
490 2486 538 2567 ῶς
569 2482 628 2562 διά
656 2483 834 2582 δυνάμεως
862 2489 926 2584 τῆς
954 2484 1103 2583 ἐνούσης
1130 2487 1225 2592 αὐτῷ
1256 2492 1429 2589 φυσικῶς,
1457 2490 1517 2564 καὶ

206 2634 249 2688 52
263 2631 309 2688 Μ.
322 2610 385 2705 τῆς
407 2607 610 2710 ἀποῤῥήτου
631 2607 775 2715 σοφίας,
794 2613 857 2708 τῆς
883 2609 1008 2688 ἑαυτοῦ
1027 2605 1203 2706 δηλονότι·
1233 2611 1343 2714 σοφία
1362 2608 1432 2712 γὰρ
1453 2616 1515 2692 καὶ

323 2723 462 2838 δύναμις
482 2735 537 2812 τοῦ
556 2735 641 2813 Θεοῦ
658 2736 716 2811 καὶ
737 2729 881 2835 Πατρός
900 2733 920 2811 ὁ
938 2731 1035 2830 Υἱὸς,
1055 2731 1098 2810 δι’
1118 2732 1159 2832 ἧς
1178 2731 1223 2811 τά
1241 2731 1361 2811 πάντα
1378 2735 1517 2832 παρῆκ-

322 2887 379 2932 ται
407 2854 497 2957 πρὸς
525 2857 677 2956 γε’νεσιν,
700 2860 757 2936 καὶ
785 2856 1004 2954 πεποιημένα
1032 2853 1195 2956 σώζεται.
1236 2859 1294 2934 καὶ
1323 2861 1351 2934 εί
1379 2853 1423 2955 δή
1451 2890 1516 2954 τις,
1536 2903 1580 2944 20

322 2981 451 3080 φησὶν,
473 2977 590 3058 ἕλοιτο
608 2987 684 3062 ταῖς
704 2979 903 3082 ἀνθρώπων
922 2977 1116 3078 δυνάμεσιν
1134 2975 1368 3084 ἀντεξετάσαι
1393 2977 1459 3077 τήν
1478 2983 1516 3058 ἐν

323 3104 416 3207 Θεῷ,
436 3100 654 3203 καταθρήσει
678 3098 722 3200 δή
741 3103 883 3186 πάντως
903 3101 957 3182 ότι
982 3101 1024 3180 τὸ
1042 3107 1169 3182 δοκοῦν
1186 3109 1259 3181 τῶν
1278 3103 1382 3182 θείων
1400 3104 1517 3206 ε”ργων

321 3226 369 3306 ῶς
387 3227 426 3303 ἐν
442 3227 608 3333 ἀσθενείᾳ
635 3225 839 3329 πεπράχθαι
861 3224 983 3330 τυχὸν,
1003 3229 1061 3305 καί
1086 3224 1161 3304 οἷον
1187 3227 1253 3330 οὐχ
1277 3225 1347 3330 ὅλῃ
1372 3225 1516 3322 δυνάμει

320 3356 385 3427 τοῦ
409 3348 652 3448 πεποιηκότος,
668 3348 814 3448 ἀπάσης
843 3351 943 3428 ε’στὶν
960 3349 1119 3429 ἕπε’κεινά
1145 3353 1264 3429 τεκαὶ
1293 3350 1435 3446 ἀμεινον
1452 3353 1515 3449 τῆς

321 3473 544 3575 ἀνθρωπίνης
571 3474 707 3577 ἰσχύος·
746 3474 821 3552 κατ’
845 3471 953 3552 αὐτὸν
981 3471 1018 3552 δὲ
1047 3476 1185 3553 τουτονὶ
1212 3472 1275 3553 τὸν
1300 3471 1434 3575 τρόπον
1457 3476 1514 3552 καὶ
1537 3509 1580 3568 ²5

320 3597 378 3675 ε’πὶ
402 3600 464 3694 τῆς
487 3597 620 3703 σοφίας
641 3592 792 3696 νοήσεις,
811 3595 865 3675 ὅτι
891 3595 924 3677 τῦ
950 3597 1052 3703 μωρόν
1070 3594 1157 3676 εἶναι
1180 3600 1317 3691 δοκοῦν,
1338 3598 1516 3702 σοφώτερον

321 3719 383 3799 τῶν
406 3717 574 3824 ἀνθρώπων
598 3721 696 3800 ἐστίν.
736 3722 839 3798 οἱονεὶ
861 3719 952 3820 πρὸς
974 3719 1019 3798 τά
1047 3721 1181 3820 μεγέθη
1210 3725 1266 3799 καὶ
1295 3718 1416 3820 κάλλη
1443 3726 1515 3798 τῶν

320 3843 518 3946 στοιχείων,
533 3844 684 3945 ούρανοῦ
698 3877 735 3922 τε
750 3846 843 3948 φημὶ
857 3846 915 3922 καὶ
931 3845 1035 3943 ἡλίου
1054 3847 1112 3923 καὶ
1131 3851 1203 3924 τῶν
1218 3849 1356 3924 λοιπῶν
1369 3845 1517 3945 ἀστρων

319 3969 377 4046 καὶ
396 3964 507 4068 πυρὸς
526 3970 583 4046 καὶ
602 3969 728 4051 ὕδατος
747 3971 805 4048 καὶ
823 3973 896 4047 τῶν
916 3969 1054 4066 ἀλλων,
1066 3968 1260 4070 συγκρῖναί
1275 4001 1328 4050 τις
1346 3967 1516 4062 βούλοιτο

317 4089 364 4170 τά
390 4090 500 4195 μικρά
521 4097 594 4171 τῶν
617 4090 824 4190 κτισμάτων
849 4096 905 4170 καί
933 4090 1122 4195 ἐλάχιστα,
1144 4092 1251 4194 ὀλίγη
1278 4097 1465 4174 παντελῶς
1494 4091 1580 4189 ή3ο

317 4218 355 4294 ἐν
373 4215 510 4298 τούτοις
529 4215 754 4318 εὑρεθήσεται
779 4215 925 4314 δύναμίς
950 4249 988 4294 τε
1015 4218 1072 4294 καὶ
1095 4217 1220 4322 σοφία,
1240 4218 1298 4295 καὶ
1317 4216 1366 4299 ῶς
1384 4214 1456 4295 ἀπό
1474 4249 1516 4317 γε

352 4435 378 4490 6.
397 4439 488 4492 κ.τ.λ.
502 4438 576 4493 deest
588 4439 652 4492 inA
667 4438 746 4508 (linea
760 4457 813 4494 non
828 4441 980 4510 completa).
1284 4456 1326 4494 22.
1346 4439 1378 4508 δή
1390 4439 1470 4494 habet
1484 4441 1517 4496 Α.

319 4505 481 4629 3313&
493 4515 521 4630 ζ
533 4506 624 4630 Romi]
638 4509 676 4562 nic
689 4510 717 4562 in
730 4511 806 4564 uncis
818 4510 953 4565 inclusum
966 4509 1040 4564 addit
1054 4509 1118 4577 Mai,
1132 4509 1178 4564 sed
1191 4510 1268 4566 omisi
1281 4512 1337 4581 ipse
1350 4528 1435 4582 quum
1449 4511 1516 4566 nihil
