<?xml version="1.0" encoding="UTF-8"?>
<!DOCTYPE html PUBLIC "-//W3C//DTD XHTML 1.0 Transitional//EN"
    "http://www.w3.org/TR/xhtml1/DTD/xhtml1-transitional.dtd">
<html xmlns="http://www.w3.org/1999/xhtml" xml:lang="en" lang="en">
 <head>
  <title>
</title>
<meta http-equiv="Content-Type" content="text/html;charset=utf-8" />
  <meta name='ocr-system' content='tesseract 3.04.00' />
  <meta name='ocr-capabilities' content='ocr_page ocr_carea ocr_par ocr_line ocrx_word'/>
</head>
<body>
  <div class='ocr_page' id='page_1' title='image "./sanctipatrisnos01pusegoog_0354.png"; bbox 0 0 3278 5130; ppageno 0'>
   <div class='ocr_carea' id='block_1_1' title="bbox 152 368 1498 532">
    <p class='ocr_par' dir='ltr' id='par_1_1' title="bbox 152 368 1498 532">
     <span class='ocr_line' id='line_1_1' title="bbox 152 368 1498 531; baseline -0.002 -97"><span class='ocrx_word' id='word_1_1' title='bbox 152 369 197 434; x_wconf 92' lang='lat' dir='ltr'><strong>iii.</strong></span> <span class='ocrx_word' id='word_1_2' title='bbox 213 390 242 450; x_wconf 83' lang='lat'>2,</span> <span class='ocrx_word' id='word_1_3' title='bbox 259 391 289 457; x_wconf 87' lang='lat'>3.</span> <span class='ocrx_word' id='word_1_4' title='bbox 357 371 410 436; x_wconf 92' lang='lat' dir='ltr'>IN</span> <span class='ocrx_word' id='word_1_5' title='bbox 435 373 501 438; x_wconf 78' lang='grc' dir='ltr'>ΕΡ.</span> <span class='ocrx_word' id='word_1_6' title='bbox 522 373 571 438; x_wconf 90' lang='grc' dir='ltr'>ΙΙ.</span> <span class='ocrx_word' id='word_1_7' title='bbox 597 373 661 437; x_wconf 87' lang='grc' dir='ltr'>ΑΙ)</span> <span class='ocrx_word' id='word_1_8' title='bbox 687 371 980 439; x_wconf 80' lang='lat' dir='ltr'><strong>CORINTHIOS.</strong></span> <span class='ocrx_word' id='word_1_9' title='bbox 1017 368 1150 436; x_wconf 89' lang='lat' dir='ltr'><strong>LIB.I.</strong></span> <span class='ocrx_word' id='word_1_10' title='bbox 1281 369 1343 432; x_wconf 78' lang='lat'>331</span> <span class='ocrx_word' id='word_1_11' title='bbox 1373 468 1408 531; x_wconf 62' lang='grc' dir='ltr'>[Β</span> <span class='ocrx_word' id='word_1_12' title='bbox 1438 467 1498 530; x_wconf 82' lang='lat' dir='ltr'>M]</span> 
     </span>
     <span class='ocr_line' id='line_1_2' title="bbox 1410 481 1476 532; baseline 0 -15"><span class='ocrx_word' id='word_1_13' title='bbox 1410 481 1425 532; x_wconf 87' lang='lat'>9</span> <span class='ocrx_word' id='word_1_14' title='bbox 1469 502 1476 517; x_wconf 86' lang='lat'><em>.</em></span> 
     </span>
    </p>
   </div>
   <div class='ocr_carea' id='block_1_2' title="bbox 164 577 1488 728">
    <p class='ocr_par' dir='ltr' id='par_1_2' title="bbox 164 577 1488 728">
     <span class='ocr_line' id='line_1_3' title="bbox 164 577 1488 728; baseline -0.002 -50"><span class='ocrx_word' id='word_1_15' title='bbox 164 614 207 678; x_wconf 78' lang='lat' dir='ltr'>‘H</span> <span class='ocrx_word' id='word_1_16' title='bbox 234 616 390 683; x_wconf 82' lang='grc' dir='ltr'>ἐπιστολιί</span> <span class='ocrx_word' id='word_1_17' title='bbox 420 618 513 694; x_wconf 72' lang='grc' dir='ltr'>ἡμῶν</span> <span class='ocrx_word' id='word_1_18' title='bbox 539 615 629 695; x_wconf 78' lang='grc' dir='ltr'>ὑμεῖς</span> <span class='ocrx_word' id='word_1_19' title='bbox 656 620 730 687; x_wconf 80' lang='grc' dir='ltr'>ὲοτε</span> <span class='ocrx_word' id='word_1_20' title='bbox 756 618 995 709; x_wconf 81' lang='grc' dir='ltr'>ὲττετραμμὲνιι</span> <span class='ocrx_word' id='word_1_21' title='bbox 1022 616 1057 682; x_wconf 87' lang='grc' dir='ltr'>ὲν</span> <span class='ocrx_word' id='word_1_22' title='bbox 1083 613 1153 682; x_wconf 78' lang='grc' dir='ltr'>ταῖς</span> <span class='ocrx_word' id='word_1_23' title='bbox 1180 613 1327 704; x_wconf 77' lang='grc' dir='ltr'>καρδίαις</span> <span class='ocrx_word' id='word_1_24' title='bbox 1359 577 1488 728; x_wconf 38' lang='grc' dir='ltr'>ξεφδ·</span> 
     </span>
    </p>
   </div>
   <div class='ocr_carea' id='block_1_3' title="bbox 115 743 1345 1750">
    <p class='ocr_par' dir='ltr' id='par_1_3' title="bbox 702 743 804 820">
     <span class='ocr_line' id='line_1_4' title="bbox 702 743 804 820; baseline 0.01 -13"><span class='ocrx_word' id='word_1_25' title='bbox 702 743 804 820; x_wconf 72' lang='grc' dir='ltr'>ἡμῶν.</span> 
     </span>
    </p>

    <p class='ocr_par' dir='ltr' id='par_1_4' title="bbox 115 909 1345 1637">
     <span class='ocr_line' id='line_1_5' title="bbox 207 909 1345 1018; baseline 0.001 -28"><span class='ocrx_word' id='word_1_26' title='bbox 207 913 266 992; x_wconf 82' lang='grc' dir='ltr'>Οὐ</span> <span class='ocrx_word' id='word_1_27' title='bbox 286 917 350 1012; x_wconf 78' lang='grc' dir='ltr'>τῆς</span> <span class='ocrx_word' id='word_1_28' title='bbox 374 913 433 993; x_wconf 80' lang='grc' dir='ltr'>διὰ</span> <span class='ocrx_word' id='word_1_29' title='bbox 456 912 579 1018; x_wconf 85' lang='grc' dir='ltr'>λόγων</span> <span class='ocrx_word' id='word_1_30' title='bbox 597 914 749 1013; x_wconf 85' lang='grc' dir='ltr'>δεόμεθα</span> <span class='ocrx_word' id='word_1_31' title='bbox 773 914 979 1016; x_wconf 77' lang='grc' dir='ltr'>μαρτυρίας,</span> <span class='ocrx_word' id='word_1_32' title='bbox 998 914 1116 996; x_wconf 80' lang='grc' dir='ltr'>αὐτοῖς</span> <span class='ocrx_word' id='word_1_33' title='bbox 1137 910 1209 1014; x_wconf 79' lang='grc' dir='ltr'>γὰρ</span> <span class='ocrx_word' id='word_1_34' title='bbox 1227 909 1345 1013; x_wconf 77' lang='grc' dir='ltr'>πράγ-</span> 
     </span>
     <span class='ocr_line' id='line_1_6' title="bbox 148 1033 1344 1138; baseline 0.003 -24"><span class='ocrx_word' id='word_1_35' title='bbox 148 1068 263 1132; x_wconf 83' lang='grc' dir='ltr'>μασιν</span> <span class='ocrx_word' id='word_1_36' title='bbox 281 1037 543 1135; x_wconf 78' lang='grc' dir='ltr'>εὐδοκιμοῦντες</span> <span class='ocrx_word' id='word_1_37' title='bbox 569 1041 665 1137; x_wconf 83' lang='grc' dir='ltr'>ὑμεῖς</span> <span class='ocrx_word' id='word_1_38' title='bbox 688 1043 721 1118; x_wconf 91' lang='grc' dir='ltr'>οί</span> <span class='ocrx_word' id='word_1_39' title='bbox 745 1042 901 1137; x_wconf 83' lang='grc' dir='ltr'>μαθηταί</span> <span class='ocrx_word' id='word_1_40' title='bbox 926 1041 984 1116; x_wconf 83' lang='grc' dir='ltr'>καί</span> <span class='ocrx_word' id='word_1_41' title='bbox 1006 1039 1130 1116; x_wconf 82' lang='grc' dir='ltr'>πιστοί</span> <span class='ocrx_word' id='word_1_42' title='bbox 1148 1033 1344 1138; x_wconf 85' lang='grc' dir='ltr'>δειχθέντες</span> 
     </span>
     <span class='ocr_line' id='line_1_7' title="bbox 115 1158 1344 1264; baseline -0.004 -24"><span class='ocrx_word' id='word_1_43' title='bbox 115 1162 325 1260; x_wconf 85' lang='grc' dir='ltr'>5Χριστοῦ,</span> <span class='ocrx_word' id='word_1_44' title='bbox 362 1161 455 1260; x_wconf 80' lang='grc' dir='ltr'>ἡμᾶς</span> <span class='ocrx_word' id='word_1_45' title='bbox 491 1160 574 1246; x_wconf 76' lang='grc' dir='ltr'>τοὺς</span> <span class='ocrx_word' id='word_1_46' title='bbox 610 1161 854 1246; x_wconf 79' lang='grc' dir='ltr'>διδασκάλους</span> <span class='ocrx_word' id='word_1_47' title='bbox 890 1163 988 1259; x_wconf 80' lang='grc' dir='ltr'>ὑμῶν</span> <span class='ocrx_word' id='word_1_48' title='bbox 1024 1166 1247 1264; x_wconf 83' lang='grc' dir='ltr'>στεφανοῦτε</span> <span class='ocrx_word' id='word_1_49' title='bbox 1285 1158 1344 1236; x_wconf 88' lang='grc' dir='ltr'>καὶ</span> 
     </span>
     <span class='ocr_line' id='line_1_8' title="bbox 149 1282 1339 1390; baseline 0.003 -33"><span class='ocrx_word' id='word_1_50' title='bbox 149 1282 352 1380; x_wconf 74' lang='grc' dir='ltr'>εὐδοκίμους</span> <span class='ocrx_word' id='word_1_51' title='bbox 381 1285 547 1390; x_wconf 77' lang='grc' dir='ltr'>ἐδείξατε.</span> <span class='ocrx_word' id='word_1_52' title='bbox 585 1284 639 1363; x_wconf 87' lang='grc' dir='ltr'>διδ</span> <span class='ocrx_word' id='word_1_53' title='bbox 666 1283 869 1380; x_wconf 72' lang='grc' dir='ltr'>ἡέπιστιλή</span> <span class='ocrx_word' id='word_1_54' title='bbox 898 1283 985 1386; x_wconf 72' lang='grc' dir='ltr'>ήμῶι</span> <span class='ocrx_word' id='word_1_55' title='bbox 1013 1287 1106 1388; x_wconf 72' lang='grc' dir='ltr'>ὑμεῖς</span> <span class='ocrx_word' id='word_1_56' title='bbox 1134 1283 1207 1362; x_wconf 81' lang='grc' dir='ltr'>ἐστε</span> <span class='ocrx_word' id='word_1_57' title='bbox 1235 1282 1339 1383; x_wconf 80' lang='grc' dir='ltr'>ἐγγε-</span> 
     </span>
     <span class='ocr_line' id='line_1_9' title="bbox 148 1401 1345 1514; baseline 0 -27"><span class='ocrx_word' id='word_1_58' title='bbox 148 1403 323 1510; x_wconf 75' lang='grc' dir='ltr'>γραμμέιη</span> <span class='ocrx_word' id='word_1_59' title='bbox 345 1407 376 1486; x_wconf 80' lang='grc' dir='ltr'>ἐι</span> <span class='ocrx_word' id='word_1_60' title='bbox 394 1413 471 1493; x_wconf 79' lang='grc' dir='ltr'>ταῖς</span> <span class='ocrx_word' id='word_1_61' title='bbox 500 1402 657 1512; x_wconf 78' lang='grc' dir='ltr'>καρδίαις</span> <span class='ocrx_word' id='word_1_62' title='bbox 680 1407 781 1514; x_wconf 72' lang='grc' dir='ltr'>ήμῶι,</span> <span class='ocrx_word' id='word_1_63' title='bbox 801 1404 986 1488; x_wconf 75' lang='grc' dir='ltr'>τουτέστιν</span> <span class='ocrx_word' id='word_1_64' title='bbox 1004 1408 1057 1486; x_wconf 80' lang='grc' dir='ltr'>ἀεὶ</span> <span class='ocrx_word' id='word_1_65' title='bbox 1076 1407 1133 1484; x_wconf 79' lang='grc' dir='ltr'>καί</span> <span class='ocrx_word' id='word_1_66' title='bbox 1152 1401 1345 1488; x_wconf 77' lang='grc' dir='ltr'>διαπαντὸς</span> 
     </span>
     <span class='ocr_line' id='line_1_10' title="bbox 148 1525 1342 1637; baseline 0 -33"><span class='ocrx_word' id='word_1_67' title='bbox 148 1530 186 1605; x_wconf 90' lang='grc' dir='ltr'>ἐν</span> <span class='ocrx_word' id='word_1_68' title='bbox 202 1527 324 1636; x_wconf 78' lang='grc' dir='ltr'>μνήμη</span> <span class='ocrx_word' id='word_1_69' title='bbox 343 1535 388 1635; x_wconf 80' lang='grc' dir='ltr'>τῇ</span> <span class='ocrx_word' id='word_1_70' title='bbox 406 1531 489 1634; x_wconf 87' lang='grc' dir='ltr'>παρ’</span> <span class='ocrx_word' id='word_1_71' title='bbox 506 1531 590 1630; x_wconf 84' lang='grc' dir='ltr'>ἡμῖν</span> <span class='ocrx_word' id='word_1_72' title='bbox 602 1531 752 1637; x_wconf 75' lang='grc' dir='ltr'>κειμένῃ·</span> <span class='ocrx_word' id='word_1_73' title='bbox 782 1534 835 1610; x_wconf 81' lang='grc' dir='ltr'>ἀεὶ</span> <span class='ocrx_word' id='word_1_74' title='bbox 854 1529 925 1634; x_wconf 79' lang='grc' dir='ltr'>γὰρ</span> <span class='ocrx_word' id='word_1_75' title='bbox 943 1525 1202 1628; x_wconf 86' lang='grc' dir='ltr'>σεμνυνόμεθα,</span> <span class='ocrx_word' id='word_1_76' title='bbox 1217 1529 1342 1632; x_wconf 84' lang='grc' dir='ltr'>φησίν,</span> 
     </span>
    </p>

    <p class='ocr_par' dir='ltr' id='par_1_5' title="bbox 148 1683 298 1750">
     <span class='ocr_line' id='line_1_11' title="bbox 148 1683 298 1750; baseline 0.047 -24"><span class='ocrx_word' id='word_1_77' title='bbox 148 1683 186 1727; x_wconf 92' lang='grc' dir='ltr'>εν</span> <span class='ocrx_word' id='word_1_78' title='bbox 206 1685 298 1750; x_wconf 89' lang='grc' dir='ltr'>υμιν.</span> 
     </span>
    </p>
   </div>
   <div class='ocr_carea' id='block_1_4' title="bbox 94 1892 1371 1984">
    <p class='ocr_par' dir='ltr' id='par_1_6' title="bbox 94 1892 1371 1984">
     <span class='ocr_line' id='line_1_12' title="bbox 94 1892 1371 1984; baseline -0.001 -25"><span class='ocrx_word' id='word_1_79' title='bbox 94 1919 134 1959; x_wconf 86' lang='grc' dir='ltr'>ιο</span> <span class='ocrx_word' id='word_1_80' title='bbox 203 1895 269 1960; x_wconf 86' lang='grc' dir='ltr'>Οὐκ</span> <span class='ocrx_word' id='word_1_81' title='bbox 295 1895 331 1963; x_wconf 81' lang='grc' dir='ltr'>ὲν</span> <span class='ocrx_word' id='word_1_82' title='bbox 358 1899 457 1967; x_wconf 78' lang='grc' dir='ltr'>πλαξί</span> <span class='ocrx_word' id='word_1_83' title='bbox 483 1897 630 1979; x_wconf 79' lang='grc' dir='ltr'>λιθίναις,</span> <span class='ocrx_word' id='word_1_84' title='bbox 657 1897 725 1963; x_wconf 79' lang='grc' dir='ltr'>ἀλλ’</span> <span class='ocrx_word' id='word_1_85' title='bbox 757 1897 792 1963; x_wconf 81' lang='grc' dir='ltr'>ὲν</span> <span class='ocrx_word' id='word_1_86' title='bbox 820 1895 919 1964; x_wconf 77' lang='grc' dir='ltr'>πλαξὶ</span> <span class='ocrx_word' id='word_1_87' title='bbox 947 1892 1081 1984; x_wconf 77' lang='grc' dir='ltr'>καρδίας</span> <span class='ocrx_word' id='word_1_88' title='bbox 1107 1892 1285 1983; x_wconf 78' lang='grc' dir='ltr'>σαρκίναις.</span> <span class='ocrx_word' id='word_1_89' title='bbox 1354 1918 1371 1974; x_wconf 83' lang='lat'><strong>3</strong></span> 
     </span>
    </p>
   </div>
   <div class='ocr_carea' id='block_1_5' title="bbox 92 2065 1501 4266">
    <p class='ocr_par' dir='ltr' id='par_1_7' title="bbox 92 2065 1501 4266">
     <span class='ocr_line' id='line_1_13' title="bbox 202 2065 1338 2177; baseline 0.001 -30"><span class='ocrx_word' id='word_1_90' title='bbox 202 2065 480 2175; x_wconf 79' lang='grc' dir='ltr'>Ἐπισφραγίζει</span> <span class='ocrx_word' id='word_1_91' title='bbox 503 2075 561 2150; x_wconf 85' lang='grc' dir='ltr'>καί</span> <span class='ocrx_word' id='word_1_92' title='bbox 584 2076 791 2177; x_wconf 78' lang='grc' dir='ltr'>προφητικῄ</span> <span class='ocrx_word' id='word_1_93' title='bbox 814 2071 992 2176; x_wconf 78' lang='grc' dir='ltr'>μαρτυρίᾳ</span> <span class='ocrx_word' id='word_1_94' title='bbox 1009 2067 1052 2150; x_wconf 84' lang='grc' dir='ltr'>τό</span> <span class='ocrx_word' id='word_1_95' title='bbox 1071 2074 1149 2149; x_wconf 80' lang='grc' dir='ltr'>Οὐκ</span> <span class='ocrx_word' id='word_1_96' title='bbox 1174 2069 1204 2149; x_wconf 84' lang='grc' dir='ltr'>ἐι</span> <span class='ocrx_word' id='word_1_97' title='bbox 1223 2067 1338 2176; x_wconf 56' lang='grc' dir='ltr'>πλαξὶ</span> 
     </span>
     <span class='ocr_line' id='line_1_14' title="bbox 147 2188 1339 2304; baseline 0.003 -35"><span class='ocrx_word' id='word_1_98' title='bbox 147 2188 287 2277; x_wconf 84' lang='grc' dir='ltr'>λιθίναις</span> <span class='ocrx_word' id='word_1_99' title='bbox 318 2199 405 2272; x_wconf 75' lang='grc' dir='ltr'>αλλ’</span> <span class='ocrx_word' id='word_1_100' title='bbox 435 2194 465 2273; x_wconf 81' lang='grc' dir='ltr'>ἐι</span> <span class='ocrx_word' id='word_1_101' title='bbox 498 2195 612 2302; x_wconf 66' lang='grc' dir='ltr'>πλαξι</span> <span class='ocrx_word' id='word_1_102' title='bbox 645 2189 792 2304; x_wconf 77' lang='grc' dir='ltr'>καρδίας</span> <span class='ocrx_word' id='word_1_103' title='bbox 828 2195 1013 2297; x_wconf 88' lang='grc' dir='ltr'>σαρκίναις·</span> <span class='ocrx_word' id='word_1_104' title='bbox 1055 2191 1126 2298; x_wconf 79' lang='grc' dir='ltr'>ἔφη</span> <span class='ocrx_word' id='word_1_105' title='bbox 1155 2189 1226 2294; x_wconf 79' lang='grc' dir='ltr'>γάρ</span> <span class='ocrx_word' id='word_1_106' title='bbox 1258 2225 1339 2288; x_wconf 91' lang='grc' dir='ltr'>που,</span> 
     </span>
     <span class='ocr_line' id='line_1_15' title="bbox 147 2313 1497 2455; baseline 0 -63"><span class='ocrx_word' id='word_1_107' title='bbox 147 2317 272 2416; x_wconf 82' lang='grc' dir='ltr'>φησίν,</span> <span class='ocrx_word' id='word_1_108' title='bbox 290 2315 311 2393; x_wconf 83' lang='grc' dir='ltr'>δ</span> <span class='ocrx_word' id='word_1_109' title='bbox 329 2314 421 2399; x_wconf 79' lang='grc' dir='ltr'>Θεὸς</span> <span class='ocrx_word' id='word_1_110' title='bbox 440 2314 497 2395; x_wconf 83' lang='grc' dir='ltr'>διδ</span> <span class='ocrx_word' id='word_1_111' title='bbox 516 2321 639 2422; x_wconf 81' lang='grc' dir='ltr'>φωνῆς</span> <span class='ocrx_word' id='word_1_112' title='bbox 657 2315 847 2422; x_wconf 84' lang='grc' dir='ltr'>προφήτου</span> <span class='ocrx_word' id='word_1_113' title='bbox 864 2325 887 2362; x_wconf 84' lang='grc'><strong>“</strong></span> <span class='ocrx_word' id='word_1_114' title='bbox 903 2313 997 2394; x_wconf 80' lang='grc' dir='ltr'>Ἰδοὺ</span> <span class='ocrx_word' id='word_1_115' title='bbox 1015 2313 1140 2416; x_wconf 84' lang='grc' dir='ltr'>ἡμέραι</span> <span class='ocrx_word' id='word_1_116' title='bbox 1159 2313 1336 2418; x_wconf 77' lang='grc' dir='ltr'>ἔρχονται,</span> <span class='ocrx_word' id='word_1_117' title='bbox 1350 2326 1447 2440; x_wconf 50' lang='lat' dir='ltr'>{JV-fii</span> <span class='ocrx_word' id='word_1_118' title='bbox 1468 2405 1497 2455; x_wconf 51' lang='lat'>³¹</span> 
     </span>
     <span class='ocr_line' id='line_1_16' title="bbox 146 2429 1455 2548; baseline 0.005 -34"><span class='ocrx_word' id='word_1_119' title='bbox 146 2445 168 2484; x_wconf 88' lang='lat'>“</span> <span class='ocrx_word' id='word_1_120' title='bbox 185 2437 283 2540; x_wconf 86' lang='grc' dir='ltr'>λέγει</span> <span class='ocrx_word' id='word_1_121' title='bbox 312 2437 453 2540; x_wconf 82' lang='grc' dir='ltr'>Κύριος,</span> <span class='ocrx_word' id='word_1_122' title='bbox 482 2443 540 2519; x_wconf 83' lang='grc' dir='ltr'>καί</span> <span class='ocrx_word' id='word_1_123' title='bbox 570 2438 788 2539; x_wconf 88' lang='grc' dir='ltr'>διαθήσομαι</span> <span class='ocrx_word' id='word_1_124' title='bbox 819 2445 871 2548; x_wconf 77' lang='grc' dir='ltr'>τῷ</span> <span class='ocrx_word' id='word_1_125' title='bbox 901 2438 986 2544; x_wconf 80' lang='grc' dir='ltr'>οἴκῳ</span> <span class='ocrx_word' id='word_1_126' title='bbox 1014 2437 1168 2539; x_wconf 85' lang='grc' dir='ltr'>Ἰσραὴλ</span> <span class='ocrx_word' id='word_1_127' title='bbox 1198 2440 1256 2517; x_wconf 82' lang='grc' dir='ltr'>καὶ</span> <span class='ocrx_word' id='word_1_128' title='bbox 1287 2443 1409 2546; x_wconf 71' lang='grc' dir='ltr'>τῷ-ιι·</span> <span class='ocrx_word' id='word_1_129' title='bbox 1449 2429 1455 2441; x_wconf 54' lang='grc'><strong>’</strong></span> 
     </span>
     <span class='ocr_line' id='line_1_17' title="bbox 92 2558 1339 2668; baseline 0.001 -29"><span class='ocrx_word' id='word_1_130' title='bbox 92 2591 131 2650; x_wconf 90' lang='lat'>15</span> <span class='ocrx_word' id='word_1_131' title='bbox 145 2569 167 2606; x_wconf 90' lang='lat'>“</span> <span class='ocrx_word' id='word_1_132' title='bbox 186 2559 270 2668; x_wconf 81' lang='grc' dir='ltr'>οἴκῳ</span> <span class='ocrx_word' id='word_1_133' title='bbox 301 2561 419 2642; x_wconf 87' lang='grc' dir='ltr'>’ίοιίδα</span> <span class='ocrx_word' id='word_1_134' title='bbox 451 2561 622 2663; x_wconf 74' lang='grc' dir='ltr'>διαθήκην</span> <span class='ocrx_word' id='word_1_135' title='bbox 650 2562 784 2660; x_wconf 84' lang='grc' dir='ltr'>καινήν,</span> <span class='ocrx_word' id='word_1_136' title='bbox 816 2564 859 2641; x_wconf 82' lang='grc' dir='ltr'>οὐ</span> <span class='ocrx_word' id='word_1_137' title='bbox 890 2561 981 2640; x_wconf 81' lang='grc' dir='ltr'>κατὰ</span> <span class='ocrx_word' id='word_1_138' title='bbox 1005 2558 1071 2660; x_wconf 81' lang='grc' dir='ltr'>τήν</span> <span class='ocrx_word' id='word_1_139' title='bbox 1096 2559 1267 2660; x_wconf 86' lang='grc' dir='ltr'>διαθήκην</span> <span class='ocrx_word' id='word_1_140' title='bbox 1294 2559 1339 2661; x_wconf 82' lang='grc' dir='ltr'>ἢν</span> 
     </span>
     <span class='ocr_line' id='line_1_18' title="bbox 146 2683 1339 2792; baseline 0.004 -33"><span class='ocrx_word' id='word_1_141' title='bbox 146 2692 167 2729; x_wconf 92' lang='lat'><strong>“</strong></span> <span class='ocrx_word' id='word_1_142' title='bbox 185 2683 347 2784; x_wconf 82' lang='grc' dir='ltr'>διεθέμην</span> <span class='ocrx_word' id='word_1_143' title='bbox 367 2692 440 2772; x_wconf 86' lang='grc' dir='ltr'>τοῖς</span> <span class='ocrx_word' id='word_1_144' title='bbox 457 2684 641 2788; x_wconf 76' lang='grc' dir='ltr'>πατράσιν</span> <span class='ocrx_word' id='word_1_145' title='bbox 658 2689 776 2766; x_wconf 80' lang='grc' dir='ltr'>αὐτῶν</span> <span class='ocrx_word' id='word_1_146' title='bbox 794 2689 832 2765; x_wconf 87' lang='grc' dir='ltr'>ἐν</span> <span class='ocrx_word' id='word_1_147' title='bbox 849 2685 963 2792; x_wconf 76' lang='grc' dir='ltr'>ἡμέρᾳ</span> <span class='ocrx_word' id='word_1_148' title='bbox 987 2683 1248 2782; x_wconf 70' lang='grc' dir='ltr'>ἐπιλαβομένου</span> <span class='ocrx_word' id='word_1_149' title='bbox 1269 2719 1339 2782; x_wconf 91' lang='grc' dir='ltr'>μου</span> 
     </span>
     <span class='ocr_line' id='line_1_19' title="bbox 146 2805 1336 2916; baseline -0.004 -26"><span class='ocrx_word' id='word_1_150' title='bbox 146 2815 167 2852; x_wconf 82' lang='grc'><strong>“</strong></span> <span class='ocrx_word' id='word_1_151' title='bbox 185 2810 249 2904; x_wconf 81' lang='grc' dir='ltr'>τῆς</span> <span class='ocrx_word' id='word_1_152' title='bbox 272 2805 388 2912; x_wconf 83' lang='grc' dir='ltr'>χειρδς</span> <span class='ocrx_word' id='word_1_153' title='bbox 412 2811 529 2889; x_wconf 77' lang='grc' dir='ltr'>αὐτῶν</span> <span class='ocrx_word' id='word_1_154' title='bbox 547 2818 611 2889; x_wconf 83' lang='grc' dir='ltr'>τοῦ</span> <span class='ocrx_word' id='word_1_155' title='bbox 630 2811 820 2916; x_wconf 81' lang='grc' dir='ltr'>ἐξαγαγεῖν</span> <span class='ocrx_word' id='word_1_156' title='bbox 839 2807 966 2892; x_wconf 76' lang='grc' dir='ltr'>αὐτοὺς</span> <span class='ocrx_word' id='word_1_157' title='bbox 990 2810 1029 2886; x_wconf 90' lang='grc' dir='ltr'>ἐκ</span> <span class='ocrx_word' id='word_1_158' title='bbox 1053 2811 1121 2908; x_wconf 82' lang='grc' dir='ltr'>γῆς</span> <span class='ocrx_word' id='word_1_159' title='bbox 1140 2805 1336 2909; x_wconf 80' lang='grc' dir='ltr'>Αἰγύπτου,</span> 
     </span>
     <span class='ocr_line' id='line_1_20' title="bbox 144 2927 1336 3038; baseline -0.002 -28"><span class='ocrx_word' id='word_1_160' title='bbox 144 2938 166 2974; x_wconf 91' lang='lat'>“</span> <span class='ocrx_word' id='word_1_161' title='bbox 186 2929 241 3010; x_wconf 81' lang='grc' dir='ltr'>ὅτι</span> <span class='ocrx_word' id='word_1_162' title='bbox 268 2933 368 3010; x_wconf 78' lang='grc' dir='ltr'>αὐτοὶ</span> <span class='ocrx_word' id='word_1_163' title='bbox 395 2935 459 3013; x_wconf 81' lang='grc' dir='ltr'>οὐκ</span> <span class='ocrx_word' id='word_1_164' title='bbox 487 2933 665 3030; x_wconf 69' lang='grc' dir='ltr'>ἐνεμειναν</span> <span class='ocrx_word' id='word_1_165' title='bbox 692 2937 729 3012; x_wconf 87' lang='grc' dir='ltr'>ἐν</span> <span class='ocrx_word' id='word_1_166' title='bbox 757 2939 802 3038; x_wconf 79' lang='grc' dir='ltr'>τῇ</span> <span class='ocrx_word' id='word_1_167' title='bbox 832 2929 983 3036; x_wconf 79' lang='grc' dir='ltr'>διαθήκῃ</span> <span class='ocrx_word' id='word_1_168' title='bbox 1010 2965 1088 3029; x_wconf 89' lang='grc' dir='ltr'>μου,</span> <span class='ocrx_word' id='word_1_169' title='bbox 1115 2927 1215 3032; x_wconf 75' lang='grc' dir='ltr'>κάγὼ</span> <span class='ocrx_word' id='word_1_170' title='bbox 1245 2928 1336 3030; x_wconf 82' lang='grc' dir='ltr'>ἠμέ-</span> 
     </span>
     <span class='ocr_line' id='line_1_21' title="bbox 144 3051 1338 3162; baseline -0.002 -30"><span class='ocrx_word' id='word_1_171' title='bbox 144 3061 166 3099; x_wconf 88' lang='grc'><strong>“</strong></span> <span class='ocrx_word' id='word_1_172' title='bbox 184 3062 286 3151; x_wconf 89' lang='grc' dir='ltr'>λησα</span> <span class='ocrx_word' id='word_1_173' title='bbox 312 3056 439 3154; x_wconf 79' lang='grc' dir='ltr'>αὐτῶν,</span> <span class='ocrx_word' id='word_1_174' title='bbox 465 3058 560 3162; x_wconf 78' lang='grc' dir='ltr'>φησί</span> <span class='ocrx_word' id='word_1_175' title='bbox 595 3055 739 3159; x_wconf 84' lang='grc' dir='ltr'>Κύριος·</span> <span class='ocrx_word' id='word_1_176' title='bbox 779 3054 895 3138; x_wconf 84' lang='grc' dir='ltr'>διδοὺς</span> <span class='ocrx_word' id='word_1_177' title='bbox 928 3052 1056 3151; x_wconf 88' lang='grc' dir='ltr'>νόμους</span> <span class='ocrx_word' id='word_1_178' title='bbox 1088 3088 1158 3150; x_wconf 92' lang='grc' dir='ltr'>μου</span> <span class='ocrx_word' id='word_1_179' title='bbox 1190 3058 1238 3139; x_wconf 87' lang='grc' dir='ltr'>είς</span> <span class='ocrx_word' id='word_1_180' title='bbox 1272 3051 1338 3153; x_wconf 78' lang='grc' dir='ltr'>τήν</span> 
     </span>
     <span class='ocr_line' id='line_1_22' title="bbox 93 3174 1336 3282; baseline 0.004 -29"><span class='ocrx_word' id='word_1_181' title='bbox 93 3215 131 3254; x_wconf 85' lang='lat'>20</span> <span class='ocrx_word' id='word_1_182' title='bbox 144 3185 165 3221; x_wconf 90' lang='lat'>“</span> <span class='ocrx_word' id='word_1_183' title='bbox 182 3174 337 3256; x_wconf 83' lang='grc' dir='ltr'>διάνοιαν</span> <span class='ocrx_word' id='word_1_184' title='bbox 356 3179 482 3274; x_wconf 85' lang='grc' dir='ltr'>αι’ττῶν,</span> <span class='ocrx_word' id='word_1_185' title='bbox 501 3183 560 3258; x_wconf 83' lang='grc' dir='ltr'>καὶ</span> <span class='ocrx_word' id='word_1_186' title='bbox 583 3180 641 3258; x_wconf 84' lang='grc' dir='ltr'>ἐπὶ</span> <span class='ocrx_word' id='word_1_187' title='bbox 665 3179 809 3281; x_wconf 88' lang='grc' dir='ltr'>καρδίας</span> <span class='ocrx_word' id='word_1_188' title='bbox 836 3179 953 3258; x_wconf 80' lang='grc' dir='ltr'>αὐτῶν</span> <span class='ocrx_word' id='word_1_189' title='bbox 978 3174 1169 3282; x_wconf 77' lang='grc' dir='ltr'>ἐπιγράψω</span> <span class='ocrx_word' id='word_1_190' title='bbox 1198 3175 1336 3273; x_wconf 76' lang='grc' dir='ltr'>αὐτοὺς,</span> 
     </span>
     <span class='ocr_line' id='line_1_23' title="bbox 143 3296 1336 3408; baseline 0 -31"><span class='ocrx_word' id='word_1_191' title='bbox 143 3307 165 3344; x_wconf 83' lang='grc'><strong>“</strong></span> <span class='ocrx_word' id='word_1_192' title='bbox 181 3296 235 3377; x_wconf 80' lang='grc' dir='ltr'>ὅτι</span> <span class='ocrx_word' id='word_1_193' title='bbox 259 3301 349 3401; x_wconf 79' lang='grc' dir='ltr'>αὕτη</span> <span class='ocrx_word' id='word_1_194' title='bbox 368 3301 390 3400; x_wconf 83' lang='grc' dir='ltr'><strong><em>ἡ</em></strong></span> <span class='ocrx_word' id='word_1_195' title='bbox 409 3299 558 3402; x_wconf 86' lang='grc' dir='ltr'>διαθήκη</span> <span class='ocrx_word' id='word_1_196' title='bbox 583 3300 628 3401; x_wconf 82' lang='grc' dir='ltr'>ἣν</span> <span class='ocrx_word' id='word_1_197' title='bbox 647 3300 864 3402; x_wconf 86' lang='grc' dir='ltr'>διαθήσομαι</span> <span class='ocrx_word' id='word_1_198' title='bbox 890 3303 941 3406; x_wconf 74' lang='grc' dir='ltr'>τῷ</span> <span class='ocrx_word' id='word_1_199' title='bbox 966 3300 1050 3408; x_wconf 77' lang='grc' dir='ltr'>οίκορ</span> <span class='ocrx_word' id='word_1_200' title='bbox 1067 3299 1221 3401; x_wconf 82' lang='grc' dir='ltr'>Ἰσραήλ</span> <span class='ocrx_word' id='word_1_201' title='bbox 1247 3298 1336 3395; x_wconf 79' lang='grc' dir='ltr'>μετὰ</span> 
     </span>
     <span class='ocr_line' id='line_1_24' title="bbox 142 3418 1335 3531; baseline 0.002 -31"><span class='ocrx_word' id='word_1_202' title='bbox 142 3430 165 3466; x_wconf 89' lang='grc'><strong>“</strong></span> <span class='ocrx_word' id='word_1_203' title='bbox 181 3418 244 3506; x_wconf 72' lang='grc' dir='ltr'>τὰς</span> <span class='ocrx_word' id='word_1_204' title='bbox 270 3423 401 3525; x_wconf 82' lang='grc' dir='ltr'>ἡμέρας</span> <span class='ocrx_word' id='word_1_205' title='bbox 429 3426 572 3521; x_wconf 86' lang='grc' dir='ltr'>ἐκείνας,</span> <span class='ocrx_word' id='word_1_206' title='bbox 593 3428 687 3531; x_wconf 82' lang='grc' dir='ltr'>φησὶ</span> <span class='ocrx_word' id='word_1_207' title='bbox 708 3425 870 3526; x_wconf 80' lang='grc' dir='ltr'>Κύριος·”</span> <span class='ocrx_word' id='word_1_208' title='bbox 904 3421 1021 3503; x_wconf 81' lang='grc' dir='ltr'>πάλαι</span> <span class='ocrx_word' id='word_1_209' title='bbox 1045 3421 1110 3519; x_wconf 85' lang='grc' dir='ltr'>μέν</span> <span class='ocrx_word' id='word_1_210' title='bbox 1134 3421 1206 3524; x_wconf 82' lang='grc' dir='ltr'>γὰρ</span> <span class='ocrx_word' id='word_1_211' title='bbox 1232 3425 1252 3502; x_wconf 85' lang='grc' dir='ltr'>ὁ</span> <span class='ocrx_word' id='word_1_212' title='bbox 1278 3429 1335 3502; x_wconf 85' lang='grc' dir='ltr'>θε-</span> 
     </span>
     <span class='ocr_line' id='line_1_25' title="bbox 142 3542 1501 3667; baseline -0.001 -43"><span class='ocrx_word' id='word_1_213' title='bbox 142 3542 294 3631; x_wconf 85' lang='grc' dir='ltr'>σπέσιος</span> <span class='ocrx_word' id='word_1_214' title='bbox 323 3551 465 3646; x_wconf 79' lang='grc' dir='ltr'>Μωσῆς</span> <span class='ocrx_word' id='word_1_215' title='bbox 499 3546 608 3644; x_wconf 87' lang='grc' dir='ltr'>νόμον</span> <span class='ocrx_word' id='word_1_216' title='bbox 636 3547 773 3653; x_wconf 83' lang='grc' dir='ltr'>ε’δέχετο</span> <span class='ocrx_word' id='word_1_217' title='bbox 800 3546 864 3628; x_wconf 85' lang='grc' dir='ltr'>τδν</span> <span class='ocrx_word' id='word_1_218' title='bbox 891 3545 1124 3648; x_wconf 75' lang='grc' dir='ltr'>παιδαγωγὸν</span> <span class='ocrx_word' id='word_1_219' title='bbox 1152 3549 1189 3624; x_wconf 90' lang='grc' dir='ltr'>ἐν</span> <span class='ocrx_word' id='word_1_220' title='bbox 1217 3547 1335 3652; x_wconf 64' lang='grc' dir='ltr'>πλαξὶ</span> <span class='ocrx_word' id='word_1_221' title='bbox 1348 3553 1501 3667; x_wconf 49' lang='grc' dir='ltr'>ξᾶοίᾱῑῑῑ·</span> 
     </span>
     <span class='ocr_line' id='line_1_26' title="bbox 142 3669 1338 3772; baseline 0.001 -27"><span class='ocrx_word' id='word_1_222' title='bbox 142 3670 304 3767; x_wconf 90' lang='grc' dir='ltr'>λιθίναις,</span> <span class='ocrx_word' id='word_1_223' title='bbox 337 3669 430 3750; x_wconf 80' lang='grc' dir='ltr'>καθὰ</span> <span class='ocrx_word' id='word_1_224' title='bbox 464 3670 677 3772; x_wconf 79' lang='grc' dir='ltr'>γέγραπται·</span> <span class='ocrx_word' id='word_1_225' title='bbox 729 3671 876 3772; x_wconf 87' lang='grc' dir='ltr'>αίνιγμα</span> <span class='ocrx_word' id='word_1_226' title='bbox 909 3669 946 3749; x_wconf 82' lang='grc' dir='ltr'>δέ</span> <span class='ocrx_word' id='word_1_227' title='bbox 978 3678 1083 3749; x_wconf 82' lang='grc' dir='ltr'>τοῦτο</span> <span class='ocrx_word' id='word_1_228' title='bbox 1117 3670 1338 3770; x_wconf 81' lang='grc' dir='ltr'>γεγενῆσθαί</span> 
     </span>
     <span class='ocr_line' id='line_1_27' title="bbox 95 3789 1330 3896; baseline -0.002 -26"><span class='ocrx_word' id='word_1_229' title='bbox 95 3819 129 3878; x_wconf 83' lang='lat'>25</span> <span class='ocrx_word' id='word_1_230' title='bbox 142 3794 261 3896; x_wconf 86' lang='grc' dir='ltr'>φαμεν</span> <span class='ocrx_word' id='word_1_231' title='bbox 287 3796 350 3891; x_wconf 74' lang='grc' dir='ltr'>τῆς</span> <span class='ocrx_word' id='word_1_232' title='bbox 367 3793 548 3872; x_wconf 89' lang='grc' dir='ltr'>’ίουδαίων</span> <span class='ocrx_word' id='word_1_233' title='bbox 576 3795 877 3896; x_wconf 84' lang='grc' dir='ltr'>σκληροκαρδίας·</span> <span class='ocrx_word' id='word_1_234' title='bbox 916 3799 1061 3891; x_wconf 84' lang='grc' dir='ltr'>μᾶλλον</span> <span class='ocrx_word' id='word_1_235' title='bbox 1088 3790 1161 3894; x_wconf 80' lang='grc' dir='ltr'>γὰρ</span> <span class='ocrx_word' id='word_1_236' title='bbox 1189 3789 1330 3891; x_wconf 53' lang='grc' dir='ltr'>ἀπαράτ</span> 
     </span>
     <span class='ocr_line' id='line_1_28' title="bbox 142 3911 1451 4023; baseline 0.005 -32"><span class='ocrx_word' id='word_1_237' title='bbox 142 3917 264 3993; x_wconf 92' lang='grc' dir='ltr'>δεκτον</span> <span class='ocrx_word' id='word_1_238' title='bbox 296 3913 420 4018; x_wconf 75' lang='grc' dir='ltr'>ὥσπερ</span> <span class='ocrx_word' id='word_1_239' title='bbox 449 3923 527 4000; x_wconf 83' lang='grc' dir='ltr'>ταῖς</span> <span class='ocrx_word' id='word_1_240' title='bbox 561 3923 672 4023; x_wconf 81' lang='grc' dir='ltr'>σφῶν</span> <span class='ocrx_word' id='word_1_241' title='bbox 704 3918 820 3995; x_wconf 86' lang='grc' dir='ltr'>αιίτῶν</span> <span class='ocrx_word' id='word_1_242' title='bbox 853 3917 1020 4000; x_wconf 89' lang='grc' dir='ltr'>διανοίαις</span> <span class='ocrx_word' id='word_1_243' title='bbox 1048 3915 1235 4018; x_wconf 82' lang='grc' dir='ltr'>ἀποφαίνει</span> <span class='ocrx_word' id='word_1_244' title='bbox 1268 3911 1331 3991; x_wconf 83' lang='grc' dir='ltr'>τὸν</span> <span class='ocrx_word' id='word_1_245' title='bbox 1346 3941 1451 3998; x_wconf 77' lang='grc' dir='ltr'>θοΜ.</span> 
     </span>
     <span class='ocr_line' id='line_1_29' title="bbox 142 4034 1331 4141; baseline -0.001 -27"><span class='ocrx_word' id='word_1_246' title='bbox 142 4035 261 4136; x_wconf 87' lang='grc' dir='ltr'>νόμον,</span> <span class='ocrx_word' id='word_1_247' title='bbox 290 4042 348 4117; x_wconf 83' lang='grc' dir='ltr'>καί</span> <span class='ocrx_word' id='word_1_248' title='bbox 375 4035 449 4118; x_wconf 79' lang='grc' dir='ltr'>οἷον</span> <span class='ocrx_word' id='word_1_249' title='bbox 473 4041 512 4117; x_wconf 84' lang='grc' dir='ltr'>ἐν</span> <span class='ocrx_word' id='word_1_250' title='bbox 533 4042 648 4122; x_wconf 92' lang='grc' dir='ltr'>λίθοις</span> <span class='ocrx_word' id='word_1_251' title='bbox 675 4034 795 4141; x_wconf 77' lang='grc' dir='ltr'>βραχὺ</span> <span class='ocrx_word' id='word_1_252' title='bbox 825 4037 890 4135; x_wconf 88' lang='grc' dir='ltr'>μέν</span> <span class='ocrx_word' id='word_1_253' title='bbox 920 4041 978 4116; x_wconf 90' lang='grc' dir='ltr'>καὶ</span> <span class='ocrx_word' id='word_1_254' title='bbox 1006 4036 1110 4135; x_wconf 87' lang='grc' dir='ltr'>μόλις</span> <span class='ocrx_word' id='word_1_255' title='bbox 1140 4035 1331 4138; x_wconf 82' lang='grc' dir='ltr'>ἐνιζηκότα,</span> 
     </span>
     <span class='ocr_line' id='line_1_30' title="bbox 141 4157 1330 4266; baseline -0.002 -28"><span class='ocrx_word' id='word_1_256' title='bbox 141 4158 238 4259; x_wconf 84' lang='grc' dir='ltr'>πλὴν</span> <span class='ocrx_word' id='word_1_257' title='bbox 270 4159 521 4261; x_wconf 80' lang='grc' dir='ltr'>εὐαπόβλητον</span> <span class='ocrx_word' id='word_1_258' title='bbox 548 4167 734 4244; x_wconf 85' lang='grc' dir='ltr'>παντελῶς</span> <span class='ocrx_word' id='word_1_259' title='bbox 764 4163 821 4239; x_wconf 85' lang='grc' dir='ltr'>καί</span> <span class='ocrx_word' id='word_1_260' title='bbox 853 4158 955 4257; x_wconf 82' lang='grc' dir='ltr'>μάλα</span> <span class='ocrx_word' id='word_1_261' title='bbox 985 4161 1114 4266; x_wconf 75' lang='grc' dir='ltr'>ῥηιδίως</span> <span class='ocrx_word' id='word_1_262' title='bbox 1145 4157 1330 4239; x_wconf 84' lang='grc' dir='ltr'>ἀποπτυό-</span> 
     </span>
    </p>
   </div>
   <div class='ocr_carea' id='block_1_6' title="bbox 141 4370 1335 4657">
    <p class='ocr_par' dir='ltr' id='par_1_8' title="bbox 141 4370 1335 4657">
     <span class='ocr_line' id='line_1_31' title="bbox 178 4370 1333 4498; baseline 0 -71"><span class='ocrx_word' id='word_1_263' title='bbox 178 4390 236 4498; x_wconf 63' lang='grc' dir='ltr'>ι-ρ.</span> <span class='ocrx_word' id='word_1_264' title='bbox 258 4373 319 4430; x_wconf 83' lang='grc' dir='ltr'>Ηοο</span> <span class='ocrx_word' id='word_1_265' title='bbox 331 4375 452 4430; x_wconf 74' lang='lat' dir='ltr'><strong>scholion</strong></span> <span class='ocrx_word' id='word_1_266' title='bbox 463 4374 541 4430; x_wconf 81' lang='lat' dir='ltr'><strong>nobis</strong></span> <span class='ocrx_word' id='word_1_267' title='bbox 554 4375 705 4448; x_wconf 75' lang='lat' dir='ltr'><strong>suppeditat</strong></span> <span class='ocrx_word' id='word_1_268' title='bbox 720 4375 756 4430; x_wconf 88' lang='lat' dir='ltr'>H.</span> <span class='ocrx_word' id='word_1_269' title='bbox 979 4389 1006 4443; x_wconf 79' lang='lat'>3,</span> <span class='ocrx_word' id='word_1_270' title='bbox 1019 4392 1043 4440; x_wconf 87' lang='lat'>4.</span> <span class='ocrx_word' id='word_1_271' title='bbox 1064 4371 1107 4426; x_wconf 85' lang='lat' dir='ltr'>Cf.</span> <span class='ocrx_word' id='word_1_272' title='bbox 1119 4370 1222 4426; x_wconf 81' lang='lat' dir='ltr'>Theod.</span> <span class='ocrx_word' id='word_1_273' title='bbox 1234 4371 1268 4426; x_wconf 76' lang='lat' dir='ltr'>ad</span> <span class='ocrx_word' id='word_1_274' title='bbox 1281 4373 1333 4427; x_wconf 88' lang='lat' dir='ltr'><strong>loc.</strong></span> 
     </span>
     <span class='ocr_line' id='line_1_32' title="bbox 143 4442 1335 4538; baseline -0.003 -40"><span class='ocrx_word' id='word_1_275' title='bbox 143 4459 184 4513; x_wconf 82' lang='lat'>23.</span> <span class='ocrx_word' id='word_1_276' title='bbox 218 4444 309 4533; x_wconf 40' lang='lat' dir='ltr'><strong>uffo,</strong></span> <span class='ocrx_word' id='word_1_277' title='bbox 317 4449 424 4536; x_wconf 68' lang='grc' dir='ltr'>μώσεως</span> <span class='ocrx_word' id='word_1_278' title='bbox 442 4447 605 4516; x_wconf 82' lang='grc' dir='ltr'>νόμοςένιτλ</span> <span class='ocrx_word' id='word_1_279' title='bbox 640 4443 933 4538; x_wconf 69' lang='grc' dir='ltr'>ίλιθίνοιςγέγραρτοι,</span> <span class='ocrx_word' id='word_1_280' title='bbox 946 4442 1049 4534; x_wconf 67' lang='grc' dir='ltr'>οίνιγμα</span> <span class='ocrx_word' id='word_1_281' title='bbox 1060 4445 1105 4530; x_wconf 62' lang='grc' dir='ltr'>τῆς</span> <span class='ocrx_word' id='word_1_282' title='bbox 1122 4442 1335 4534; x_wconf 31' lang='grc' dir='ltr'>ίορδοίωνμσκλη·</span> 
     </span>
     <span class='ocr_line' id='line_1_33' title="bbox 141 4512 1334 4657; baseline -0.002 -89"><span class='ocrx_word' id='word_1_283' title='bbox 141 4515 424 4655; x_wconf 48' lang='lat' dir='ltr'>§333ng</span> <span class='ocrx_word' id='word_1_284' title='bbox 436 4517 484 4657; x_wconf 59' lang='grc' dir='ltr'>(ἱεηλ</span> <span class='ocrx_word' id='word_1_285' title='bbox 497 4515 670 4657; x_wconf 46' lang='lat' dir='ltr'>mm:</span> <span class='ocrx_word' id='word_1_286' title='bbox 679 4517 942 4656; x_wconf 52' lang='grc' dir='ltr'>ἔηηδέ3ηηέῗοῦλεω</span> <span class='ocrx_word' id='word_1_287' title='bbox 959 4517 999 4584; x_wconf 87' lang='grc' dir='ltr'>αφ</span> <span class='ocrx_word' id='word_1_288' title='bbox 1026 4515 1122 4568; x_wconf 77' lang='grc' dir='ltr'>ἐουτων</span> <span class='ocrx_word' id='word_1_289' title='bbox 1139 4535 1173 4570; x_wconf 79' lang='grc' dir='ltr'>ως</span> <span class='ocrx_word' id='word_1_290' title='bbox 1192 4512 1287 4584; x_wconf 82' lang='grc' dir='ltr'>ροδιωι·</span> <span class='ocrx_word' id='word_1_291' title='bbox 1306 4533 1334 4567; x_wconf 85' lang='grc' dir='ltr'>εκ</span> 
     </span>
    </p>
   </div>
   <div class='ocr_carea' id='block_1_7' title="bbox 699 4688 793 4734">
    <p class='ocr_par' dir='ltr' id='par_1_9' title="bbox 699 4688 793 4734">
     <span class='ocr_line' id='line_1_34' title="bbox 699 4688 793 4734; baseline 0.032 -3"><span class='ocrx_word' id='word_1_292' title='bbox 699 4688 793 4734; x_wconf 75' lang='lat' dir='ltr'>unz</span> 
     </span>
    </p>
   </div>
   <div class='ocr_carea' id='block_1_8' title="bbox 0 0 1644 5130">
    <p class='ocr_par' dir='ltr' id='par_1_10' title="bbox 0 0 1644 5130">
     <span class='ocr_line' id='line_1_35' title="bbox 0 0 1644 5130; baseline 0 3"><span class='ocrx_word' id='word_1_293' title='bbox 0 0 1644 5130; x_wconf 95' lang='lat' dir='ltr'> </span> 
     </span>
    </p>
   </div>
  </div>
 </body>
</html>
