3268 5130
129 365 175 432 ix.
191 369 212 430 ε
229 389 294 454 sqq.
389 367 443 432 IN
468 365 729 432 οοιςοοοκιι
754 366 818 430 AD
846 363 1080 432 ROMANOS.
1265 367 1329 432 ατε

128 528 353 632 οίκειότητος,
371 536 400 610 εί
428 529 478 630 μὴ
505 535 570 631 τῆς
591 535 665 610 τῶν
692 531 804 633 ἁγίων
831 529 996 632 πατέρων
1022 530 1206 638 ἐξέφυσαν
1232 530 1329 634 ῥίζης
1356 484 1482 551 [MM']

126 656 270 752 καὶτῆς
294 654 435 735 ἐκείνων
451 652 609 736 εὐκλείας
633 653 805 734 τέθεινται
831 652 1058 755 κληρονόμοι,
1077 663 1106 731 εί
1125 651 1175 752 μὴ
1193 661 1329 756 πρῶτοι

126 773 212 860 τοὺς
240 780 304 876 τῆς
330 783 379 861 είς
397 774 493 858 θεὸν
512 776 678 879 λατρείας
701 773 965 874 μεμελετήκασι
992 773 1157 878 τρόπους,
1176 779 1234 856 καὶ
1262 775 1327 861 τὰς

126 902 195 997 τῆς
216 899 432 1002 ἐπαγγελίας
456 897 750 998 πεπλουτήκασιν
774 898 932 995 ἐλπίδας,
954 899 1191 1001 μετριωτέραν
1209 895 1254 978 ἀν
1276 933 1330 984 τις

93 1019 197 1120 δ’τὴυ
215 1022 269 1102 ἐπ’
285 1024 403 1107 αὐτοῖς
420 1020 615 1122 ἐποιήσατο
633 1019 764 1120 λύπην.
794 1019 912 1119 ἐπειδὴ
931 1018 969 1100 δέ
987 1022 1105 1100 αὐτῶν
1119 1027 1152 1102 οἱ
1169 1025 1329 1125 πατέρες,

126 1142 252 1223 καὶτὰ
271 1145 384 1224 ἀλλα·
421 1143 533 1244 μόνον
551 1143 588 1224 δέ
608 1144 686 1248 οὐχὶ
706 1146 763 1223 καὶ
782 1143 827 1249 ἐξ
842 1143 960 1245 οὐρίας
979 1145 1097 1227 αὐτοῖς
1113 1151 1187 1223 τῶν
1204 1180 1327 1247 πραγ-

126 1265 254 1364 μάτων
273 1267 408 1365 ἐόντων,
427 1274 476 1350 είς
500 1265 674 1366 ἀδόκητον
692 1264 941 1346 ε’κπεπτῶκασι
962 1263 1069 1348 τέλος
1092 1268 1150 1344 καὶ
1173 1269 1324 1369 διημαρ-

127 1387 262 1488 τήκασι
293 1395 357 1490 τῆς
388 1391 545 1474 ἐλπίδος·
587 1396 665 1473 πῶς
697 1389 740 1469 οὐ
773 1388 961 1468 πάνδεινον
998 1390 1143 1487 ἀληθῶς
1175 1389 1217 1468 τὸ
1254 1398 1328 1473 τοῖς

129 1513 269 1597 ἀθλίοις
295 1513 552 1614 συμβεβηκόςς

79 1797 116 1837 ιο
275 1771 341 1858 Οὐχ
367 1765 438 1838 οἷον
465 1771 501 1840 δὲ
528 1775 577 1838 ὅτι
605 1771 814 1837 ἐκπέπτωκεν
841 1773 860 1839 ὁ
887 1773 981 1846 κότος
1009 1775 1065 1838 τοῦ
1091 1771 1186 1836 Θεοῦ.
1344 1774 1437 1851 6sqq.

185 1937 360 2042 Ἀκριβῆς
386 1945 406 2022 ό
431 1939 555 2044 λόγος·
589 1940 720 2041 ἥκιστα
744 1938 815 2045 γὰρ
839 1943 1054 2048 διεψεῦσθαί
1075 1948 1201 2046 φησιν,
1219 1940 1330 2043 ἤγουν

130 2064 309 2146 δυύασθαι
326 2068 390 2164 τῆς
408 2066 577 2164 ἀληθείας
596 2067 780 2144 διαπεσεῖν
797 2063 862 2144 τὸν
878 2073 943 2144 τοῦ
962 2071 1057 2145 Θεοῦ
1074 2063 1199 2167 λόγον·
1220 2061 1331 2166 ἐπήγ-

130 2197 260 2290 γελται
287 2185 353 2286 μέν
379 2185 451 2291 γὰρ
479 2186 775 2290 ὁμολογουμένως
802 2194 855 2295 τῷ
883 2189 1055 2290 Ἀβραὰμ
1084 2189 1122 2267 ἐν
1152 2190 1279 2292 ἀρχαῖς
1309 2189 1384 2268 585
1400 2212 1448 2267 M.

130 2317 205 2392 τῶν
241 2309 339 2390 ὅλων
377 2308 485 2408 Θεὸς,
525 2310 579 2390 ὅτι
617 2309 737 2413 πατὴρ
774 2309 877 2391 ἔσται
913 2318 1077 2391 πολλῶν·
1123 2313 1180 2390 καὶ
1217 2308 1478 2390 πάλινθςυ·ινὶἰ·

80 2454 118 2518 15
130 2446 154 2482 “
169 2433 375 2535 Πληθόυωυ
399 2439 572 2533 πληθυνῶ
596 2433 639 2514 τὸ
664 2433 813 2537 σπέρμα
835 2468 906 2514 σου
930 2436 1017 2514 ὡσεὶ
1045 2432 1091 2514 τὰ
1118 2433 1238 2534 ἄστρα
1267 2441 1330 2512 τοῦ
1341 2411 1382 2506 fi».
1390 2457 1498 2518 ωιτη.

132 2567 155 2604 “
173 2559 327 2660 οὐρανοῦ
358 2562 411 2665 τῷ
446 2555 609 2656 πλήθει·”
654 2557 721 2636 ε”δει
756 2559 875 2638 τοίνυν
910 2559 988 2660 οὐχὶ
1024 2555 1144 2655 μόνων
1180 2561 1252 2634 τῶν
1289 2556 1333 2662 ἐξ

130 2677 287 2782 Ἰσραὴλ
314 2681 563 2782 ἀναδειχθῆναι
590 2679 728 2782 πατέρα
755 2678 818 2758 τὸν
845 2677 1028 2780 Ἀβραάμ·
1060 2677 1159 2762 ἔθνος
1187 2676 1259 2779 γὰρ
1286 2675 1331 2776 ἦν

131 2801 171 2881 ἐν
188 2799 232 2882 τὸ
250 2803 295 2909 ἐξ
308 2802 416 2882 αὐτοῦ
441 2803 612 2908 πεφηνὸς,
631 2803 740 2903 μυρία
758 2800 796 2882 δέ
815 2803 889 2882 ὅσα
907 2801 997 2881 κατὰ
1021 2807 1148 2881 πᾶσαν
1165 2798 1231 2899 τὴν
1248 2805 1330 2901 γῆν,

131 2925 233 3005 ἂκαὶ
259 2932 307 3009 εἷς
333 2924 439 3005 τέκνα
457 2925 627 3005 τέθεινται
652 2930 703 3032 τῷ
720 2923 901 3028 Ἀβραὰμ,
927 2924 1023 3027 εἴπερ
1041 2925 1133 3005 εἰσὶν
1151 2924 1194 3031 ἐξ
1213 2927 1326 3027 ἐπαγ-

79 3082 119 3122 αο
132 3050 271 3152 γελίας,
311 3050 369 3128 καὶ
406 3058 428 3094 “
443 3055 635 3153 στοιχοῦσι
671 3053 745 3131 τοῖς
780 3047 897 3151 ’ίχυεσι
932 3051 997 3146 τῆς
1033 3050 1070 3126 ἐν
1107 3047 1330 3153 ἀκροβυστία
1341 3060 1422 3174 {¹:9³²
1430 3061 1462 3110 iv.

133 3185 156 3222 “
173 3173 355 3254 πίστεως”
377 3172 497 3269 αὐτοῦ,
516 3168 607 3250 κατὰ
625 3167 667 3249 τὸ
685 3169 945 3272 γεγραμμένον·
982 3173 1029 3254 ὡς
1048 3169 1118 3273 γὰρ
1137 3169 1242 3254 αὐτός
1259 3204 1330 3250 που
1376 3160 1382 3174 ’

133 3298 250 3402 φησὶν
270 3295 290 3373 ὁ
308 3291 480 3396 μακάριος
500 3299 649 3377 Παῦλος
674 3295 766 3372 “On'’
791 3291 850 3371 διὰ
876 3293 986 3392 νόμον
1015 3293 1036 3392 ἡ
1058 3294 1256 3397 ἐπαγγελία
1280 3300 1487 3401 rq31b.13,14.

132 3429 155 3466 ‘⁴
174 3415 347 3519 Ἀβραὰμ
365 3421 413 3500 είς
438 3416 481 3496 τὸ
503 3415 728 3518 κληρονόμον
749 3415 858 3495 αὐτὸν
876 3413 963 3495 εἶναι
986 3415 1136 3515 κόσμου,
1155 3414 1256 3496 ἀλλὰ
1274 3415 1331 3497 διὰ

134 3552 157 3589 “
176 3540 402 3640 δικαιοσύνης
420 3543 586 3624 πίστεως·
615 3544 644 3618 εί
662 3537 734 3641 γὰρ
748 3541 781 3618 οἱ
799 3540 838 3617 ἐκ
858 3537 968 3638 νόμου
985 3539 1211 3643 κληρονόμοι,
1226 3543 1331 3648 φησὶ,

78 3693 118 3752 ²5
134 3675 156 3712 ⁰*
175 3664 361 3744 κεκένωται
393 3662 415 3762 ἡ
447 3663 570 3747 πίστις
603 3664 661 3741 καὶ
691 3660 911 3765 κατήργηται
940 3661 963 3763 ἡ
993 3664 1225 3766 ἐπαγγελία.”
1274 3660 1331 3742 ὅτε

134 3788 254 3866 τοίνυν
282 3787 328 3869 ὡς
356 3786 394 3863 έν
421 3782 549 3864 Ἰσαὰκ
577 3784 620 3864 τὸ
652 3785 697 3891 ἐξ
726 3783 898 3886 Ἀβραὰμ
927 3785 1144 3886 λελόγισται
1173 3787 1331 3886 σπέρμα,

132 3908 321 3991 τουτέστιν
352 3909 433 3987 καθ’
463 3906 676 4012 ὑπόσχεσιν,
703 3909 927 4010 ἐπαγγελίας
959 3909 1029 4014 γδρ
1057 3917 1072 3989 ὁ
1101 3905 1209 4009 λόγος
1241 3905 1331 3992 οὗτος

137 4029 243 4112 Κατδι
270 4027 322 4111 τόν
352 4031 460 4134 καιρλν
487 4033 593 4111 τοῦτον
620 4028 803 4136 ἐλεόσυμαι
833 4036 893 4111 καὶ
924 4029 1020 4110 ἔσται
1047 4039 1085 4142 τῇ
1111 4031 1225 4137 Σαίρῥα
1253 4026 1331 4119 οἶδε,

133 4158 248 4254 δῆλον
267 4149 311 4232 ἀν
328 4152 381 4251 εἴη
402 4151 577 4252 δήπουθεν
595 4152 648 4232 ὅτι
667 4158 701 4233 οὐ
719 4151 766 4233 τδι
783 4153 886 4232 τέκνα
908 4149 966 4244 τῆς
984 4152 1112 4258 σαρκός
1131 4163 1327 4252 καταλογι-

78 4313 120 4370 30
133 4282 254 4358 σθεῖεν
273 4273 318 4355 ἂν
336 4273 453 4375 πάντη
472 4309 510 4355 τε
532 4278 591 4355 καὶ
607 4273 751 4360 πάντως
778 4279 827 4359 εἱς
854 4271 956 4355 τέκνα
975 4276 1071 4364 Θεοῦ,
1094 4273 1206 4377 ἐχοιευ
1234 4273 1264 4353 δ
1286 4271 1331 4352 ἂν

135 4573 152 4630 d
171 4521 197 4574 3.
208 4501 551 4627 ἒρθπους-πεπλουπὴκσσι
563 4519 617 4557 om.
631 4502 700 4572 (scil.
714 4519 729 4555 a
742 4523 816 4555 -κασι
828 4500 862 4555 ad
874 4520 947 4554 ·κασι
958 4496 1119 4568 transilient)
1130 4495 1163 4552 Β.
1235 4516 1260 4568 9.
1279 4497 1332 4556 Hie

154 4594 193 4630 08·
234 4613 241 4628 ο

179 4673 252 4720 νου.
269 4673 322 4718 111.
713 4673 733 4715 ο
748 4675 772 4736 g
