3274 5262
374 361 593 430 EPISTOLA
614 363 678 427 AD
700 361 1009 428 CALOSYRIUM.
1225 363 1287 425 605

94 560 218 606 τωσαν
245 534 309 606 τοῦ
337 531 445 606 Θεοῦ.
492 525 612 628 ὁγοίρ
641 523 735 609 Θεῦς
763 523 852 629 ῦπέρ
879 531 1005 605 πῦισαν
1034 527 1153 605 κτίσιν
1180 529 1326 620 &adad

96 653 175 729 οὔτε
193 655 302 746 σῶμα
326 647 523 747 νοοῦμενος,
542 651 621 730 οὔτε
640 651 678 728 ἐν
696 649 818 732 τόποις
834 647 857 748 ἢ
876 648 1046 753 σχήμασι
1063 654 1291 748 σωματικοῖς,

96 774 181 852 ἀλλ’
201 773 300 853 ἔστιν
320 775 468 871 ἁπλοῦς,
487 774 609 868 εἰῦλος,
628 771 790 868 ἀνείδεος,
809 771 1014 869 οἰσόνθετος,
1034 774 1096 851 οῦκ
1119 775 1162 851 ε’κ’
1176 778 1294 873 μερῶν

97 897 120 997 ἢ
147 904 268 995 μελῶν
295 894 317 995 ἢ
345 897 479 998 μορίων
507 896 738 998 συγκείμενος
766 894 927 996 καθάπερ
952 895 1060 994 ἡμεῖς,
1088 904 1228 994 πνεῦμα
1256 895 1294 974 δί

64 1027 252 1116 5μῦλλον,
271 1017 363 1099 κατοί
386 1018 451 1104 τοίς
469 1017 625 1124 γραφὰς,
643 1022 700 1098 καί
726 1018 771 1098 τὰ
795 1019 914 1099 πάντα
938 1022 1089 1125 ε’φοριῦν,
1107 1027 1295 1124 πανταχοῦ

98 1141 148 1224 ιῦν
177 1147 235 1222 καί
264 1141 309 1222 τῦι
338 1142 457 1221 πάντα
488 1148 648 1243 πληρῶν,
684 1145 742 1221 καί
774 1142 913 1226 οὐδενὸς
942 1140 1291 1240 ἀπολιμπανόμενος·

97 1274 236 1370 πληροῖ
261 1264 332 1367 γὰρ
358 1265 508 1367 οῦρανῦν
526 1269 585 1344 καί
612 1269 695 1365 γῆν.
735 1263 776 1344 τῦ
803 1263 841 1344 δὲ
870 1263 947 1344 κατ’
967 1262 1085 1344 εἰκόνα
1103 1270 1200 1346 Θεοῦ
1226 1299 1292 1345 πε·

99 1395 272 1490 ποιῆσθαι
296 1389 359 1469 τὸν
383 1389 584 1492 ἄνθρωπον,
603 1389 723 1491 ἐτέρας
741 1386 916 1494 ἐμφάσεις
943 1392 1000 1468 καί
1020 1391 1187 1475 ὑπονοίας
1211 1390 1294 1494 ἔχει.

101 1511 211 1611 μόνος
231 1510 303 1614 γὰρ
326 1511 431 1597 αὐτὸς
452 1513 552 1615 παρὰ
571 1511 691 1592 πάντα
713 1510 759 1589 τὰ
781 1515 838 1591 ε’πί
863 1516 929 1612 γῆς
949 1512 1020 1619 ζῷα
1039 1512 1185 1615 λογικός
1203 1515 1328 1610 ε’στι,ο

47 1661 89 1703 ¹0
102 1637 373 1737 φιλοικτίρμων,
387 1634 652 1736 ἐπιτηδειότητα
664 1632 755 1737 πρὸς
771 1641 897 1714 πᾶσαν
911 1633 1040 1737 ἀρετὴν
1055 1636 1158 1741 ἔχων,
1174 1635 1299 1740 λαχὼν

102 1759 141 1839 δὲ
159 1763 217 1838 καὶ
231 1759 273 1839 τὸ
286 1759 409 1862 οἰρχειν
421 1758 591 1840 ἁπάντων
608 1765 682 1838 τῶν
700 1761 757 1838 ἐπὶ
771 1761 836 1857 τῆς
849 1762 916 1860 γῆς
929 1761 1012 1838 καθ’
1034 1759 1226 1859 ὁμοιότητα
1241 1763 1300 1840 καί

103 1881 219 1962 εἰκόνα
238 1888 345 1962 Θεοῦ.
386 1885 513 1963 οὐκοῦν
542 1880 633 1962 κατὰ
661 1880 704 1962 τῦ
731 1879 820 1962 εἰναι
847 1881 936 1988 ζῷον
959 1882 1109 1983 λογικὸν
1129 1887 1187 1964 καί
1210 1883 1300 1964 καθὸ

103 2005 300 2111 φιλόρετον
319 2009 377 2086 καί
395 2003 543 2112 ἀρχικόν
562 2011 634 2087 τῶν
653 2009 710 2085 ἐπὶ
733 2010 796 2102 τῆς
823 2009 906 2106 γῆς,
926 2008 965 2084 ἐν
989 2005 1095 2087 εἰκόνι
1113 2014 1209 2089 Θεοῦ
1232 2043 1296 2089 πε·
1313 2039 1410 2094 αυυῡ
1427 2034 1469 2093 Δ.

102 2134 278 2226 ποιῆσθαι
309 2131 464 2232 λε’γεται.
514 2135 542 2208 εἰ
571 2130 609 2209 δὲ
638 2129 823 2232 νομίζουσι
851 2127 942 2208 κατὰ
969 2129 1011 2208 τὸ
1039 2139 1104 2209 τοῦ
1131 2131 1302 2229 σώματος

49 2283 90 2344 ι5
104 2257 232 2356 σχῆμα
270 2253 443 2353 λέγεσθαι
482 2248 548 2350 τὴν
584 2253 712 2348 εἰκόνα,
744 2251 844 2331 οῦδὲν
874 2260 984 2332 λυπεῖ
1014 2257 1072 2333 καί
1102 2261 1176 2338 τοῖς
1208 2254 1298 2334 ἀλό-

77 2391 182 2477 “γοις
208 2382 281 2454 τιῦν
309 2371 407 2480 ζῴων
431 2378 652 2480 σύμμορφον
680 2374 799 2477 λε’γειν
817 2371 906 2454 εἰναι
933 2372 998 2455 τῦν
1017 2375 1124 2456 Θεόν.
1165 2379 1304 2478 ὁρῶμεν

104 2497 187 2600 γῦιρ,
213 2497 266 2577 ὅτι
295 2501 353 2578 καί
381 2499 472 2578 αὐτὰ
498 2501 537 2578 ἐκ
564 2506 637 2577 τιῦν
665 2500 783 2578 αῦτιῦν
810 2499 894 2597 ἡμῖν
922 2502 994 2577 εἰσι
1020 2502 1163 2602 μορίων,
1189 2499 1304 2583 πόδας

104 2622 233 2724 ἔχοντα
261 2625 320 2701 καί
346 2622 469 2720 στόμα
493 2625 552 2702 καί
580 2621 794 2729 ὀφθαλμοῦς
822 2625 881 2701 καί
907 2623 1007 2724 ῥῖνας
1035 2626 1093 2702 καί
1121 2629 1305 2725 γλῶσσαν

106 2747 164 2824 καί
190 2745 236 2824 τὰ
261 2747 361 2848 ἕτερα
380 2752 452 2825 τιῦν
471 2753 534 2825 τοῦ
552 2746 722 2842 σώματος
741 2752 875 2843 μελῶν.
914 2745 1059 2825 πανίτιο
1078 2747 1195 2826 τοίνυν
1213 2747 1236 2846 ἡ
1254 2746 1305 2846 σὴ

54 2911 94 2952 ιο
107 2866 291 2960 θεοσέβεια
329 2866 412 2953 τοῦς
448 2867 637 2965 τοιούτους,
667 2876 813 2966 μᾶλλον
842 2866 881 2947 δὲ
916 2871 975 2947 καί
1008 2867 1202 2967 ε’πιτιμιῖτω
1232 2877 1339 2962 τοῖςι,

106 3000 219 3073 ταῦτα
239 2999 413 3097 φλυαρεῖν
432 2989 609 3072 εἰωθόσιν.

163 3117 303 3195 Ἀκοιίω
321 3116 359 3194 δὲ
381 3115 436 3194 ὅτι
465 3118 581 3220 φασίν
602 3118 793 3217 ἀπρακτεῖν
816 3122 864 3200 εἰς
892 3116 1076 3218 ἁγιασμόν
1093 3116 1159 3217 τὴν
1177 3151 1306 3216 μυστι-

108 3236 174 3338 κὴν
210 3239 391 3340 εὐλογίαν,
431 3245 460 3317 εἰ
497 3239 681 3337 ἀπομείνοι
726 3241 904 3344 λείψανον
950 3241 1059 3338 αὐτῆς
1095 3247 1145 3325 εἰς
1185 3241 1307 3342 ἑτέραν

108 3362 252 3465 ἡμέριον.
289 3365 475 3461 μαίνονται
502 3359 540 3442 δὲ
568 3371 681 3442 ταῦτα
708 3363 886 3465 λε’γοντες·
921 3364 962 3442 οὐ
992 3361 1064 3466 γὰρ
1095 3366 1306 3446 ἀλλοιοῦται

144 3591 171 3644 3.
190 3573 330 3632 ιίιτῦνθιτος
342 3573 375 3629 A.
388 3574 429 3628 καί
442 3573 583 3632 ιίσῦνθιτος
597 3575 632 3630 D.
648 3575 698 3630 Ed.
888 3589 914 3646 5.
934 3575 1038 3645 ε’φορῦν
1048 3575 1121 3630 A.D.
1135 3576 1241 3645 ὑφορὸν
1253 3574 1303 3631 Ed.

111 3659 136 3714 7.
155 3645 310 3713 πεποιῆσθαι
317 3645 578 3764 ηφῃνιξυνφρηηηορᾱίηὲυ
590 3645 683 3700 ordine
695 3645 730 3700 A.
934 3663 961 3718 9.
980 3648 1028 3716 γῆς
1039 3647 1073 3699 A.
1085 3649 1130 3716 τῆς
1141 3649 1189 3718 γῆς
1203 3647 1238 3700 D.
1252 3643 1304 3700 Ed.

113 3779 154 3816 ιο.
175 3762 365 3832 ε’πιτηῦειότατο
579 3766 613 3819 A.
665 3763 682 3818 εἰ
699 3764 758 3832 ετην
770 3765 837 3837 ἔχων
848 3763 900 3820 hoo
914 3764 1007 3819 ordino
1019 3766 1052 3819 A.
1181 3782 1222 3819 ις.
1241 3761 1303 3819 εῖναι

110 3835 176 3905 ζῷον
188 3833 239 3887 hoc
252 3833 344 3888 ordine
356 3836 390 3888 A.
405 3834 465 3907 Syr.
612 3851 652 3906 13.
671 3837 778 3906 ορχικὸν
789 3840 841 3888 τῶν
852 3835 893 3889 ε’πί
906 3837 951 3903 τῆς
965 3837 1014 3906 γῆς
1025 3835 1060 3888 A.
1073 3839 1124 3889 τῶν
1135 3835 1178 3889 ε’πί
1189 3836 1234 3904 τῆς
1248 3834 1304 3905 [τῆς

110 3921 165 3957 om.
179 3902 230 3958 Ed.
258 3907 305 3975 γῆς
322 3905 429 3976 ιίρχικὸν
442 3907 477 3960 D.
492 3903 543 3960 Ed.
598 3909 666 3959 Θεοῦ
683 3907 841 3974 πεποιῆσθαι
858 3905 963 3975 λέγεται
980 3905 1032 3958 hoc
1049 3904 1142 3960 ordine
1154 3906 1188 3960 A.
1200 3905 1304 3974 λέγεται

110 3976 225 4041 πεποιῆσ
242 3997 268 4028 αι
281 3977 349 4028 θεοῦ
362 3975 414 4029 Ed.
496 3993 536 4042 14.
555 3977 733 4044 τοῦσώματος
745 3978 834 4046 σχῆμα
846 3974 897 4028 hoc
909 3974 1002 4028 ordine
1015 3976 1048 4029 A.
1138 3989 1178 4045 15.
1195 3975 1302 4046 α’λόγοις

111 4049 162 4098 τῶν
175 4043 245 4116 (φαεν
256 4055 283 4098 et
294 4043 381 4114 λίγιιν
392 4041 455 4099 εῖναι
468 4045 519 4099 hoe
531 4045 624 4099 ordine
636 4046 669 4101 A.
828 4045 869 4101 16.
887 4045 998 4117 ῦριῦμεν]
1012 4049 1065 4117 dp&
1076 4045 1124 4114 μίν
1136 4046 1170 4100 A.
1207 4045 1304 4100 Statim

109 4115 161 4185 γὰρ
174 4131 228 4169 om.
241 4114 275 4169 A.
398 4129 438 4186 17.
456 4115 508 4170 εἰσι
520 4116 616 4184 μορίοιν
627 4115 678 4170 hoc
690 4114 783 4170 ordino
794 4116 828 4171 A.
956 4118 998 4171 18.
1018 4117 1058 4170 κοί
1070 4119 1156 4184 στόμα
1168 4126 1305 4186 assumpta

112 4202 144 4239 ex
158 4186 191 4239 A.
321 4202 363 4258 19.
381 4185 654 4272 παυίτο-θεοσίβεω
666 4186 718 4272 λος
730 4185 824 4241 ordine
836 4185 870 4240 A.
883 4185 985 4272 παυίτρ
997 4195 1057 4256 post
1069 4186 1205 4274 Ocom‘fifw
1217 4196 1304 4240 trans-

111 4255 251 4416 ιζειιξιῑ
496 4255 1305 4418 ιιυιςικιέιγθιυιςξιιιςιὲιλξῑ

111 4396 448 4541 ΗΞ,
461 4397 1308 4548 ι...ιἰι·.6ςα.“ιιιει.ιειι.ιλκιοιιιιιι

112 4538 326 4664 ι’ἰῑυίοικυρφλιηυ
338 4540 403 4608 πρὸς
416 4537 573 4609 καλοπίριον.
705 4554 748 4609 23.
766 4538 899 4608 ιίπομιίνοι
914 4539 946 4594 A.
959 4537 984 4592 Ν
988 4538 1024 4592 lk.
1039 4536 1116 4592 Vulc.
1128 4536 1257 4610 ιίπομείνει
1271 4537 1307 4594 D.

113 4629 235 4674 απομενοι
273 4625 292 4662 υ
314 4649 320 4664 .
