3294 5150
165 351 233 417 viii.
251 373 276 416 1.
358 354 412 418 IN
438 355 503 420 ΕΡ.
524 354 552 420 Ι.
580 356 643 419 AD
674 356 967 424 CORINTHIOS.
1008 359 1096 425 LIB.
1117 360 1177 427 IV.
1299 365 1361 429 275

165 518 268 617 ἡμῶν
295 517 337 598 τὸ
364 518 453 598 ἴδιον
481 516 568 619 αἷμα
594 529 659 599 τοῦ
687 520 833 601 πάντων
860 523 961 621 ἡμῶν
989 528 1157 625 Σωτῆρ,ς
1184 531 1361 627 Χριστοῦ,
1387 481 1439 548 [όι
1453 484 1537 548 ια]Ι

164 641 369 746 ἐξηρήμεθα
390 641 427 722 δέ
454 645 517 742 τῆς
543 651 607 723 τοῦ
625 642 799 739 διαβόλου
823 646 1043 753 πλεονεξίας,
1062 652 1126 746 τῆς
1145 654 1216 728 τῶν
1234 653 1359 748 δαιμο·

166 767 252 845 νίων
271 765 463 865 ὠμότητος,
481 763 684 866 κεκλήμεθα
706 766 743 848 δὲ
768 767 859 870 πρὸς
883 771 1083 872 ἐλευθερίαν
1106 767 1164 851 διὰ
1182 776 1360 873 Χριστοῦ.

166 891 295 969 ούκοῦν
309 893 357 974 ὡς
371 891 611 994 ἠγορασμένοι
628 895 685 970 καὶ
704 894 755 999 τῷ
773 893 954 1000 πριαμένῳ
968 893 1033 993 τὴν
1048 897 1182 975 ἑαυτῶν
1197 897 1365 1004 ὀφείλον-

132 1047 224 1109 5τες
241 1010 403 1119 ζωὴν,μλ
421 1001 552 1117 γίνεόθί
565 1019 659 1116 φησι
676 1010 784 1095 δοῦλοι
798 1014 980 1122 ἀνθρώπων.
1007 1021 1066 1097 καὶ
1084 1021 1160 1098 ούτι
1178 1019 1297 1124 φαμέν
1317 1024 1365 1104 ώς

165 1140 231 1235 τῆς
259 1137 350 1216 κατά
377 1137 498 1240 σάρκα
525 1140 686 1222 δουλείας
714 1143 1117 1240 ἀποπηδᾶνάναπείθει,
1137 1143 1297 1222 διδάσκει
1325 1141 1363 1222 δέ

165 1267 312 1358 μᾶλλον
330 1263 439 1341 ἐκεῖνο
465 1265 522 1340 καὶ
548 1261 650 1358 μάλα
671 1264 784 1363 ὀρθῶς
809 1263 860 1363 μὴ
880 1264 1058 1344 δουλεύειν
1077 1272 1151 1349 τοῖς
1170 1267 1363 1372 ἀποφέρειν

166 1384 249 1469 τοῦς
276 1385 556 1471 πεπιστευκότας
583 1389 822 1489 ἐπιχειροῦσιν
844 1393 892 1470 εἰς
921 1387 1067 1487 νομικὴν
1094 1390 1360 1492 παρατήρησιν,

168 1512 226 1588 καὶ
249 1513 312 1608 τῆς
336 1509 485 1614 ἀρχαίας
511 1507 650 1610 ἀπάτης
672 1508 833 1613 ε’κχέονσι
857 1510 921 1590 τὸν
948 1509 1002 1590 ἱὸν
1024 1519 1100 1595 ταῖς
1123 1517 1195 1592 τῶν
1218 1515 1360 1592 ἁπλου-

114 1673 153 1710 ιο
167 1632 307 1735 στέρων
339 1637 486 1738 ψυχαῖς,
519 1635 577 1712 καὶ
609 1633 740 1737 ἡμέρας
773 1638 831 1713 καὶ
863 1639 976 1733 μῆνας
1006 1638 1181 1738 ἐπιτηρεῖν
1213 1638 1359 1716 ἀναπεί·
1375 1665 1476 1714 Gativ.
1490 1681 1526 1714 to.

167 1763 285 1854 θουσι,
304 1759 362 1838 καὶ
385 1757 450 1854 τὴν
475 1757 696 1858 καλουμένην
714 1760 1012 1861 ἐθελοθρησκείαν
1031 1758 1286 1859 ἐπιτηδεύουσι,
1306 1763 1364 1839 καὶ
1375 1785 1427 1834 cot.
1438 1786 1463 1834 u.
1477 1799 1515 1849 η.

167 1879 294 1981 ἑτέροις
331 1881 480 1959 ἑλέσθαι
513 1889 677 1982 πληροῦν
709 1881 1034 1980 συμβουλεύουσιν.
1081 1880 1199 1981 ἐπειδὴ
1235 1883 1362 1979 τοίνυν,

168 2005 272 2104 φησὶ,
293 2003 392 2108 τιμῆς
412 2002 623 2106 ἠγοράσθητε,
643 2008 701 2084 καὶ
720 2007 793 2085 “ot't
813 2010 987 2112 φθαρτοῖς
1005 2008 1162 2113 ἀργυρίῳ
1181 2004 1203 2106 ἢ
1224 2005 1363 2112 χρυσίῳ
1378 2003 1493 2134 ῳ881ξει
1503 2003 1519 2052 i.

168 2138 190 2174 ‘⁶
208 2127 442 2228 ἐλυτρώθητε,
470 2128 575 2234 τιμίῳ
602 2127 640 2207 δὲ
670 2135 815 2224 μᾶλλον
843 2129 965 2226 αἵματι
995 2133 1043 2214 ὡς
1070 2131 1184 2227 ἀμνοῦ
1212 2129 1364 2228 ἀμώμου

115 2279 153 2340 15
169 2260 189 2296 “
209 2254 267 2328 καὶ
289 2253 449 2331 ἀσπίλου
468 2253 662 2353 Χριστοῦ,”
689 2259 763 2336 τοῖς
787 2254 896 2332 αύτοῦ
921 2259 1065 2351 μᾶλλον
1085 2252 1364 2350 ύποταττώμεθα

169 2373 303 2472 νόμοις.

177 2642 256 2730 Περὶ
284 2642 318 2707 δὲ
347 2643 412 2708 τῶν
440 2641 668 2708 εἰδωλοθύτων
696 2637 831 2719 οἴδαμεν
859 2646 908 2709 ὅτι
936 2644 1056 2708 πάντες
1084 2643 1200 2717 τνῶσιν
1227 2645 1353 2730 ἔχομεν.
1377 2647 1453 2724 Κεφ.
1470 2643 1506 2723 η’.

223 2832 370 2931 Ἐπειδὴ
390 2838 423 2912 οἱ
441 2833 565 2914 πιστοὶ
590 2839 662 2911 τῶν
687 2834 723 2910 ἐν
743 2832 907 2939 Κορίνθῳ
932 2829 1028 2932 ἦσαν
1053 2831 1283 2929 πεπεισμένοι
1310 2831 1364 2912 ότι

169 2955 263 3041 Θεὸς
290 2955 380 3035 κατά
406 2956 519 3062 φύσιν
537 2954 584 3039 εἷς
613 2959 670 3035 καὶ
697 2954 815 3054 μόνος,
834 2958 892 3035 καὶ
918 2953 972 3037 ότι
996 2953 1042 3035 τά
1069 2955 1199 3035 εἴδωλα
1220 2957 1261 3036 οῦ
1280 2958 1389 3054 θεοῖ,Ι

116 3119 155 3157 20
169 3085 226 3160 καὶ
245 3075 448 3184 κατεγέλων
462 3085 534 3159 τῶν
553 3078 710 3160 θυόντων
729 3082 848 3164 αύτοῖς
867 3081 1032 3182 λέγοντες
1049 3078 1150 3160 ούδέν
1165 3079 1260 3164 ύλως
1277 3077 1365 3160 εῖναι

169 3204 210 3286 τδ
231 3204 420 3308 ἱερόθυτον,
440 3205 497 3282 καὶ
516 3202 645 3302 ἤσθιον
663 3206 871 3305 ἀδιακρίτως
890 3214 1002 3282 ταῦτα
1027 3202 1151 3283 οὐδένα
1168 3203 1365 3303 μολυσμὸν

169 3332 208 3409 ἐκ
233 3331 360 3408 τούτου
384 3324 614 3430 λογιζόμενοι·
651 3326 908 3428 ε’σκανδάλιζον
927 3327 964 3406 δὲ
987 3326 1070 3410 τούς
1096 3330 1257 3410 ἀσθενεῖς
1283 3325 1366 3412 τούς

170 3453 374 3556 νομίζοντας
403 3451 452 3550 μὴ
480 3447 718 3554 προσκρούειν
737 3455 821 3556 Θεῷ
847 3457 876 3529 εἱ
897 3448 961 3533 τάς
986 3455 1059 3529 τῶν
1078 3450 1236 3529 εἰδώλων
1257 3449 1361 3550 τιμή-

169 3611 273 3655 σειαν
302 3575 436 3677 ἑορτάς·
481 3573 608 3653 τούτου
640 3571 745 3678 χάριν
779 3570 970 3654 ἀνακόπτει
997 3571 1128 3655 ταύτας
1157 3574 1176 3650 ὃ
1206 3579 1364 3671 Παῦλος,

115 3730 154 3790 25
168 3698 411 3805 μονοτρόπους
438 3696 524 3778 εἶναι
553 3696 670 3778 θέλων
696 3696 779 3781 τοῦς
806 3695 958 3781 πιστούς
986 3694 1085 3802 μόνῳ
1119 3701 1170 3803 τῷ
1200 3697 1365 3803 παναγίῳ

170 3823 407 3928 λατρεύοντας
426 3828 521 3930 Θεῷ.

205 4009 232 4064 8.
249 4007 427 4078 παρατήρησιν
437 4005 560 4062 emendat
572 4005 666 4078 Migne
678 4024 693 4061 ο
705 4003 776 4058 notis
790 4003 863 4058 Maii.
877 4002 1028 4073 ε’πιτὴρησιν
1040 4003 1091 4058 Ed.
1226 4021 1266 4069 ¹⁴·
1285 4002 1366 4071 ἀμνοῦ

169 4096 225 4134 om.
240 4078 356 4165 Cramqr.
370 4077 416 4134 sed
429 4078 510 4133 habet
523 4079 556 4132 A.
616 4145 629 4168 Π
713 4074 753 4166 τύ.
774 4073 829 4128 Hic
840 4073 914 4164 audit
926 4076 995 4164 φησὶ
1006 4075 1066 4131 τοὺς
1078 4071 1205 4164 ἀγγέλους
1217 4072 1291 4128 θεούς
1302 4075 1366 4161 xgr&

168 4149 515 4290 ἔίίύιέἶύδίῖεύδύ
522 4146 1010 4288 ,δύρεὲἰίὲῦῖἒιῗύίῗύῖἱίῗῗέῗ
1022 4142 1364 4284 ἴθ’ἓῗδὲἀθέἕῖίίζῖῗ

171 4289 225 4345 Sed
245 4289 347 4344 codices
368 4289 454 4344 nostri
472 4289 645 4359 praemittunt
666 4287 694 4341 έν
712 4286 779 4357 ἀρχῇ
798 4287 845 4339 τοῦ
865 4285 954 4340 ένάτου
973 4287 1054 4354 λόγου
1072 4288 1124 4336 τῶν
1143 4283 1205 4336 κατὰ
1226 4282 1364 4338 ῖονλιονοῦ.

173 4373 215 4430 17.
234 4360 343 4431 Sepoem
360 4377 428 4432 quae
449 4367 598 4430 sequuntur
617 4357 716 4414 scholia
736 4357 815 4411 nobis
834 4354 1005 4426 suppeditant
1025 4353 1060 4407 H.
1099 4351 1128 4406 S.
1148 4351 1238 4423 eyrttli
1259 4354 1364 4424 exposi-

170 4431 274 4486 tionum
287 4440 375 4486 tamen
388 4447 493 4486 summa
505 4429 633 4501 quaedam
647 4429 732 4500 magis
745 4445 802 4482 esse
815 4427 938 4481 videntur
949 4441 1031 4497 quam
1043 4422 1124 4478 verba
1136 4423 1201 4493 ipsa.

721 4685 816 4732 ΝΜ
