3284 5130
137 358 201 422 ui.
216 373 310 440 7-14·
356 359 413 424 ιιι
444 361 477 424 s.
500 360 757 426 ιολινκαιιι.
804 363 901 428 m.
925 363 1004 429 xn.
1050 367 1206 433 cAP.1.
1273 346 1333 432 ιω

191 529 321 594 εἵλκυσε
338 529 376 596 τύ
395 528 523 595 δίκτυον
542 527 589 596 εἷο
607 529 667 596 την
687 537 755 611 τείν,
773 532 891 608 μεστὸν
910 530 1028 621 ἰχθύων
1047 537 1198 612 μετάλων
1217 537 1364 609 ὲκατάνσ

191 655 507 743 τιεντηκοντατριῶν·
534 655 587 720 καί
605 657 770 723 τοσούτων
788 658 895 724 ὄντων
913 659 972 722 ούκ
991 659 1120 747 ἐσχίσθη
1139 660 1177 728 τό
1196 660 1332 726 δίκτυον·

191 781 277 853 λέτει
305 775 416 845 αὐτοῖο
442 779 604 848 ύἸησούο
634 781 732 847 Δεῦτε
761 783 967 870 άριστιίσατε.
1004 783 1112 850 οὐδεὶς
1142 783 1178 852 δὲ
1209 785 1333 862 ἐτόλμα
1352 807 1386 847 12

191 902 259 967 τῶν
285 905 441 978 μαθητῶν
459 905 611 973 ἐξετάσαι
637 907 735 975 αύτύν
754 906 799 972 Σύ
824 906 873 973 τίο
897 901 936 988 εἴ,
959 906 1083 974 είδότεο
1107 911 1158 976 ότι
1181 913 1198 977 ὁ
1220 909 1335 999 Κύριός

116 1027 119 1034 ’
192 1027 289 1093 ἐστιν.
324 1029 454 1118 ἔρχεται
471 1031 628 1098 ὁἸησούς
656 1032 708 1097 καί
735 1035 893 1112 λαμβάνει
915 1034 971 1103 τὸν
995 1036 1095 1124 άρτον
1121 1035 1173 1100 καί
1201 1035 1334 1103 δίδωσιν
1352 1068 1361 1106 ι
1370 1068 1387 1124 3

192 1150 313 1234 αὐτοῖο,
337 1154 391 1220 καί
411 1155 449 1224 τύ
473 1157 612 1245 ὀψάριον
631 1157 765 1233 ύμοίωο.
799 1163 894 1224 τούτο
917 1158 980 1225 ιίδη
1003 1159 1112 1248 τρίτον
1135 1161 1332 1250 ἐφανερώθη
1350 1191 1386 1245 14

192 1279 353 1346 ὁἸησούι
372 1277 440 1346 τοῖο
458 1277 618 1352 μαθηταῖς
637 1283 735 1347 αύτού
751 1283 893 1372 ὲτερθείς
911 1285 948 1350 ἐκ
967 1285 1104 1373 νεκρῶν.
1348 1285 1371 1349 d

196 1451 454 1536 Ἑαιπὸνείναι
471 1454 583 1538 πάλιν
601 1457 752 1538 κάνθάδε
772 1463 865 1566 φησὶ
884 1458 948 1539 τὸν
966 1459 1204 1561 ἀγαπώμενον
1220 1465 1337 1557 μαθη-

141 1576 208 1676 τὴν
230 1579 250 1656 ὁ
271 1579 350 1659 τάδε
379 1584 520 1665 συνθεὶς
538 1579 580 1659 τὸ
598 1582 755 1675 βιβλίον.
787 1583 962 1684 ἠγαπᾶτο
977 1582 1014 1662 δέ
1037 1584 1131 1681 λίαν,
1151 1580 1208 1662 διὰ
1235 1584 1338 1662 πλεί-

86 1738 129 1781 το
142 1735 236 1801 στην
253 1705 300 1785 ῶς
325 1701 436 1789 εὀικὸς
457 1706 643 1808 ἀγχίνοιαν
661 1709 719 1785 καὶ
737 1715 799 1786 νοῦ
818 1705 1042 1810 καθαρότητα
1062 1710 1119 1786 καί
1136 1708 1338 1811 ὀφθαλμῶν

143 1826 288 1926 καρδίας
310 1826 477 1934 ὀξύτητα,
495 1831 697 1928 ἐπιτηδείως
715 1862 753 1908 τε
772 1830 864 1934 ἔχειν
883 1830 921 1909 εὖ
937 1827 1039 1928 μάλα
1058 1828 1150 1933 πρὸς
1167 1828 1209 1908 τύ
1227 1829 1334 1909 δύνα-

142 1952 235 2029 σθαί
253 1983 288 2028 τι
306 1952 463 2031 συνιέναι
486 1959 639 2054 γοργῶς.
679 1957 738 2033 καί
757 1961 844 2055 γοῦν
862 1952 1103 2056 προαρπάσαι·
1121 1960 1193 2032 τῶν
1212 1954 1338 2033 ἀλλων

143 2071 311 2152 ἁπάντων
328 2082 393 2154 τού
410 2076 560 2172 σημείου
581 2074 647 2175 τὴν
665 2075 849 2176 αἴσθησιν,
869 2076 961 2178 ἔγνω
978 2076 1140 2178 παρόντα
1159 2077 1336 2180 Χριστὸν,

143 2199 202 2275 καὶ
229 2203 303 2281 τοῖς
330 2198 458 2300 ἕτεροις
487 2199 750 2299 διαμεμήνυκεν,
774 2198 875 2280 ούδέν
897 2197 1084 2283 ἐνδοιάσας
1111 2199 1220 2298 ὅλως,
1246 2203 1336 2280 ἀνα-

89 2345 130 2405 15
145 2316 319 2422 φωνήσας
347 2320 384 2400 δέ
411 2327 557 2418 μᾶλλον
587 2324 644 2401 καὶ
675 2321 823 2430 σφόδρα
854 2319 1118 2426 τεθαρρηκότως
1147 2321 1192 2403 ‘O
1228 2323 1338 2430 Κύριός

144 2444 226 2524 ε’στι.
266 2447 324 2525 καὶ
342 2444 605 2552 προεξάλλεται
627 2444 691 2541 μέν
711 2447 731 2524 ά
750 2444 941 2530 θεσπέσιος
961 2444 1097 2549 Πέτρος
1116 2444 1368 2548 βροδιπέρανσ

143 2565 296 2649 ἔσεσθαί
316 2603 394 2652 πως
412 2570 470 2649 καί
495 2568 560 2668 τὴν
579 2566 637 2649 διά
656 2567 820 2676 σκάφους
844 2569 1016 2669 ἐννοήσας
1035 2568 1173 2675 ἄφιξιν·
1210 2567 1339 2671 θερμὸς

144 2687 216 2791 γάρ
244 2696 293 2775 είς
319 2693 518 2793 προθυμίας
545 2695 609 2788 ἀεὶ,
629 2695 686 2772 καὶ
709 2693 929 2791 κεκινημένος
953 2690 1044 2795 πρὸς
1071 2693 1261 2788 εὐτολμίαν
1281 2695 1340 2772 καὶ
1363 2733 1365 2738 “

144 2809 289 2914 ἀγάπην
306 2810 371 2914 τὴν
388 2815 446 2896 ἐπὶ
464 2820 627 2924 Χριστῷ·
667 2816 811 2896 ἕπονται
830 2815 867 2896 δέ
886 2820 944 2895 καὶ
962 2820 994 2895 οἱ
1014 2821 1133 2895 λοιποὶ
1152 2819 1204 2923 τῷ
1222 2817 1337 2918 πρού-

89 2972 131 3014 20
144 2969 245 3042 χοντι
273 2939 362 3033 ὁμού
387 2941 439 3047 τῷ
468 2939 586 3048 πλοίῳ
613 2942 649 3019 τύ
684 2937 811 3021 δίκτυον
842 2940 1000 3041 ἄγοντες.
1039 2935 1114 3018 εἶτα
1141 2944 1340 3041 θεωροῦσιν

144 3057 322 3171 ἀνθρακιδν
350 3061 502 3169 κειμένην,
520 3059 732 3169 παραδόξως
762 3067 820 3142 καὶ
843 3061 961 3165 πυράν
978 3062 1249 3146 ἀνακαύσαντος
1276 3070 1340 3141 τού

145 3189 311 3285 Χριστοῦ
329 3187 387 3266 καὶ
414 3181 564 3296 ύφάριον
581 3186 739 3274 ε’νθέντος
763 3192 809 3290 τῇ
832 3185 974 3295 ἀῤῥήτιρ
1001 3185 1144 3284 δυνάμει
1174 3183 1341 3284 δηλονότι

145 3307 408 3411 τεθηρευμένον,
426 3315 653 3408 οἰκονομικῶς
670 3344 708 3390 τε
727 3312 785 3388 καὶ
804 3319 920 3391 τούτο.
950 3311 992 3391 σύ
1010 3309 1081 3413 γάρ
1097 3309 1119 3408 ἡ
1138 3316 1210 3390 τῶν
1229 3310 1342 3411 ἁγίων

145 3431 364 3512 ἀποστόλων
383 3431 532 3539 ,ἤρξατο
564 3436 650 3537 χείρ,
679 3432 758 3531 ἤτοι
791 3431 833 3513 τύ
865 3431 1029 3535 κήρυγμα
1058 3436 1122 3532 τῆς
1154 3431 1210 3540 ἐφ’
1241 3434 1342 3532 ἡμῶν
1447 3483 1451 3494 ·

90 3597 130 3658 ²5
146 3551 333 3654 νοουμένης
360 3554 475 3659 άγρας
501 3559 748 3654 πνευματικῆς,
776 3557 903 3655 ἀλλ’ἢ
932 3563 996 3634 τοῦ
1024 3560 1192 3659 Σωτῆρος
1219 3556 1338 3660 ἰσχύς.

144 3676 365 3778 ε’σαγήνευσε
403 3677 474 3781 γάρ
510 3685 662 3782 πρῶτος,
692 3682 740 3762 ὡς
776 3682 813 3758 έν
846 3681 991 3784 ἀπαρχῇ
1029 3685 1101 3759 τῶν
1130 3675 1341 3777 μελλόντων

144 3801 221 3894 ἕνα,
243 3806 301 3880 καὶ
328 3803 407 3906 ούχὶ
426 3802 469 3901 δὴ
497 3803 640 3886 πάντως
667 3804 728 3881 ἕνα
756 3802 884 3905 φαμέν,
905 3801 961 3882 διά
990 3800 1027 3882 δέ
1052 3811 1116 3882 τοῦ
1135 3800 1212 3886 ένδς
1229 3799 1271 3881 τύ
1290 3800 1505 3902 μὴιιιιτΑ,

145 3923 293 4027 σφόδρα
311 3923 473 4010 πολλούς
495 3926 719 4024 σημαίνεται·
752 3921 827 4004 εἶτα
846 3924 936 4024 μετὰ
954 3932 1060 4004 τοῦτο
1078 3924 1342 4027 σαγηνεύουσιν

145 4051 179 4126 οί
206 4051 362 4146 μαθηταὶ
390 4047 432 4128 τύ
459 4052 611 4148 πλῆθος,
634 4055 709 4132 τοῖς
738 4048 847 4127 αύτού
876 4047 989 4128 πάλιν
1020 4046 1342 4150 θεοπρεπεστάτοις

89 4213 131 4269 30
145 4171 297 4268 νεύμασι
325 4175 383 4252 καί
402 4178 451 4256 είς
469 4171 511 4252 τὸ
530 4172 709 4252 δύνασθαί
728 4205 764 4250 τι
783 4176 911 4263 λαβεῖν
934 4177 1007 4250 τῶν
1024 4169 1242 4274 ζητουμένων
1262 4204 1339 4249 νευ-
1403 4166 1407 4172 ’

143 4294 321 4396 ρούμενοι.
361 4292 501 4375 ἀνέλκει
519 4292 633 4397 γεμὴν
650 4293 717 4394 τὴν
736 4295 901 4397 σαγήνην
919 4303 934 4376 ὁ
956 4291 1084 4398 Πέτρος,
1103 4295 1145 4372 δι’
1167 4292 1209 4372 ού
1227 4292 1341 4374 πόλιν

184 4533 208 4572 1.
225 4517 346 4586 μεγάλων
357 4533 411 4570 om.
424 4515 457 4570 E.
636 4516 676 4572 ιδ.
694 4516 837 4587 προθυμίας
850 4516 882 4570 Ε.
894 4512 1038 4584 προθυμίαν
1051 4511 1102 4567 Εό.
1157 4513 1198 4568 καί
1211 4512 1342 4583 κινημένοο

145 4585 353 4655 (εκειιινημίνοι
364 4587 420 4640 uine
433 4587 473 4640 καί
486 4585 664 4658 praecedenti)
677 4587 709 4641 Ε.
890 4603 930 4656 19.
949 4583 995 4652 την
1006 4599 1059 4638 om.
1073 4583 1106 4638 E.

190 4686 261 4738 vol..
278 4687 330 4732 111.
755 4686 776 4729 Y
