3284 5130
133 353 321 416 xx.10,11.
406 335 464 400 IN
494 335 527 400 S.
552 335 811 402 JOANNEM.
857 336 954 402 LIB.
977 335 1058 402 XII.
1269 339 1330 402 111

131 501 253 600 ἀληθῆ
272 498 336 581 τὸν
353 502 437 606 παρ’
457 503 566 582 αὑτοῦ
585 501 778 610 φαίνεσθαι
802 501 926 604 λόγον,
946 501 988 582 ὃν
1005 501 1076 610 ἐφη
1103 505 1184 605 περὶ
1214 503 1331 583 αὑτῶν

130 624 224 727 πρὸς
253 624 318 705 τὸν
341 627 381 706 ἐν
403 634 477 711 τοῖς
504 628 665 731 οὐρανοῖς
685 625 833 726 Πατέροι
866 637 887 674 “
904 624 1026 730 Πάτερ
1055 624 1143 730 ἀγιε,
1170 624 1331 732 τήρησον
1377 623 1489 750 {Qu

132 759 154 796 “
173 747 313 846 αύτούς,
329 753 456 856 φησὶν,
469 753 508 831 ἐν
526 756 578 859 τῷ
597 750 750 849 ὀνόματί
764 784 835 830 σου
853 747 883 859 ᾧ
903 747 1055 834 δέδωκάς
1072 785 1145 851 μοι,
1162 749 1223 830 ἵνα
1240 746 1332 829 ὦσιν
1380 769 1418 806 ¹²·

131 881 154 916 “
173 869 213 950 ἓν
241 873 358 957 καθὼς
388 875 487 974 ἡμεῖς
518 875 567 958 ἐν.
607 873 666 954 ὅτε
694 873 789 975 ήμην
821 872 895 970 μετ’
926 875 1053 972 αὑτοῖν,
1082 872 1154 977 ἐγὼ
1185 872 1332 976 ἐτήρουν

97 1004 155 1084 5“
173 995 304 1080 αύτούς
325 999 362 1076 ἐν
386 1003 438 1106 τῷ
464 997 616 1097 ὀνόματί
640 1031 712 1078 σου
738 996 768 1106 ᾧ
796 995 951 1083 δέδωκάς
977 1032 1049 1097 μοι,
1078 1003 1136 1079 καὶ
1164 999 1333 1106 ἐφύλαξα

132 1129 156 1168 “
174 1119 313 1219 αύτούς,
341 1123 399 1201 καὶ
427 1122 538 1205 οὐδεὶς
566 1121 611 1229 ἐξ
634 1121 752 1202 αὑτῶν
779 1121 956 1219 ἀπώλετο,
985 1128 1014 1202 εί
1041 1122 1092 1223 μή
1120 1124 1140 1202 ὁ
1169 1121 1242 1206 υἱὸς
1269 1127 1334 1221 τῆς

132 1251 156 1290 “
174 1246 389 1328 ἀπωλείας.”
438 1245 684 1352 ὑποφεύγουσι
715 1245 834 1325 τοίνυν
871 1250 905 1325 οἱ
940 1249 1107 1345 μαθηταὶ,
1139 1253 1367 1347 περιμεῖναιδ

132 1371 208 1447 δεῖν
226 1368 379 1467 οἰόμενοι
395 1368 461 1450 τὸν
478 1373 541 1469 τῆς
557 1370 762 1473 παῤῥησίας
780 1367 912 1469 καιρόν.
950 1368 1061 1473 ἔδρων
1080 1366 1117 1448 δέ
1134 1377 1241 1448 τοῦτο
1259 1376 1334 1454 τοῖς

131 1499 198 1570 τοὺ
236 1495 403 1594 Σωτῆρος
449 1491 741 1593 καταπειθόμενοι
783 1490 917 1595 λόγοις.
966 1500 989 1537 “
1003 1489 1225 1594 παρήγγειλε
1261 1489 1333 1596 γὰρ
1378 1498 1502 1630 ms}

83 1623 156 1699 1o“
175 1617 295 1699 αὐτοῖς
313 1614 385 1696 ἀπὸ
402 1617 668 1719 Ἱεροσολύμων
684 1617 735 1715 μή
754 1615 979 1720 χωρίζεσθαι,
998 1615 1091 1696 καθά
1114 1615 1331 1719 γέγραπται,
1380 1642 1403 1692 5-

134 1751 156 1789 “
174 1743 373 1844 περιμένειν
401 1743 438 1824 δέ
466 1743 532 1844 τὴν
562 1744 781 1846 ἐπαγγελίαν
812 1751 876 1823 τοῦ
906 1742 1064 1846 Πατρὸς,
1095 1742 1141 1843 ἣν
1172 1745 1335 1845 ἤκουσαν

134 1878 156 1913 “
175 1868 297 1964 αὑτοῦ,
309 1866 364 1948 ὅτι
376 1867 543 1969 Ἰωάννης
556 1867 621 1966 μέν
634 1867 830 1962 ἐβάπτισεν
842 1867 952 1964 ὕδατι,
967 1868 1067 1948 αύτοῖ
1080 1867 1118 1948 δέ
1129 1868 1335 1969 βαπτισθή-

134 2001 157 2038 “
176 2024 306 2070 σονται
323 1993 361 2071 ἐν
375 1992 558 2091 Πνεύματι
576 1992 691 2099 Ἀγίῳ
708 1992 751 2070 ού
762 1989 853 2091 μετὰ
866 1989 1010 2075 πολλὰς
1021 1992 1152 2077 ταύτας
1166 1984 1333 2095 ἡμερας·”

134 2113 156 2194 ὃ
185 2113 231 2214 δὴ
260 2118 319 2194 καὶ
342 2121 390 2199 εῖς
418 2114 527 2219 πέρας
550 2112 745 2213 ἐκβεβηκὸς
772 2111 970 2214 εὑρήσομεν
998 2114 1090 2195 κατά
1116 2113 1181 2201 τάς
1203 2117 1335 2220 ἡμέρας

86 2271 121 2334 ¹5
134 2241 200 2338 τῆς
232 2239 337 2339 ἁγίας
366 2242 623 2338 πεντηκοστῆς,
652 2236 709 2317 ὅτε
740 2249 761 2284 “
776 2232 957 2342 ὤφθησαν
984 2238 1103 2322 αὑτοῖς
1134 2238 1329 2343 διαμεριζύ·
1346 2279 1456 2330 0112.st
1470 2292 1493 2342 3.

134 2371 158 2408 “
175 2395 280 2458 μεναι
297 2368 471 2464 γλῶσσαι
494 2363 580 2441 ὡσεὶ
604 2362 726 2464 πυρὸς,
745 2363 804 2440 καὶ
832 2359 996 2441 ἐκάθισεν
1013 2359 1070 2468 ἐφ’
1090 2362 1152 2441 ἕνα
1179 2363 1335 2443 ἕκαστον

134 2497 158 2533 “
177 2486 330 2564 αύτῶν.”
364 2485 445 2566 τότε
472 2483 545 2589 γάρ
567 2485 650 2564 λίαν
672 2490 720 2568 είς
748 2483 890 2565 εύτονόν
917 2519 956 2564 τε
984 2487 1043 2564 καὶ
1070 2487 1336 2588 εὑτολμοτάτηυ

133 2608 485 2706 μετασκευασθέντες
516 2608 683 2703 διάνοιαν,
712 2610 770 2686 καὶ
801 2612 864 2706 τῆς
895 2609 1118 2709 ἀνθρωπίνης
1151 2611 1336 2694 ἀσθενείας

134 2736 185 2817 ὡς
210 2729 430 2836 ποῤῥωτάτω
458 2731 608 2831 κείμενοι
636 2738 713 2815 ταῖς
744 2737 817 2811 τῶν
842 2732 1022 2810 Ἰουδαίων
1049 2732 1190 2830 μανίαις
1218 2736 1334 2813 ἀνθω-

85 2853 318 2958 ιοπλίζοντο,
348 2857 407 2934 καὶ
438 2853 552 2958 λύγον
582 2855 707 2934 οὐδένα
743 2858 806 2953 τῆς
841 2855 925 2955 παρ’
964 2854 1105 2935 ἐκείνων
1141 2858 1336 2955 ἐπιβουλῆς

135 2984 320 3060 ποιεῖσθαι
350 2982 422 3059 δεῖν
447 2976 663 3080 ἐδοκίμαζον.
701 2981 734 3057 οἱ
764 2977 829 3076 μέν
858 2979 921 3057 οὖν
948 2977 1159 3084 σοφώτατοι
1181 2983 1336 3080 μαθηταὶ

136 3102 422 3203 κατεκρύπτουτο
451 3102 650 3208 χρησίμως,
682 3102 843 3203 καθάπερ
872 3099 964 3208 ἐφην
992 3102 1134 3204 ἀρτίως·
1179 3104 1201 3203 ἡ
1230 3104 1273 3183 δέ
1294 3139 1337 3207 γε

135 3224 377 3332 φιλύχριστος
396 3225 563 3327 Μαριὰμ,
582 3221 645 3305 ἀτε
663 3223 707 3324 δή
726 3227 784 3305 καὶ
809 3223 942 3310 παντὸς
968 3225 1138 3328 ἐλευθέρα
1164 3228 1371 3326 δείματος,ᾶ

135 3353 196 3430 καὶ
224 3349 290 3450 τήν
307 3357 381 3429 τῶν
397 3350 578 3430 Ἰουδαίων
600 3348 713 3453 ἀργήν
741 3350 805 3429 ούκ
832 3349 968 3453 ἔχουσα
995 3350 1079 3428 λίαν
1097 3352 1135 3430 ἐν
1154 3351 1337 3457 ὑποψίαις,

84 3515 122 3577 ²5
135 3473 368 3577 προσεδρεύει
395 3473 461 3573 μέν
493 3472 720 3576 ἰταμώτερον,
750 3470 792 3552 τὸ
825 3471 967 3557 δέταῖς
996 3473 1154 3573 θηλείαις
1182 3473 1240 3554 ἀεί
1261 3509 1338 3559 πως

134 3594 397 3705 προσπεφυκῖις
422 3596 586 3696 ὑπομένει
607 3597 732 3693 πύθος,
752 3595 934 3700 ἀνοιμύζει
955 3595 1026 3700 γάρ
1044 3594 1335 3699 ἀπληστύτερον,

136 3725 197 3801 καὶ
224 3719 427 3825 ἀκορέστως
456 3727 528 3800 τῶν
555 3721 653 3800 ἰδίων
680 3717 851 3820 ὀμμάτων
878 3720 1070 3815 ἀποθλίβει
1102 3721 1144 3801 τὸ
1173 3719 1338 3826 δάκρυου,

136 3845 205 3950 ούχ
223 3844 279 3924 ὅτι
296 3842 522 3944 τετελεύτηκε
539 3849 814 3945 καταθρηνοῦσα
832 3843 954 3942 μόνον,
974 3846 1059 3924 ἀλλ’
1079 3843 1134 3927 ὅτι
1153 3849 1211 3927 καὶ
1229 3880 1337 3945 μετα-

134 3972 320 4050 τεθεῖσθαι
337 3976 401 4049 τοὺ
418 3966 602 4068 μνήματος
621 3965 720 4078 ᾠήθη
739 3965 803 4049 τὸν
822 3969 968 4072 Κύρων.
