3280 5142
304 309 348 374 46
609 315 648 379 Β.
673 315 882 381 CYRILLI
912 317 1201 384 ALEXANDR.
1352 319 1440 384 xviii.
1455 320 1508 386 28.

277 481 355 560 σείς
380 477 493 559 τύπον
514 512 552 558 τε
578 481 637 560 καὶ
660 481 885 588 παραψυχὴν
905 483 1086 586 ῆμετέραν,
1105 482 1148 564 τῦ
1176 486 1230 566 ἑνί
1252 519 1323 565 που
1348 481 1459 588 τυχόν
1484 485 1507 583 ἦ

306 601 442 703 ὀλίγοις
469 608 542 682 τῶν
560 604 673 705 ἁγίων
693 607 937 706 συμβεβηκός.
977 609 1221 706 διδασκόμεθα
1247 609 1320 711 γάρ
1347 611 1508 689 ἐντεῦθεν

304 722 355 824 μῆ
383 733 460 809 ταῖς
488 729 621 806 ἑαυτῶν
646 729 846 815 ἀσθενείαις
873 733 1068 833 ἐνορῶντας
1096 733 1176 813 ἐσθ’
1198 731 1256 812 ότε
1282 737 1507 835 καταναρκᾶν

305 847 537 942 ἀβουλότατα
554 849 597 931 τὸ
616 853 795 933 δουλεύειν
812 859 864 961 τῷ
882 859 975 963 Θεῷ,
994 856 1199 938 πεποιθέναι
1225 856 1263 935 δέ
1286 863 1431 955 μᾶλλον
1449 859 1508 936 ἐπὶ

304 978 355 1080 τῷ
373 973 512 1058 πάντας
531 983 676 1077 νευροῦν
695 975 869 1080 ἰσχύοντι,
889 982 946 1057 καὶ
970 987 1044 1064 τοῖς
1070 979 1157 1084 ῦιτέρ
1180 983 1295 1087 φύσιν
1314 979 1504 1083 ἐναβρύνε·
1522 1003 1543 1064 5

303 1104 393 1178 σθαι
412 1097 667 1202 κατορθώμασι
686 1103 745 1181 καὶ
764 1103 848 1203 παρ’
867 1103 999 1183 ἐλπίδα
1016 1102 1245 1211 χαριζομένῳ.

251 1392 445 1466 ι8”Ατουσιν
472 1389 529 1459 οῦν
557 1393 614 1462 τὸν
637 1393 764 1460 Ἰιιοοῦν
792 1394 858 1461 ἀπὸ
890 1399 947 1460 τοῦ
977 1394 1109 1482 Καϊάφα
1141 1393 1188 1460 εἷς
1220 1397 1258 1461 τὸ
1289 1392 1505 1484 πραιτώριον·

353 1513 392 1584 ἀν
420 1519 456 1584 δὲ
483 1513 580 1607 πρωῦ
610 1519 663 1584 καί
689 1519 783 1585 αὐτοὶ
809 1519 868 1584 οὐκ
896 1516 1046 1586 εἰσῆλθον
1074 1518 1121 1585 εἰς
1147 1521 1186 1588 τὸ
1213 1520 1425 1610 πραιτώριον,
1449 1521 1505 1587 ἴνα

352 1647 396 1718 ua
423 1645 613 1726 μιανθῶσιν,
641 1646 710 1711 ἀλλ’
740 1647 793 1710 ἴνα
822 1647 952 1734 φάτωσι
979 1647 1018 1714 τὸ
1044 1649 1161 1734 πάσχα.

266 1720 288 1784 d

130 1829 241 1960 fflr
358 1823 481 1922 Κρῖμα
506 1819 640 1900 δίκαιον
663 1821 805 1921 κρίνετε,
824 1823 883 1900 καὶ
903 1831 925 1867 “
939 1824 1059 1929 ἀθῷον
1077 1826 1135 1900 καὶ
1159 1822 1293 1901 δίκαιον
1317 1822 1381 1899 οῦκ
1406 1823 1502 1900 ἀπο·
1522 1859 1564 1898 ιο

129 1962 248 2080 γίιῐόὶονι
301 1951 322 1988 “
335 1944 494 2040 κτενεῖς,”
507 1941 699 2047 διαῤῥήδην
718 1945 830 2029 οὕτως
849 1941 1132 2047 ἀνακεκραγότος
1150 1952 1214 2024 τοῦ
1233 1941 1343 2044 νόμον
1362 1946 1420 2023 καὶ
1439 1947 1505 2043 τῆς

141 2065 147 2078 ’
192 2065 198 2078 ’
300 2065 395 2151 θείας
422 2068 581 2166 ἐντολῆς,
605 2070 841 2171 ε’περυθριῶσι
867 2067 934 2166 μέν
955 2103 1032 2151 πως
1060 2074 1105 2172 τῇ
1133 2075 1206 2148 τῶν
1233 2073 1355 2148 αἰτιῶν
1376 2069 1505 2174 ἐρημίᾳ

300 2194 358 2270 καὶ
376 2193 443 2296 οῦχ
461 2189 600 2274 ἑκόντες
622 2195 654 2271 οἱ
679 2191 839 2271 δείλαιοι·
869 2191 1153 2299 ἀπροφάσιστον
1172 2191 1210 2273 δέ
1231 2191 1300 2292 ἤδη
1326 2189 1392 2290 τῆν
1411 2191 1504 2271 κατὰ

299 2321 466 2417 Χριστοῦ
490 2315 620 2415 μανίαν
644 2317 880 2418 εὑρίσκοντες,
897 2313 1097 2418 είργόμενοί
1118 2351 1157 2397 τε
1183 2321 1247 2416 τῆς
1275 2314 1503 2400 αύτοκτονίας

299 2438 359 2520 διά
385 2437 449 2520 τὸν
476 2441 693 2539 ἐπικείμενον
722 2438 914 2540 ἁγνισμόν·
956 2440 1111 2538 ἔμελλον
1138 2439 1211 2543 γὰρ
1242 2439 1310 2542 ἤδη
1343 2439 1438 2520 θύειν
1465 2441 1502 2522 τῦ
1521 2475 1561 2535 15

299 2564 447 2662 πάσχα,
461 2563 553 2644 κατὰ
569 2562 633 2644 τὸν
651 2561 751 2644 ούδέν
769 2565 853 2666 παρ’
868 2565 988 2648 αὐτοῖς
1006 2565 1181 2669 ἰσχύοντα
1199 2563 1319 2663 νόμον·
1350 2560 1503 2672 Πιλάτῳ

300 2691 552 2792 προσάγουσιν,
581 2692 620 2768 ἐκ
652 2691 796 2787 πολλῆς
829 2687 924 2790 ἀγαν
953 2691 1149 2773 ἀσυνεσίας
1178 2694 1253 2774 τοῖς
1284 2692 1348 2787 τῆς
1380 2689 1504 2768 ἀδίκου

300 2814 505 2916 μιαιφονίας
539 2811 768 2913 ἐγκλήμασιν
800 2814 864 2892 οῦκ
901 2810 945 2892 ἀν
978 2811 1073 2897 ὅλως
1106 2816 1317 2917 ἐνσχεθῆναι
1348 2810 1498 2892 πιστεύ-

301 2969 442 3033 σαντες,
461 2943 490 3016 εἱ
518 2933 719 3041 αῦτόχειρες
745 2934 811 3035 μὲν
833 2936 897 3014 οὐκ
926 2933 971 3015 ἀν
993 2932 1060 3015 εἶεν
1079 2937 1189 3032 αὐτοὶ,
1208 2936 1444 3038 προσοίσειαν
1462 2933 1501 3014 δὲ

301 3066 447 3158 μᾶλλον
472 3067 547 3144 ταῖς
575 3060 695 3161 ἐτέρου
723 3059 851 3164 χερσὶν
872 3060 982 3140 ἐκεῖνο
1006 3059 1230 3158 πεισόμενον,
1253 3059 1320 3139 κάν
1342 3067 1416 3142 τοῖς
1443 3059 1502 3138 διὰ
1517 3095 1560 3135 20

304 3183 492 3268 Μωυσέως
510 3180 632 3291 ἀπᾴδῃ
650 3182 771 3281 νόμοις
790 3182 878 3288 ὅπερ
896 3182 941 3285 ῆν
959 3186 1079 3268 αὐτοῖς
1103 3181 1195 3264 κατά
1217 3192 1314 3264 νοῦν.
1354 3183 1498 3285 γελοιό·

132 3332 410 3390 1033Δ.ιιτατον
443 3307 480 3388 δέ
514 3306 663 3414 σφόδρα
693 3311 833 3388 κάκεῖνο
870 3305 961 3410 πρὸς
993 3309 1108 3415 τούτῳ
1141 3307 1364 3413 πεπραχότες
1397 3307 1498 3386 ἁλῶ-

300 3465 441 3512 σονται.
477 3431 680 3515 εὐθύνοντες
699 3428 771 3534 γὰρ
790 3435 838 3516 ὡς
856 3434 914 3512 ἐπὶ
931 3439 1005 3516 τοῖς
1022 3429 1189 3537 ἐσχάτοις
1207 3431 1502 3534 κατεγνωσμένον

300 3555 364 3635 τὸν
388 3551 617 3658 ἡμαρτηκότα
644 3553 765 3654 μηδὲν,
791 3559 848 3635 καὶ
876 3554 942 3654 τῆν
967 3558 1059 3636 οὕτω
1088 3554 1384 3662 φρικωδεστάτην
1409 3554 1497 3634 ἀσέ-

299 3686 401 3775 βειαν
419 3683 483 3779 τῆς
505 3681 640 3758 ἑαυτῶν
659 3679 891 3783 καταχέοντες
916 3685 1093 3786 κεφαλῆς,
1115 3677 1178 3759 τὸν
1197 3689 1260 3760 τοῦ
1284 3681 1500 3783 πραιτωρίου
1516 3712 1557 3772 25

300 3803 498 3910 φεύγουσιν
520 3800 636 3898 ούδὸν,
655 3803 703 3885 ῶς
730 3800 904 3900 ἐσόμενον
929 3803 1046 3886 αύτοῖς
1075 3803 1263 3906 παραίτιον
1287 3811 1496 3901 μολυσμοῦ,

299 3930 358 4009 καὶ
377 3927 419 4008 τὸ
437 3926 613 4030 ἀνδράσιν
626 3926 883 4028 ἐπιμίσγεσθαι
901 3932 976 4011 τοῖς
993 3925 1161 4030 ἀνάγνοις
1180 3927 1231 4007 ἐτι
1245 3935 1499 4029 παραιτοῦνται

299 4051 357 4133 διὰ
385 4053 557 4151 σπουδῆς.
600 4049 723 4133 λίθους
751 4049 835 4152 γὰρ,
863 4046 970 4148 οἶμαι,
1000 4053 1058 4130 καὶ
1086 4052 1285 4155 ἀνθρώπων
1313 4056 1385 4130 τῶν
1414 4053 1499 4150 ὁμο-

298 4183 412 4280 γενῶν
444 4175 599 4276 σάματα
631 4173 891 4273 καταμολύνειν
922 4175 1100 4256 δύνασθαι
1135 4171 1397 4256 πεπιστεύκασι
1432 4171 1499 4274 τῆν

299 4300 490 4403 ἀνθρώπου
514 4297 652 4407 ψυχήν·
682 4298 725 4379 τὸ
749 4295 787 4379 δέ
814 4297 858 4398 δὴ
885 4297 1031 4380 πάντων
1054 4299 1248 4404 αἴσχιστον
1272 4304 1344 4377 τῶν
1363 4303 1495 4397 κακῶν,
1513 4331 1555 4388 30

403 4573 429 4628 5.
448 4553 498 4630 τῷ]
512 4558 557 4612 τὸν
569 4555 601 4612 E.
758 4557 784 4610 6.
803 4559 972 4628 χαριζόμενον
985 4559 1017 4614 Ε.
1183 4574 1224 4628 13.
1244 4555 1349 4626 δῆλαιοι
1360 4555 1392 4610 Ε.
