3278 5130
310 318 375 383 392
492 316 530 380 Β.
555 316 742 382 CYRILLI
764 315 1027 383 ALEXANDR.
1053 319 1335 386 FRAGMENTA
1407 323 1440 388 ii.
1465 343 1518 404 14.

151 425 298 496 [ιιιιό]
1625 425 1626 436 ’

261 719 296 774 ¹4
341 687 439 755 Ἐπεί
466 687 522 756 οὖν
550 690 590 757 τά
618 691 731 758 παιδία
760 690 998 758 κεκοινώνηκεν
1026 691 1165 768 αἵματος
1193 694 1246 758 καί
1273 693 1394 782 οαρκὰο
1421 695 1480 758 καί

722 817 821 883 αὐτὸς
848 815 1097 906 παραπλησίως.

345 1033 429 1090 ΙΑλλά
447 1036 487 1090 ναί
514 1037 594 1107 φασί,
609 1038 757 1092 τετελείωκεν
776 1040 821 1094 τδν
838 1039 973 1109 άνθρωπον
991 1040 1033 1093 διδ
1052 1038 1209 1108 παθημάτων
1224 1041 1239 1092 6
1254 1041 1346 1110 Λόγος·
1365 1040 1443 1096 αὐτός
1460 1041 1519 1112 γάρ

309 1105 386 1246 έφστιν,
395 1109 409 1160 6
422 1106 454 1161 δι’
467 1076 498 1162 οὐ
514 1109 547 1162 τά
562 1110 653 1174 πάντα,
666 1111 709 1164 καί
722 1109 817 1180 πρέποι
835 1111 866 1166 όν
881 1113 984 1180 μάλλον
1001 1109 1040 1164 ἐπ’
1054 1111 1132 1164 αὐτοῦ
1149 1109 1264 1165 νοεῖσθαι
1280 1111 1325 1164 τὰς
1343 1115 1389 1164 τοῦ
1400 1111 1518 1166 Παῦλον

335 1198 409 1232 ωνας.

343 1247 375 1300 Τί
393 1247 444 1311 δαί,
463 1247 520 1302 είπέ
536 1269 588 1316 μοι,
606 1252 637 1304 τό
656 1249 695 1303 Δι’
707 1249 739 1303 οὐ
756 1253 792 1322 τῷ
812 1249 890 1321 πατρί
907 1249 1098 1319 προσνέμοντες
1115 1248 1286 1318 α’δικήσομενς
1313 1251 1394 1304 καίτοι
1411 1273 1516 1322 γεγρα-

308 1318 392 1387 φότος
403 1317 510 1374 Παῦλον
529 1322 652 1376 “πιστδς
667 1321 768 1383 ἁθεδς,
783 1319 814 1374 δι’
827 1319 857 1374 οὐ
874 1319 998 1389 ἐκλήθητε
1014 1321 1050 1377 είς
1066 1321 1196 1375 κοινωνίαν
1207 1323 1254 1374 τοῦ
1265 1321 1327 1374 Υίοῦ
1343 1321 1449 1374 αὐτοῦ·“’
1470 1326 1517 1376 καὶ

307 1387 387 1442 πάλιν
406 1389 483 1458 “άρα
503 1390 588 1444 οὐκέτι
609 1387 635 1445 εί
650 1391 752 1456 δοῦλος,
770 1391 839 1445 ἀλλά
857 1392 919 1446 υίός·
950 1391 973 1444 εί
993 1391 1021 1444 δέ
1040 1391 1094 1446 υίὸς
1114 1391 1155 1445 καί
1174 1393 1333 1460 κληρονόμος
1353 1392 1395 1444 διὰ
1413 1393 1515 1446 θεοῦ.”

308 1457 349 1510 ότι
368 1459 395 1512 δέ
414 1461 455 1513 καί
473 1459 549 1517 αὐτὸς
565 1463 580 1514 6
595 1462 767 1531 μυοτπγυγδς
785 1459 824 1515 ε’π’
842 1461 921 1514 αὐτοῦ
939 1461 1036 1515 τέθεικε
1054 1464 1100 1514 τοῦ
1119 1463 1223 1530 Πατρδς
1242 1463 1274 1515 τό
1295 1458 1439 1530 “Ἐπρεπε
1456 1465 1516 1534 γὰρ

309 1528 378 1600 αὐτῷ
390 1527 422 1582 δι’
436 1528 466 1584 δν
477 1531 509 1584 τά
520 1532 612 1594 πάντα,
625 1531 666 1585 καί
680 1529 711 1585 δι’
725 1530 756 1584 οὐ
768 1532 799 1584 τά
810 1529 917 1595 πάντα,”
930 1532 971 1586 καί
983 1532 1015 1586 τά
1027 1531 1128 1587 τοῦτοις
1139 1531 1243 1601 ε’φεξής,
1255 1531 1285 1599 ἐξ
1297 1531 1374 1599 αὐτής
1384 1532 1517 1599 είσόμεθα

308 1601 353 1666 τῆς
370 1603 421 1654 νῦν
438 1600 621 1671 γεγραμμένων
631 1601 793 1658 α’κολουθίας·
813 1603 864 1671 ἔφη
877 1603 911 1670 γά
947 1602 994 1655 άιδί
1006 1607 1024 1631 “
1033 1602 1083 1655 Τδν
1099 1602 1127 1654 δέ
1144 1603 1197 1670 βρα
1224 1599 1231 1618 ‘
1249 1623 1275 1654 τι
1292 1601 1352 1671 παρ’
1364 1599 1517 1694 Ἀγγελους

308 1665 487 1738 ἠλαττωμένον
497 1670 630 1740 βλέπομεν
641 1670 753 1739 Ἰησοῦν,
766 1672 808 1726 διὰ
820 1673 850 1725 τδ
863 1673 899 1725 π’
932 1693 968 1740 μα
984 1675 1030 1726 τοῦ
1046 1672 1156 1726 θανάτου
1221 1695 1237 1739 η
1255 1673 1297 1725 καί
1313 1675 1373 1740 τιμή
1392 1676 1515 1742 κατεφα-

308 1740 428 1806 ναμένον,
441 1739 510 1796 ὅπως
521 1742 608 1811 χάριτι
620 1744 689 1795 θεοῦ
701 1741 765 1811 ῦπέρ
777 1743 872 1798 παντὸς
883 1741 1008 1813 γεύσηται
1020 1741 1155 1796 θανάτου·”
1174 1737 1229 1796 είτα
1243 1743 1309 1796 θεόν
1321 1742 1451 1809 ὀνομάσας
1462 1746 1517 1798 τδν

309 1809 477 1879 Πατέρα,καὶ
492 1810 538 1878 τήν
549 1811 627 1865 αὐτοῦ
642 1809 742 1881 μνήμην
756 1812 943 1880 είσκεκομικὰς,
954 1813 1116 1883 προσεπάγει
1132 1812 1212 1866 πάλιν
1223 1817 1242 1842 “
1251 1813 1347 1882 ἔπρεπε
1362 1813 1413 1883 γάρ
1429 1814 1516 1868 αὐτὸν

307 1877 341 1932 δι’
354 1878 384 1934 δν
395 1881 428 1933 τὰ
439 1881 522 1934 πάντα
535 1881 576 1935 καί
593 1879 626 1935 δι’
639 1880 669 1935 οῦ
682 1883 713 1935 τὸ
725 1879 833 1936 mim?
859 1881 967 1936 Lacuna
984 1899 1031 1952 per
1049 1899 1170 1936 rasuram
1188 1882 1238 1936 cod
1241 1921 1336 1937 .....
1352 1887 1372 1912 “
1380 1883 1410 1952 ἐξ
1427 1883 1514 1939 αὐτοῦ

308 1949 359 2036 γάρ
372 1951 412 2003 καί
426 1946 459 2004 δι’
471 1951 549 2004 αὐτοῦ
561 1953 603 2005 καί
614 1951 651 2008 είς
662 1953 739 2006 αὐτόν
750 1953 782 2006 τδ
793 1949 892 2007 πάντα”
904 1953 967 2006 κατά
978 1953 1008 2007 τδ
1020 1952 1205 2024 γεγραμμένον.

352 2017 419 2073 ἁλλ’
431 2018 496 2077 ’ίσως
514 2022 593 2075 έκεῖνο
611 2024 689 2092 φαῖεν
705 2023 736 2076 ἁν
748 2023 786 2075 Οὐ
804 2024 854 2092 γάρ
873 2023 932 2078 έστι
943 2024 1009 2079 θεδς
1025 2024 1128 2086 ἁΥίός;
1147 2028 1202 2079 πάις
1219 2020 1265 2076 οὐν
1280 2023 1326 2076 τόν
1337 2021 1440 2092 Πατέρα
1452 2023 1514 2095 φῂς

308 2091 479 2158 σημαίνεσθαι
490 2095 577 2161 μόνον,
591 2092 633 2146 διά
644 2113 675 2163 γε
686 2095 733 2147 τοῦ
746 2094 813 2146 θεὸν
824 2093 874 2146 ὐνο
901 2094 908 2112 ’
930 2093 981 2160 θαι,
992 2093 1063 2163 παρά
1074 2115 1105 2164 γε
1117 2096 1163 2148 τοῦ
1174 2113 1225 2161 μακ
1260 2093 1299 2146 ίου
1310 2091 1433 2156 Παῦλους

344 2160 394 2213 Καὶ
405 2163 471 2230 πρός
481 2184 512 2232 γε
524 2165 601 2215 τοῦτο
612 2163 720 2233 ε’ροῦμεν
730 2164 812 2218 τοσδν
823 2114 984 2287 δήνζὰῖσῦεή
998 2164 1078 2226 τουτί,
1091 2164 1132 2216 καὶ
1148 2163 1219 2233 μάλα
1225 2114 1319 2232 αθρθῶς
1332 2163 1368 2215 Οὐ
1384 2165 1435 2234 γάρ
1447 2163 1512 2218 έστι

308 2231 374 2286 θεδς
386 2234 400 2284 6
413 2231 519 2302 Πατήρ;
538 2229 601 2294 εἶτα,
613 2238 668 2289 πιῦς
685 2232 737 2287 άνοι
755 2233 834 2289 τιθεῖς
894 2234 959 2289 θεὸς
978 2232 1057 2301 ὄνομα
1073 2233 1156 2301 πάντη
1167 2255 1196 2286 τε
1213 2235 1254 2286 καὶ
1270 2234 1371 2290 πάντας
1386 2237 1422 2306 τῷ
1434 2237 1489 2324 Υίηῖ
1500 2257 1510 2298 ς

307 2299 367 2354 ἀλλ’
380 2301 421 2355 ἁτι
432 2303 479 2370 μέν
490 2305 520 2357 τό
533 2301 573 2356 Δι’
586 2301 617 2357 οὐ
633 2304 727 2373 πρέποι
744 2303 776 2358 δν
787 2304 847 2374 οὐχί
862 2305 932 2375 μόνῳ
948 2307 984 2375 τῷ
996 2305 1057 2376 rufi,
1070 2303 1180 2357 τέθειται
1192 2304 1220 2356 δέ
1236 2303 1387 2359 πλειστάκις
1405 2305 1447 2356 καί
1464 2303 1510 2358 ενι·Ι

307 2371 387 2426 αὐτοῦ
407 2375 454 2426 τοῦ
474 2375 578 2442 Πατρός
598 2373 771 2444 άποχράιντοις
791 2372 850 2442 ήμῖν
870 2373 1055 2434 ἁποδέδεικται·
1080 2373 1150 2436 πλήν
1170 2374 1250 2426 έκεῖνό
1271 2375 1366 2441 φαμεν·
1389 2373 1449 2430 έθος
1467 2379 1510 2447 τῷ

307 2442 423 2514 μακαρίῳ
434 2442 532 2514 Παῦλφ
551 2441 773 2513 διομνημονεύοντι
790 2447 837 2498 τοῦ
848 2445 918 2512 Υίοῦ,
931 2465 961 2512 τη
981 2447 1028 2498 τοῦ
1041 2446 1108 2497 θεοῦ
1126 2441 1217 2512 κλήσει
1234 2445 1280 2496 τὸν
1290 2443 1395 2512 Πατέρα
1408 2443 1511 2512 δηλοῦν

307 2511 351 2565 ὅτε
370 2517 455 2583 σιωπᾷ
474 2516 504 2567 τό
517 2513 616 2582 Πατήρ.
641 2513 794 2568 ἐπιστέλλει
811 2517 874 2584 γοῦν
887 2514 1038 2584 Κορινθίοις,
1051 2511 1194 2583 Ἐφεσίοις,
1208 2516 1393 2567 Χολοασαεῦσι
1406 2520 1424 2544 “
1433 2519 1509 2568 Παῦ-

307 2583 356 2638 λος
367 2580 531 2640 ’Λπόστολος
542 2581 630 2652 Ἰησοῦ
642 2589 767 2653 Χριστοῦ,
781 2584 823 2638 διδ
839 2583 983 2653 θελήματος
995 2581 1086 2638 θεοῦ·”
1105 2584 1146 2636 καί
1161 2584 1212 2653 μήν
1224 2584 1265 2637 καί
1277 2585 1403 2639 Γαλάταις
1415 2583 1510 2639 “Ὀτε

308 2652 448 2720 εὐδόκησεν
459 2657 474 2708 6
487 2656 552 2711 θεδς
563 2657 578 2706 6
590 2651 721 2724 ἀφορίσας
732 2677 764 2724 με
776 2655 805 2708 ε’κ
816 2655 915 2710 κοιλίας
930 2657 1026 2724 μητρός
1041 2676 1101 2722 μου,
1113 2653 1282 2724 ἁποκαλύφαι
1298 2656 1344 2707 τὸν
1354 2655 1415 2708 Υίὰν
1426 2655 1510 2710 αὐτοῦ

308 2722 337 2811 ε’νγ
348 2721 467 2811 ε’μοίηίνα
478 2725 680 2796 εὐαγγελίζωμαι
693 2727 770 2780 αὐτὸν
782 2725 809 2780 έν
820 2728 874 2782 τοῖς
886 2725 996 2789 ἔθνεσιν,
1007 2723 1100 2779 εὐθέος
1116 2723 1148 2778 οὐ
1163 2722 1359 2794 προσανεθέμην
1370 2725 1449 2794 σαρκὶ
1464 2728 1509 2780 καί

308 2815 335 2847 αι
371 2815 405 2847 τι.

334 2815 403 2918 ξιὐτε
415 2865 501 2919 τοίνυν
512 2863 571 2919 έστλ
582 2867 612 2919 τδ
624 2863 725 2920 κωλῦον
735 2864 811 2919 οὐδέν
822 2868 853 2934 τῇ
866 2869 912 2920 τοῦ
922 2869 989 2919 Θεοῦ
1001 2863 1094 2933 κλήσει
1106 2863 1323 2932 κατονομάζεσθαι
1334 2864 1380 2918 τὰν
1391 2864 1507 2933 Πατέρα,

309 2939 377 2988 θεοῦ
395 2937 457 2989 κατὰ
475 2933 559 3004 φῦσιν
575 2936 736 3006 ὑπάρχοντας
754 2937 795 2988 καί
812 2936 890 2989 αὐτοῦ
908 2939 954 2989 τοῦ
968 2937 1040 2988 Υἶοῦ·
1059 2936 1085 2988 τί
1099 2934 1134 3002 μή
1146 2937 1248 3002 μᾶλλον
1259 2934 1328 3002 παρὰ
1344 2939 1390 2988 τοῦ
1403 2937 1509 3004 Πατρδς

307 3005 491 3060 τετελειῶσθαί
506 3008 593 3076 φαμεν
605 3007 646 3060 διά
662 3005 818 3074 παθημάτων
829 3007 874 3060 τδν
884 3007 946 3059 Υίόν
954 3028 962 3068 ;
981 3005 1163 3075 ε’νηνθράιπησε
1178 3005 1229 3074 γὰρ
1246 3005 1330 3066 αὐτὸς,
1343 3005 1385 3057 καί
1399 3007 1508 3074 μορφήν

307 3073 403 3128 δοῦλον
415 3078 505 3138 λαβὼν
516 3074 644 3131 πέπονθεν
655 3076 719 3145 ὑπὲρ
732 3075 803 3144 ήμῶν
812 3076 890 3146 σαρκὶ
902 3077 965 3130 κατδ
978 3076 1023 3132 τὰς
1033 3075 1146 3146 γραφάς·
1168 3075 1250 3129 καίτοι
1268 3075 1331 3128 κατὰ
1343 3073 1427 3144 φῦσιν
1439 3076 1508 3130 ίδίαν

308 3144 504 3214 ὑπομεμενηκὼς
521 3151 572 3199 τῶν
588 3146 744 3214 παθημάτων
761 3145 843 3210 οὐδέν,
856 3143 915 3200 καθ’
934 3145 949 3199 6
967 3146 1009 3199 καὶ
1024 3147 1090 3201 θεδς
1106 3147 1210 3208 νοεῖται,
1227 3145 1268 3198 καί
1285 3145 1343 3200 έστι
1356 3149 1440 3215 Λόγος
1458 3151 1507 3200 τοῦ

308 3217 420 3283 Πατρός.
445 3215 537 3284 ταύτης
553 3215 637 3270 ένεκεν
648 3219 693 3286 τής
709 3215 790 3272 αι’τίας
807 3217 884 3285 σαρκὶ
900 3215 1052 3270 πεπονθέναι
1066 3215 1154 3284 φαμὲν
1164 3217 1209 3269 τδν
1221 3213 1335 3268 ἐπέκεινα
1347 3220 1393 3269 τοῦ
1403 3216 1505 3270 παθεῖν·

308 3285 360 3354 ἔφη
379 3286 430 3354 γάρ
449 3307 500 3340 που
519 3286 560 3340 καί
579 3289 594 3338 6
612 3287 736 3356 μακάριος
753 3286 854 3355 Πέτρος
872 3292 891 3317 “
900 3290 1016 3357 Χριστοῦ
1033 3284 1079 3340 οὐν
1093 3285 1220 3341 παθόντος
1237 3285 1301 3376 ῦπέμ
1319 3284 1390 3353 ήμῶν
1401 3284 1506 3356 capuci?

308 3354 349 3408 καί
362 3354 449 3423 έπειδή
462 3358 477 3408 6
492 3357 579 3423 πάσης
594 3358 659 3424 ἁμοῦ
674 3359 719 3423 τῆς
735 3357 841 3413 κτίσεως
860 3357 923 3410 κατὰ
937 3354 1021 3427 φῦσιν
1032 3356 1099 3410 ίδίαν
1111 3355 1264 3424 ἐξῃρημένος
1276 3377 1311 3412 ως
1323 3357 1387 3411 θεδς
1400 3361 1506 3410 κεκενῶ·

308 3423 371 3478 σθαι
383 3425 495 3496 λέγεται,
508 3425 548 3478 καί
561 3426 656 3494 κατέβη
668 3428 733 3496 πρδς
744 3426 935 3496 α’νθροιπότητα,
949 3425 1027 3495 ταύτη
1044 3447 1083 3479 τοι
1100 3428 1140 3479 καὶ
1155 3427 1266 3481 πολλοῖς
1276 3425 1402 3496 άδελφοῖς
1414 3427 1506 3480 συντέ-

308 3515 405 3557 τακται,
428 3496 468 3548 καί
490 3498 504 3548 6
525 3497 604 3563 μόνον
624 3495 639 3548 έ
656 3517 691 3549 οιν
711 3498 756 3550 τδν
776 3497 820 3550 ἕνα
841 3498 881 3550 καὶ
903 3495 984 3566 φάσει
1005 3497 1046 3550 καί
1067 3496 1168 3563 άληθῶς
1189 3497 1259 3558 flav,
1279 3498 1388 3551 πολλῶν
1407 3493 1506 3564 ήξίοισε

307 3563 429 3635 γενέσθαι
441 3564 541 3636 Πατήρ.
565 3563 626 3619 ἁλλ’
638 3567 758 3635 εξήρηται
777 3566 865 3622 θείκῶς
882 3569 937 3624 τοῖς
953 3568 1044 3622 άλλοις
1060 3567 1173 3636 Χριστός
1183 3563 1293 3634 Ἰησοῦς,
1305 3566 1328 3619 εί
1346 3567 1386 3618 καὶ
1405 3567 1505 3636 ἀνθρω-

307 3635 387 3691 πίνας
404 3635 490 3691 αὐτοῖς
509 3637 684 3702 σνντάττοιτο,
697 3635 764 3690 οὕτω
776 3638 826 3708 γάρ
837 3637 941 3691 ἔσονται
953 3642 972 3667 “
983 3639 1032 3690 Καὶ
1049 3639 1063 3690 6
1079 3636 1189 3706 ἁγιάζων
1201 3636 1242 3690 καί
1258 3638 1283 3690 οῖ
1300 3635 1462 3707 ἁγιαζόμενοι
1473 3637 1505 3705 έξ

308 3707 364 3762 ένδς
384 3703 503 3762 πάντες·”
526 3706 570 3760 ένα
591 3707 642 3777 γάρ
662 3705 807 3777 έσχήιιαμεν
826 3708 875 3762 σῦν
894 3708 962 3780 αὐτῷ
981 3708 1026 3761 τόν
1039 3707 1151 3774 Πατέρα,
1164 3705 1193 3762 ὃς
1210 3705 1234 3758 εί
1251 3707 1293 3760 καί
1310 3706 1416 3777 γέγονεν
1433 3706 1506 3775 ήμῶν

308 3777 491 3847 φιλανθρωπίη
509 3798 537 3830 τε
556 3777 597 3830 καί
614 3778 700 3847 χάριτι
717 3778 810 3847 πατήρ,
823 3775 884 3831 ἀλλ’
896 3776 941 3831 οὐν
958 3777 1030 3832 έστιν
1048 3777 1133 3832 ίδικῦς
1151 3777 1191 3829 καί
1209 3778 1289 3845 μόνου
1307 3778 1397 3845 Πατήρ
1413 3775 1505 3842 Ἰησοῦ

308 3851 434 3915 Χριστοῦ,
446 3846 567 3902 τουτέστι
587 3849 683 3916 σαρκδς
701 3851 838 3919 γεγονότος
856 3852 902 3902 τοῦ
920 3849 1006 3918 Λάγου
1025 3848 1088 3900 κατὰ
1106 3848 1152 3903 τάς
1169 3848 1283 3934 γραφάς.
1308 3847 1395 3914 ε’πειδή
1414 3846 1451 3910 δέ,
1469 3848 1506 3903 ἁιτ

307 3918 384 3988 ἔφην,
396 3917 440 3972 ένα
453 3917 556 3987 Πατέρα
568 3919 613 3971 τδν
624 3918 652 3971 έν
662 3920 717 3974 τοῖς
727 3919 844 3986 οὐρανοῖς
855 3918 931 3974 αὐτός
946 3939 974 3971 τε
986 3919 1027 3970 καί
1042 3917 1114 3986 ήμεῖς
1127 3917 1279 3988 έσχηκαμεν,
1293 3919 1310 3947 “
1319 3917 1365 3971 οὐκ
1376 3917 1504 3988 ε’παισχύ-

308 4011 377 4043 νεται
390 3988 454 4057 ήμιῖς
465 3987 596 4059 ἁδελφοῦς
608 3987 755 4051 άποκιιλεῖν,
765 3988 850 4058 λέγων
861 3988 1015 4059 Ἀπαγγελῶ
1029 3990 1058 4041 τό
1070 3986 1149 4055 ὄνομά
1162 4009 1212 4041 σου
1224 3989 1278 4042 τοῖς
1289 3987 1414 4055 ἁδελφοῖς
1426 3986 1505 4054 μου·”

307 4060 390 4113 καίτοι
404 4064 459 4115 πῶς
475 4058 588 4128 έναργές,
601 4059 636 4114 ὣς
650 4057 722 4127 είπερ
734 4056 765 4125 ήν
776 4058 878 4126 άληθῶς
888 4058 966 4128 μέχρι
977 4061 1023 4126 τής
1034 4057 1228 4128 ἁνθρωπότητος
1239 4060 1319 4126 μόνης
1330 4060 1374 4126 τῆς
1386 4063 1505 4127 Χριστοῦ

308 4131 385 4198 δόξης
404 4131 435 4183 τά
452 4129 555 4199 μέτρον,
568 4129 614 4182 οὐκ
632 4128 663 4182 δν
679 4127 837 4198 έπαισχῦνθη
850 4130 937 4182 καλεῖν
948 4128 1089 4198 ἁδελφούς,
1102 4124 1142 4184 οίς
1157 4131 1234 4181 τοῦτο
1251 4129 1292 4181 καί
1309 4131 1374 4196 μάνη
1392 4129 1505 4196 προύξέ-

308 4221 386 4268 νησεν
402 4200 434 4254 άν
451 4199 467 4267 ή
485 4198 575 4270 φάσις,
595 4200 636 4252 καὶ
654 4200 685 4252 οὐ
706 4198 821 4254 διδόντος
839 4199 933 4261 αὐτοῦς
953 4199 987 4255 ἁις
1005 4201 1056 4268 γὰρ
1075 4200 1090 4251 6
1108 4195 1246 4267 προφήτης
1264 4199 1334 4269 φησί
1354 4203 1371 4228 “
1382 4199 1448 4254 θεὸς
1466 4194 1506 4255 είς

307 4269 409 4324 ἔκτισεν
420 4269 493 4338 ήμῦς,
507 4271 547 4322 καί
560 4270 651 4338 Πατήρ
670 4265 706 4324 είς
723 4269 825 4323 πάντων
842 4265 937 4337 ήμῶν,”
949 4270 1005 4339 ἔχοι
1022 4269 1053 4322 δν
1070 4269 1115 4322 τδν
1133 4267 1217 4321 είκότα
1233 4270 1315 4338 λόγον
1330 4269 1359 4320 τδ
1375 4267 1505 4338 ε’παισχῦ·

306 4339 397 4394 νεσθαι
409 4342 496 4394 καλεῖν
504 4339 636 4408 ἁδελφοῦς
646 4339 706 4394 τοῦς
718 4339 745 4392 έν
753 4337 856 4409 μέτροις
868 4339 942 4395 ὄντας
953 4341 1007 4394 τοῖς
1018 4339 1160 4400 οίκετικοῖς,
1170 4339 1215 4391 τὸν
1226 4338 1255 4391 έκ
1265 4342 1332 4392 θεοῦ
1344 4339 1407 4392 κατδ
1419 4337 1507 4406 φῦσιν

306 4408 452 4478 ε’λεύθερον·
471 4410 531 4463 τοὺς
543 4409 570 4462 έκ
582 4411 638 4478 γής,
651 4411 696 4462 τὸν
707 4409 811 4463 άνωθεν·
830 4410 889 4465 τούς
902 4411 930 4463 έκ
941 4413 987 4462 τοῦ
999 4411 1108 4477 κόσμου,
1120 4408 1166 4462 τόν
1176 4409 1211 4476 μή
1224 4407 1285 4462 ὅντα
1299 4409 1328 4461 ε’κ
1341 4412 1387 4461 τοῦ
1402 4411 1506 4476 κόσμου

305 4477 406 4544 τοῦτον,
418 4479 481 4530 κατὰ
496 4479 542 4545 τήν
553 4479 632 4532 αὐτοῦ
643 4477 741 4549 φωνήν*
758 4480 818 4536 τούς
834 4479 861 4534 έν
872 4479 1007 4549 ἁμαρτίαις
1019 4478 1102 4544 ὄντας,
1113 4480 1158 4532 τδν
1169 4477 1269 4534 ἀνιέντα
1284 4477 1503 4547 πλημμελήματα·

305 4550 365 4602 τούς
377 4547 506 4616 ἁγιασμοῦ
519 4547 661 4614 δεομένους,
674 4551 718 4602 τὸν
729 4547 841 4618 ἁγιάζειν
853 4549 988 4620 ίσχῦοντο·
1007 4551 1067 4604 τούς
1083 4549 1133 4602 ὐπὸ
1148 4549 1257 4602 θάνατον
1275 4549 1315 4602 καί
1333 4549 1446 4618 φθορὰν,
1459 4551 1507 4604 τὰν
