3284 5130
162 363 219 404 ιι.
234 344 285 420 26,
300 357 352 424 η.
396 341 454 406 IN
485 341 518 405 s,
543 339 804 406 JoANNEM.
847 340 943 405 Lm.
967 339 1047 408 x11.
1083 341 1185 407 cAP.
1201 340 1229 406 1.
1297 342 1359 404 145
1447 319 1449 324 '

162 507 399 604 ἀποκλείομεν
433 504 495 602 μέν
525 507 589 590 τὰς
621 505 742 607 θύρας,
773 510 941 614 ἐπιφοιτᾷ
978 506 1014 585 δὲ
1050 511 1106 584 καὶ
1142 505 1391 611 ἐπιφαίνεταιε

160 637 279 710 πᾶσιν
308 631 392 729 ἡμῖν
421 633 441 709 ὁ
472 630 644 732 Χριστός,
671 628 832 731 ἀοράτως
862 634 984 711 τεκαὶ
1013 633 1161 732 ὁρατῶς·
1201 627 1362 733 ἀοροίτως

161 753 297 852 μένεός
317 751 420 849 Θεὸς,
440 756 575 854 ὁρατῶς
598 752 635 832 δέ
659 751 771 833 πόλιν
790 757 827 832 έν
852 754 1006 853 σώματι.
1045 751 1221 856 ἐπιτρέπει
1244 751 1363 832 δὲκαὶ

163 877 293 956 δίδωσι
318 881 383 975 τῆς
410 877 514 979 ἁγίας
544 877 654 956 αὐτοῦ
684 876 820 979 σαρκὸς
851 878 1045 978 ἀποθίγειν.
1084 875 1263 979 πρόσιμεν
1291 873 1364 977 γὰρ

131 999 258 1081 5κατὸ
289 1000 394 1104 χάριν
425 1005 521 1080 Θεοῦ
549 1006 594 1106 τῇ
628 1001 767 1106 μεθέξει
800 1005 863 1099 τῆς
900 1006 1076 1098 μυστικῆς
1107 1001 1282 1099 εὐλογίας,
1317 1003 1365 1083 είς

164 1131 288 1230 χεῖρας
324 1123 505 1227 δεχόμενοι
542 1121 606 1203 τόν
643 1120 820 1225 Χριστόν,
857 1125 915 1203 ἵνα
953 1127 1011 1203 καὶ
1049 1125 1145 1223 ἡμεῖς
1183 1121 1365 1225 ἀραρότως

165 1246 421 1346 πιστεύσωμεν
450 1247 505 1327 ότι
526 1246 590 1328 τόν
608 1247 697 1327 ίδιον
717 1250 862 1347 ἀληθῶς
885 1247 1002 1348 ἤγειρε
1026 1247 1123 1327 ναόν.
1164 1245 1218 1326 ὁτι
1244 1245 1317 1348 γὰρ
1341 1246 1364 1344 ἡ

168 1369 332 1450 κοινωνία
356 1374 421 1469 τῆς
448 1376 622 1470 μυστικῆς
644 1371 809 1474 εὐλογίας
829 1371 1008 1474 ὁμολογία
1024 1372 1078 1454 τίς
1098 1371 1177 1449 ἐστι
1194 1373 1257 1469 τῆς
1276 1371 1364 1448 ἀνα-

167 1491 334 1576 στάσεως
355 1501 419 1574 τοῦ
438 1499 615 1599 Χριστοῦ,
639 1492 756 1600 σαφές
779 1491 825 1574 ἀν
844 1495 993 1598 γένοιτο,
1013 1495 1071 1573 καὶ
1095 1492 1197 1590 μάλα
1217 1495 1363 1600 ῥαδίως,

117 1618 212 1697 ισδί
232 1612 282 1695 ὧν
300 1613 406 1701 αὐτὸς
435 1617 504 1724 ἔφη
532 1616 595 1697 τὸν
623 1626 687 1697 τοῦ
715 1618 915 1721 μυστηρίου
943 1617 1057 1697 τόπον
1085 1616 1293 1699 ἐπιτελέσας
1321 1617 1363 1695 δι’
1377 1641 1530 1698 allon.

172 1743 308 1821 ἑαυτοῦ·
340 1741 541 1824 διακλάσας
559 1737 632 1843 γάρ
650 1740 712 1821 τὸν
725 1743 845 1844 ἄρτον,
860 1739 954 1821 καθά
972 1739 1181 1844 γέγραπται,
1199 1741 1362 1837 διεδίδου,

171 1865 290 1967 λέγων
317 1875 338 1912 “
357 1862 475 1945 Τοῦτό
503 1899 572 1964 μου
590 1868 669 1945 ε’στὶ
694 1863 737 1946 τὸ
757 1872 866 1966 σῶμα
894 1863 936 1944 τὸ
962 1863 1049 1968 ὐπέρ
1069 1867 1166 1963 ὑμῶν
1185 1862 1366 1962 διδόμενον
1411 1861 1520 1990 {xffi

169 1997 191 2034 “
211 1993 258 2071 είς
286 1987 419 2092 ἀφεσιν
438 1991 629 2091 ἁμαρτιῶν·
658 1997 766 2068 τοῦτο
781 1995 910 2068 ποιεῖτε
929 1993 978 2072 είς
1005 1987 1071 2088 τὴν
1097 1985 1185 2086 ἐμὴν
1203 1983 1362 2085 ἀνάμνη-
1411 1991 1533 2108 {m}-

171 2121 192 2158 “
210 2112 306 2188 σιν.”
355 2111 434 2191 ε”στι
454 2113 584 2191 ’τοίνυν
618 2112 796 2213 ὁμολογία
827 2145 881 2195 τις
912 2111 1051 2211 ἀληθὴς
1083 2113 1141 2191 καὶ
1169 2107 1367 2209 ἀνάμνησις
1524 2134 1529 2143 ’

122 2267 158 2326 ¹5
170 2241 236 2313 τοῦ
261 2232 426 2315 τεθνάναι
449 2238 565 2314 τεκαὶ
588 2239 785 2329 ἀναβιῶναι
806 2236 850 2314 δι’
870 2235 963 2333 ἡμᾶς
990 2238 1048 2315 καὶ
1077 2232 1164 2335 ὑπὲρ
1185 2235 1286 2332 ἡμῶν
1304 2230 1368 2312 τὸν

174 2357 318 2461 Κύρων,
336 2364 409 2436 τῶν
434 2359 546 2461 ἁγίων
567 2364 778 2462 μυστηρίων
800 2359 822 2458 ἡ
845 2358 986 2465 μέθεξις
1008 2355 1098 2460 πρὸς
1119 2356 1162 2437 τὸ
1188 2359 1246 2437 καὶ
1271 2357 1367 2439 θείας

170 2480 262 2579 ἡμᾶς
304 2483 467 2584 εὐλογίας
509 2483 813 2583 ἀναπίμπλασθαι
854 2481 912 2562 διά
947 2487 1066 2560 τοῦτο.
1114 2479 1400 2582 παραιτεόμεθαῐ)

170 2603 289 2684 τοίνυν
324 2607 372 2688 ὡς
401 2606 567 2708 ὀλέθριόν
594 2639 630 2685 τι
661 2611 784 2711 χρῆμα
812 2604 879 2706 τὴν
908 2606 1078 2684 ἀπιστίαν
1109 2608 1167 2682 καὶ
1199 2600 1289 2700 μετά
1324 2600 1367 2681 τὸ

172 2727 342 2835 ἅψασθαι
369 2737 433 2810 τοῦ
452 2735 626 2834 Χριστοῦ,
654 2727 868 2810 πεπόταται
898 2727 936 2808 δὲ
963 2734 1107 2826 μᾶλλον
1136 2732 1193 2806 καὶ
1220 2726 1369 2821 βεβαιου

120 2886 159 2928 νο
172 2853 311 2957 ἔχοντες
329 2853 573 2957 εὑρισκόμεθα
591 2852 771 2958 φρόνημα.
963 2840 967 2847 ’

226 2975 498 3077 Διαμεμνήσθω
528 2975 565 3056 δὲ
599 2967 716 3057 πόλιν
744 2977 765 3054 ὁ
792 2973 1008 3082 φιλομαθὴς,
1038 2974 1092 3056 ὁτι
1124 2977 1271 3078 Μαρίαν
1303 2972 1369 3070 μέν

175 3097 243 3198 τὴν
277 3098 531 3202 Μαγδαληνὴν
569 3103 715 3203 ἀπεῖργε
752 3103 816 3199 τῆς
853 3101 959 3203 ἁφῆς,
996 3098 1214 3205 σαφέστατα
1250 3097 1369 3200 λέγων

172 3233 195 3268 “
215 3223 281 3322 Μή
300 3256 371 3321 μου
393 3221 519 3322 ἅπτου,
539 3225 637 3304 οὐπω
664 3222 737 3327 γάρ
755 3223 962 3322 ἀναβέβηκα
989 3221 1079 3326 πρὸς
1103 3221 1166 3302 τὸν
1186 3221 1365 3325 Πατέρα·”
1411 3209 1542 3338 ῗξξῗγῖ

172 3351 292 3453 θωμᾷ
318 3346 431 3450 γεμὴν
458 3346 633 3450 ἐπιτρέπει
665 3350 724 3427 καὶ
757 3344 823 3446 τὴν
853 3344 1014 3449 πλευρὰν
1044 3350 1281 3452 ψηλαφῆσαι,
1310 3348 1368 3425 καὶ
1413 3365 1502 3428 Ib·²⁵·

119 3499 159 3560 ²5
172 3468 256 3555 τούς
282 3469 415 3554 τόπους
445 3477 518 3550 τῶν
543 3472 643 3571 ἥλων
671 3470 837 3578 δακτύλιρ
870 3469 1173 3573 περιεργάζεσθαι.
1224 3472 1282 3548 καὶ
1309 3467 1368 3548 διά

172 3594 281 3674 ποίαν
306 3595 431 3690 αἰτίαν,
459 3593 595 3696 ε’ίρηται
623 3592 689 3693 μέν
716 3595 783 3694 ἤδη
811 3599 953 3699 σαφῶς,
981 3593 1176 3692 ἀναμνήσω
1204 3589 1242 3672 δέ
1269 3591 1398 3672 οὐδένο

174 3717 290 3816 ἧττον,
311 3715 353 3796 τὸ
381 3721 493 3817 μῆκος
523 3724 596 3798 τῶν
623 3715 747 3818 λόγων
774 3717 956 3817 ε’πιτεμοίν.
1005 3722 1051 3822 τῇ
1078 3715 1143 3815 μέν
1171 3715 1242 3819 γάρ
1270 3719 1369 3796 οὔπω

174 3838 293 3943 καιρός
316 3841 430 3921 ε’δίδον
452 3841 494 3920 τὸ
517 3839 699 3947 ἅψασθαι,
719 3842 776 3921 διὰ
799 3841 841 3921 τὸ
869 3841 978 3940 μήπω
1005 3873 1051 3946 τη
1077 3848 1142 3920 τοῦ
1161 3839 1370 3939 Πνεύματυς

173 3965 346 4064 ἡγιάσθαι
375 3963 502 4069 χάριτι·
540 3963 612 4045 σύν
628 3965 714 4064 ἡμῖν
737 3962 808 4065 γὰρ
830 3962 931 4047 ὄντος
959 3964 1009 4042 ἔτι
1036 3971 1100 4042 τοῦ
1119 3968 1292 4064 Χριστοῦ,
1311 3965 1369 4042 καὶ

120 4123 159 4180 30
173 4089 272 4169 οὔπω
298 4086 389 4191 πρὸς
411 4088 475 4168 τὸν
501 4090 538 4169 έν
555 4095 630 4173 τοῖς
658 4089 818 4190 οὐρανοῖς
846 4084 1110 4184 ἀναβεβηκότος
1130 4085 1285 4186 Πατέρα,
1303 4084 1369 4183 τὴν

172 4220 237 4292 τοῦ
254 4211 489 4313 παρακλήτου
509 4211 663 4291 κάθοδον
682 4211 745 4290 οὐκ
765 4208 809 4312 ἦν
826 4210 863 4287 ἐν
881 4209 1082 4312 ἀνθρώποις
1099 4209 1370 4308 τετελειωμένην

209 4453 235 4500 4.
254 4435 309 4490 τοῖς
320 4431 403 4503 ἁγίοις
416 4432 451 4486 E:
612 4447 653 4514 15.
671 4431 712 4485 καὶ
725 4431 770 4486 alt.
783 4447 837 4486 om.
849 4428 915 4484 Nik.
1089 4426 1130 4483 16.
1147 4428 1177 4482 τὸ
1190 4426 1256 4482 Nik.
1269 4429 1304 4518 τῇ
1317 4425 1369 4482 Ed.

177 4519 219 4575 ιη.
237 4503 280 4558 διὰ
291 4506 369 4556 τοῦτο
380 4501 562 4572 παραιτάμεθα
575 4503 713 4572 (οιηιῑῑαιιε
725 4500 821 4571 τοίνυν)
835 4499 900 4556 Nik.
1166 4515 1208 4552 21.
1227 4519 1324 4569 μαριαμ
1337 4496 1372 4556 Ε.

175 4591 219 4630 22.
235 4573 396 4645 μογδαλινὴν
409 4573 544 4643 (utsupra
559 4573 626 4644 1089
639 4571 669 4642 d)
682 4572 715 4627 E.
858 4586 900 4642 23·
919 4567 1036 4641 Πατέρα]
1053 4575 1082 4633 ÷
1096 4591 1147 4640 μου
1159 4567 1209 4623 Ed.
1223 4568 1306 4622 invito
1319 4567 1352 4624 E.

217 4675 289 4720 VOL.
306 4675 358 4720 111.
774 4673 794 4717 U
