3268 5130
140 331 186 398 iii.
199 347 315 420 27,31.
391 335 445 399 IN
470 333 730 399 EPIS'I'OLAM
756 333 819 399 AD
847 334 1081 400 ROMANOS.
1272 340 1335 403 179

140 494 923 542 “sauuux’exe
1035 501 1046 530 ι
1178 441 1479 528 κκ[3Μ’]

180 529 289 577 αντον
307 508 418 582 ελεος·
475 533 580 584 αυτος
597 534 670 602 γαρ
687 534 732 599 ην
751 535 771 580 ο
791 535 848 580 και
865 512 980 581 παλαι
998 510 1117 603 λεγων
1136 504 1194 581 δια
1212 508 1334 609 φωνης

138 626 337 725 προφητῶν
359 633 380 670 “
395 622 496 724 Ἐγῶ
522 628 592 722 εἰμι
610 625 630 703 ὁ
647 623 849 731 ἐξαλείφων
866 623 932 709 τὰς
950 626 1097 723 ἀνομίας
1116 658 1197 721 σου,
1216 629 1274 705 καὶ
1292 626 1334 705 οὐ
1347 645 1390 695 Εε-
1404 643 1467 696 xliii

137 751 161 788 “
177 740 226 843 μή
255 746 550 847 μνησθήσομαι·”
595 745 724 850 διάπει
748 746 862 848 γεμήν
891 748 913 846 ή
941 753 1130 829 δικαιούσα
1156 747 1259 860 χάρις
1286 754 1334 834 εἰς
1348 721 1411 814 ²⁵⁸³
1434 760 1563 812 όντων

136 864 274 952 πάντας
292 870 330 948 ἐν
347 869 427 979 ἴση),
444 871 616 954 ίουδαίονς
635 869 677 949 τέ
690 876 784 977 φημι
802 874 861 951 καὶ
878 871 1044 971 έλληνας,
1059 870 1114 951 ότι
1131 874 1190 951 καὶ
1208 871 1336 958 πιόντες

104 991 281 1098 εὐμαρτον
311 1002 372 1073 καὶ
403 996 603 1101 ὑστεροῦνται
637 992 695 1088 τής
723 990 818 1102 δόξης
846 996 901 1075 τιύ
928 998 1023 1076 Θεού·
1057 993 1147 1102 δόξα
1176 1001 1272 1075 θεοῦ
1298 995 1336 1076 δέ

139 1117 243 1194 νοοῖτ’
263 1114 308 1195 ἀν
326 1114 478 1215 εἰκότως,
496 1116 538 1196 τὸ
563 1116 651 1217 μήτε
670 1117 795 1197 είδέυαι
813 1117 903 1218 μήτε
926 1117 976 1218 μή
993 1117 1190 1225 πεφυκέναι
1208 1130 1333 1220 πλημ-

139 1245 275 1334 μελεΐν·
313 1238 462 1321 κατόπιν
490 1239 527 1321 δὲ
555 1239 698 1324 πάντως
725 1248 798 1323 τῶν
826 1246 890 1343 τῆς
917 1239 1083 1343 θεότητος
1111 1241 1337 1348 αὐχημάτων,

139 1362 285 1462 πᾶσαή
309 1353 441 1464 γε’νητὴ
469 1365 595 1448 κτίσις·
634 1365 869 1468 παρώλισθον
896 1365 968 1468 γὰρ
996 1368 1148 1446 καὶτῶν
1170 1365 1339 1468 ἀγγέλων

139 1483 242 1568 τινές.
283 1485 383 1587 πλήν
410 1487 602 1588 εὐδόκησεν
627 1491 648 1568 ό
671 1488 765 1573 θεὸς
793 1492 850 1570 καὶ
871 1489 1001 1593 Πατήρ
1026 1489 1335 1596 “ἀνακεφαλαιιό·
1350 1509 1442 1578 Εριιῐ.
1455 1525 1495 1562 10·

86 1645 129 1688 ιο
141 1619 163 1656 “
181 1616 322 1690 σασθαι
340 1609 387 1691 τά
405 1608 524 1692 πάντα
544 1615 583 1691 ἐν
600 1618 652 1720 τῷ
670 1617 822 1720 Χριστῷ
831 1614 851 1641 ”
881 1618 933 1721 τῷ
955 1617 1144 1693 δικαιοῦντι
1167 1607 1283 1721 δωρεδιν
1300 1649 1338 1702 τη

141 1736 242 1814 αὐτοῦ
273 1733 399 1844 χάριτι·
436 1734 585 1816 τέθειται
617 1734 689 1838 γὰρ
719 1736 931 1839 ἱλαστήριον
963 1733 1022 1818 διδ
1053 1740 1201 1824 πίστεως
1228 1737 1258 1818 ἒν
1292 1743 1340 1846 τῷ

142 1860 242 1936 αὐτοῦ
277 1858 415 1964 α’ίμιιτι·
459 1859 577 1959 ἐπειδή
613 1858 685 1963 γὰρ
720 1861 909 1959 πεποίηται
945 1863 1009 1960 τῆς
1043 1858 1213 1940 ἁπάντων
1249 1857 1339 1962 ζωῆς

141 1979 386 2085 ἀντάλλαγμα
412 1981 455 2062 τὸ
483 1982 573 2064 ἴδιον
600 1982 699 2082 αἷμα,
718 1981 859 2064 σέσωκε
887 1981 953 2083 τήν
975 1984 1033 2064 ὐπ’
1054 1980 1214 2087 οὐρανὸν,
1233 1981 1437 2070 ίλειόνη.

142 2137 181 2183 τε
207 2109 266 2186 καὶ
291 2107 417 2205 εὐμενῆ
439 2105 664 2208 κατέστησεν
681 2106 766 2206 ἡμῖν
782 2104 845 2186 τὸν
861 2107 898 2187 έν
916 2114 990 2191 τοῖς
1013 2108 1174 2209 οὐρανοῖς
1194 2106 1339 2209 Πατέρα
1393 2139 1394 2142 ’

90 2254 130 2313 15
143 2231 202 2308 καὶ
223 2227 330 2311 θεόν.

427 2421 493 2487 Ποῦ
519 2417 575 2486 οὐν
603 2420 622 2490 εἱ
652 2423 824 2509 καύχιιοιο;
854 2419 1053 2492 ἐξεκλείσθη.
1353 2441 1392 2504 27

198 2593 264 2676 Τίς
291 2593 363 2696 γὰρ
391 2591 486 2678 ὅλως
512 2591 536 2695 ἢ
564 2595 621 2675 ἐπὶ
648 2595 746 2674 τίσιν
770 2591 998 2699 καυχήσεται,
1021 2589 1166 2672 πάντων
1188 2591 1339 2694 ήχρειω-

142 2717 259 2820 μένων
276 2720 334 2798 καὶ
357 2718 611 2799 ἐκκεκλικότων
635 2721 698 2816 τῆς
724 2718 856 2803 εὐθείας
881 2718 980 2814 ὁδοῦ,
999 2718 1057 2796 καὶ
1079 2711 1219 2798 οὐδενὸς
1238 2713 1342 2798 ὄντος

141 2848 330 2926 παντελῶς
363 2851 428 2923 τοῦ
463 2850 650 2928 ποιοῦντος
685 2839 941 2946 χρηστότητος
984 2841 1113 2920 οὐκούν
1151 2834 1342 2945 ἐξεκλείσθη

89 3003 133 3045 οο
144 2968 260 3073 φησὶν
277 2971 295 3062 η
316 2965 495 3064 καόχησις,
512 2966 698 3048 τουτέστιν
713 2966 930 3065 ἐκβέβληται
953 2967 1011 3044 καὶ
1028 2957 1210 3068 ἀνῄρηται,
1229 2960 1342 3040 τόπον

143 3091 208 3170 οὐκ
234 3088 370 3196 ἔχουσα
395 3091 480 3192 παρ’
508 3090 593 3190 ἡμῖν
617 3089 753 3169 οὐδένα·
789 3087 978 3197 ἐξεκλείσθη
1006 3084 1044 3167 δὲ
1071 3085 1152 3166 τίνα
1177 3080 1339 3187 τρόπους

144 3211 209 3314 τήν
222 3213 377 3317 πάρεσιν
389 3220 462 3295 τῶν
474 3212 746 3316 προγεγονότων
757 3211 1022 3315 ἁμαρτημάτων
1033 3205 1342 3308 πεπλοντήκαμεν,

101 3423 109 3434 ,
143 3337 233 3447 ε’λέερ
250 3341 308 3419 καὶ
326 3339 444 3446 χάριτι
463 3337 695 3436 δικαιούμενοι
714 3335 850 3441 δωρεὰν
868 3338 906 3414 έν
924 3339 1089 3442 Χριστῷ.

390 3580 496 3658 Νόμοι
523 3577 579 3646 οὖν
608 3583 830 3668 καταργοῦμεν
858 3577 911 3644 διὰ
938 3575 1079 3643 πίστεως
1093 3605 1102 3658 3
1355 3603 1391 3660 31

92 3791 131 3854 ²5
195 3751 301 3859 Ἔφη
329 3756 380 3860 τῷ
411 3752 595 3859 θεσπεσίῳ
624 3755 782 3830 Μωυσεῖ
806 3752 826 3830 ό
854 3756 928 3830 τῶν
955 3748 1054 3828 ὅλων
1081 3744 1174 3829 Θεός
1201 3749 1335 3847 “Προ·
1353 3756 1511 3870 fflfflvffi·

144 3886 168 3924 “
187 3875 307 3983 φήτην
333 3879 452 3959 αὐτοῖς
479 3872 678 3975 ἀναστήσω
706 3875 745 3952 ἐκ
772 3879 844 3954 τῶν
872 3875 1042 3976 ἀδελφῶν
1069 3869 1187 3948 αὐτῶν
1215 3864 1341 3968 ῶσπερ
1386 3836 1443 3888 ’9’

144 4009 167 4050 “
186 4034 232 4080 σε
256 4003 314 4081 καὶ
336 3999 445 4080 δεόσω
468 3998 511 4078 τὸ
538 3996 635 4103 ῥήμά
661 4031 732 4097 μου
748 3998 786 4076 έν
805 4001 855 4103 τῷ
882 3993 1039 4094 στόματι
1061 3992 1181 4089 αὐτοῦ,
1199 3992 1258 4070 καὶ
1276 3999 1343 4069 λα-

142 4135 166 4172 “
185 4123 292 4225 λήσει
319 4124 438 4209 αὐτοῖς
465 4122 589 4203 καθότι
618 4120 662 4202 ὐιν
689 4119 897 4215 ἐντείλωμαι
928 4119 1036 4226 αὐτῷ·
1071 4119 1130 4196 καὶ
1158 4116 1178 4192 ὁ
1206 4113 1340 4216 ἀνθρω-

142 4259 166 4298 “
184 4282 253 4333 πος
274 4249 403 4332 ἐκεῖνος
431 4245 470 4332 ὐς
491 4243 554 4326 ε’ἀν
576 4243 627 4346 μὴ
654 4243 794 4351 ἀκούση
820 4248 894 4323 τῶν
913 4239 1035 4343 λόγων
1063 4241 1170 4320 αὐτοῦ
1198 4235 1271 4316 ὅσα
1298 4231 1343 4314 ἂν

184 4518 209 4558 1.
226 4501 290 4557 κατὰ
298 4519 351 4628 Bm
363 4502 405 4557 ml
417 4467 457 4558 Β.Ι
575 4515 618 4554 21.
637 4499 816 4570 οὐκ-τρόπον
827 4496 859 4568 (α
871 4518 934 4553 -πον
945 4494 980 4552 nd
992 4515 1055 4551 -πον
1065 4491 1231 4562 transiliens)
1243 4507 1297 4546 om.
1310 4489 1345 4547 Β.

510 4569 554 4626 26.
572 4570 801 4639 οὔτῶν-στόματι
816 4585 870 4624 om.
886 4568 920 4624 B.
1098 4579 1141 4635 29.
1160 4563 1205 4618 ἐὰν
1216 4579 1270 4618 om.
1283 4560 1317 4616 B.

702 4671 723 4714 λ
738 4673 757 4715 a
773 4672 791 4718 2

145 4586 192 4642 νε·
209 4574 285 4644 κυνῆ
325 4613 332 4630 ·
