3294 5150
312 371 377 438 298
440 372 478 438 Β.
502 371 689 439 CYRILLI
711 370 974 438 ALEXANDR.
1000 361 1282 436 FRAGMENTA
1325 392 1377 436 xv.
1395 390 1425 456 3.
1441 391 1506 454 sqq.

156 469 158 472 ’
198 486 215 521 ο
226 471 264 522 Μ.

158 468 198 535 [⁷
278 469 290 536 ]
313 537 373 613 λοὶ
390 533 462 639 γὰρ
476 536 560 615 λίαν
578 537 615 615 οἵ
629 570 667 616 τε
686 544 749 616 τοῦ
767 531 922 616 θανάτου
932 540 1098 637 Χριστοῦ
1116 537 1174 614 καὶ
1193 538 1256 632 τῆς
1272 528 1508 615 ἀναστάσεως

313 654 499 760 μάρτυρες·
540 656 625 739 εἶναι
654 659 784 741 λοιπὸν
811 659 887 738 κατ’
916 657 1040 738 οὐδένα
1063 655 1198 762 τρόπον
1228 657 1435 737 ἐνδοίαστον
1465 653 1507 732 τὸ

312 782 515 861 ε’κτεθνοίναι
538 781 603 879 μὲν
622 781 709 885 ῦπέρ
727 781 827 880 ἡμῶν
846 779 937 861 κατά
959 780 1080 884 σάρκα
1098 777 1264 883 Χριστόν
1287 780 1444 878 Ἰησοῦν,
1461 777 1504 856 ἵν’

313 903 420 1009 ἐξίλη
438 912 501 984 τοῦ
524 902 664 1004 κόσμου
681 903 747 1004 τὴν
765 904 955 1004 ἁμαρτίαν·
992 903 1178 1006 ε’γηγίρθαι
1200 937 1238 983 τε
1259 903 1305 981 αῦ
1324 909 1508 983 πατοῦντα

311 1026 376 1106 τὸν
395 1024 560 1124 θάνατον,
577 1028 636 1108 ’ίνα
654 1031 712 1107 καὶ
730 1028 829 1126 ἡμεῖς
846 1025 887 1107 τῦ
905 1031 1028 1131 χρῆμα
1046 1025 1278 1128 κερδαίνομεν.
1307 1024 1539 1128 ἀναγκαίως5

312 1147 351 1229 δὲ
369 1155 416 1234 εἱς
433 1149 476 1229 τὸ
491 1149 607 1253 παρῦν
625 1153 667 1230 οῦ
684 1149 847 1231 τεθνάναι
865 1149 985 1247 μόνον,
1001 1149 1102 1229 ἀλλά
1119 1151 1178 1230 καὶ
1196 1149 1372 1254 τετάφθαι
1390 1151 1508 1252 φησὶν

312 1273 432 1353 αὐτόν·
472 1273 708 1372 πιστούμενος
732 1271 803 1377 γὰρ
822 1271 864 1352 τὸ
886 1271 1050 1352 τεθνάναι
1074 1273 1165 1353 κατὰ
1183 1273 1353 1371 ἀλήθειαν
1372 1274 1391 1350 ὁ
1409 1273 1504 1368 Ἐμ-

310 1394 485 1496 μανουῆλ,
503 1397 653 1478 τέθειται
677 1399 714 1476 ἐν
738 1396 908 1503 μνημείῳ·
939 1395 1038 1494 πλὴν
1066 1395 1207 1492 ἀνεβίω,
1226 1393 1387 1497 καθάπερ
1414 1393 1509 1500 ἔφην

311 1522 450 1622 ἀρτίως·
481 1519 540 1599 διά
558 1520 624 1618 μὲν
641 1529 705 1601 τοῦ
722 1519 885 1599 τεθνάναι
904 1521 1013 1622 σαρκὶ
1038 1526 1283 1623 πληροφοριῦν
1302 1517 1356 1598 ὅτι
1380 1517 1508 1619 γε’γονε

200 1655 298 1715 '711-
311 1642 420 1750 σάρξ,
450 1644 563 1723 καίτοι
592 1641 685 1727 θεὸς
711 1640 762 1722 ὧν
790 1644 810 1721 ὁ
839 1639 967 1744 Λόγος·
1005 1641 1063 1722 διά
1092 1641 1129 1723 δὲ
1159 1650 1223 1722 τοῦ
1252 1645 1415 1741 πατῆσαι
1441 1636 1507 1720 ’τόν
1524 1669 1562 1710 10

311 1764 476 1864 θάνατον,
500 1765 555 1846 ὅτι
584 1764 676 1850 Θεὸς
704 1763 796 1846 κατά
823 1765 938 1872 φύσιν
965 1767 1066 1846 ἐστὶν
1093 1767 1251 1868 ἐναργῶς
1280 1764 1505 1870 ἀποφαίνων.

310 1887 410 1988 πλὴν
428 1890 491 1968 οῦκ
509 1888 705 1992 ἀλλότριον
723 1887 885 1990 ζωοποιεῖ
899 1885 986 1969 ναῦν
1004 1891 1025 1969 ὁ
1043 1890 1081 1968 ε’κ
1101 1894 1197 1968 Θεοῦ
1215 1884 1360 1991 Πατρῦς
1376 1885 1508 1988 Λόγος,

311 2009 392 2090 οὐδὲ
412 2010 455 2092 τό
472 2046 568 2098 τινος
586 2014 724 2110 ἁπλῶς,
743 2019 852 2110 σῶμα
871 2012 909 2093 δὲ
930 2019 1076 2110 μᾶλλον
1096 2009 1137 2093 τῦ
1155 2011 1244 2092 ἴδιον
1265 2012 1383 2108 αῦτοῦ,
1403 2011 1445 2089 δι’
1465 2011 1509 2089 οῦ

311 2137 369 2214 καὶ
391 2134 479 2239 ῦπέρ
496 2135 597 2235 ἡμῶν
614 2132 778 2216 τεθνάναι
801 2134 955 2237 λέγεται,
974 2136 1032 2214 ἵνα
1052 2133 1171 2215 καὶτὸ
1190 2139 1253 2234 τῆς
1271 2133 1509 2216 ἀναστάσεως

310 2255 448 2359 ἀγαθόν
476 2258 563 2362 ὑπὲρ
581 2259 681 2360 ἡμῶν
709 2261 855 2357 ἀληθῶς
876 2258 1027 2362 γεγονὸς
1054 2261 1192 2363 εὑρεθῇ·
1231 2257 1300 2357 ὅλη
1328 2255 1399 2361 γάρ
1421 2253 1466 2356 ἦν
1484 2255 1507 2354 ἡ
1526 2283 1565 2340 ¹5

309 2379 501 2482 ἀνθρώπου
523 2381 635 2487 φάσις
662 2384 699 2462 ε’ν
718 2383 814 2489 αὐτῷ
830 2391 998 2464 πατοῦσα
1016 2379 1079 2462 τόν
1107 2383 1275 2463 θάνατον·
1313 2383 1406 2460 οὕτω
1434 2380 1508 2481 γὰρ

309 2503 405 2610 αὐτῷ
422 2507 653 2612 σννταφῆναί
667 2541 705 2586 τε
724 2508 783 2585 καὶ
801 2505 1060 2609 συνεγηγέρθαι
1079 2505 1270 2608 λεγόμεθα,
1284 2504 1508 2606 συγκαθίσαι

142 2655 276 2722 Epium.
310 2661 349 2706 τε
377 2631 435 2707 καὶ
463 2639 485 2675 “
498 2631 537 2708 ἐν
563 2636 637 2715 τοῖς
664 2629 916 2732 ἐπουρανίοις.”
956 2632 1082 2710 αῦκοῦν
1108 2627 1287 2738 ἐγηγέρθαι
1315 2627 1381 2726 μίν
1411 2634 1508 2732 φησι

175 2787 262 2838 νει.
276 2785 299 2837 5·
313 2749 408 2832 κατῦι
437 2749 503 2838 τάς
531 2751 690 2861 γραφὶς,
718 2749 828 2859 ἀφθαι
860 2751 898 2832 δὲ
925 2761 999 2837 τοῖς
1032 2755 1145 2856 ἁγίοις
1177 2749 1407 2849 ἀποστόλοις,
1437 2749 1509 2828 ἀνά

310 2873 416 2978 με’ρος
439 2909 479 2955 τε
502 2878 599 2956 τισὶν
618 2880 666 2961 ὡς
691 2875 957 2983 ἐξειλεγμένοις,
975 2879 1034 2956 καὶ
1059 2874 1131 2976 μὴν
1149 2878 1208 2956 καὶ
1232 2872 1322 2956 κατὰ
1346 2873 1505 2974 πληθύν·
1525 2910 1568 2949 20

207 3024 260 3063 ⁹⁰1·
273 3012 297 3063 8.
311 2995 401 3103 ὦφθη
420 2996 459 3078 δὲ
479 3005 584 3105 κάμοὶ
604 3001 740 3105 ὡσπερεὶ
760 3008 807 3106 τῷ
826 2998 1014 3108 ἐκτράματι
1033 3006 1105 3080 τῶν
1124 2995 1357 3080 ἀποστόλων.
1385 3031 1509 3100 μετρι-

211 3141 263 3177 101·
272 3141 297 3194 9·
309 3118 386 3221 σίζει
414 3119 452 3201 δὲ
480 3119 637 3227 σφόδρα,
657 3117 775 3230 θιιῦξαί
800 3155 837 3202 τε
866 3121 918 3216 τὴν
947 3123 1132 3217 ἐκκλησίαν
1160 3120 1384 3227 ἰσχυρίζεται,
1405 3120 1509 3219 πλὴν

308 3245 485 3343 ἠλεῆσθαι
515 3244 614 3347 παρά
647 3252 812 3346 Χριστοῦ
839 3249 899 3327 καὶ
930 3251 1128 3345 κεκλῆσθαι
1160 3243 1251 3348 πρὸς
1278 3242 1506 3343 ἀποστολήν·

308 3369 492 3473 ἀποφῆναι
516 3368 614 3449 δὲτὸ
637 3368 731 3470 με’γα
749 3372 812 3467 τῆς
829 3366 1065 3454 ἀναστάσεως
1085 3369 1303 3474 μυστήριον,
1325 3371 1404 3449 οὔτε
1430 3375 1508 3452 τοῖς

309 3491 468 3594 ἀρχαίοις
493 3491 605 3593 ἁγίοις
630 3477 858 3594 ἠγνοημένον·
889 3493 1096 3596 προείρηται
1113 3493 1197 3596 γάρ·
1237 3495 1316 3573 οὔτε
1340 3490 1413 3592 μὴν
1430 3499 1508 3576 τοῖς
1527 3523 1569 3584 ²5

346 3759 371 3798 2.
391 3742 449 3798 Ino.
468 3751 494 3797 11
511 3744 738 3816 οκιχρησμῶδηται
755 3745 807 3816 γάρ
824 3747 839 3798 ὁ
856 3749 971 3816 Χριστοῦ
991 3746 1099 3804 θάνατος
1116 3747 1159 3802 διά
1177 3768 1206 3801 τε
1225 3749 1271 3800 τοῦ
1290 3747 1370 3814 νόμον
1391 3745 1432 3800 καὶ
1452 3751 1509 3801 τὸν

308 3817 450 3885 προφητῶν
462 3765 510 3867 καίἸ
519 3815 562 3868 διὰ
577 3820 627 3868 τῶν
645 3815 817 3886 εὖαγγελικΐον
829 3817 870 3870 καὶ
882 3816 1062 3872 ἀποατολικῶν
1073 3817 1267 3884 θεσπισμάτων.
1288 3817 1380 3871 οὐκοῦν
1390 3816 1509 3871 ἀνενδοί-

308 3905 390 3938 αστον
401 3883 441 3938 ὅτι
452 3883 576 3939 ἀπίθαντν
587 3885 652 3954 ὑπὲρ
666 3884 705 3938 Η.
816 3902 842 3956 3.
860 3887 974 3958 Χριστὸς
985 3885 1025 3942 ἵνα
1037 3887 1156 3956 ι’ξὲληται
1170 3886 1208 3940 Η.
1321 3904 1348 3954 4.
1365 3886 1509 3957 ε’γηγίρθαι

307 3975 336 4008 τε
348 3952 381 4008 οῦ
392 3953 533 4024 πατοῦντα]
547 3955 589 4008 καὶ
601 3953 696 4024 ἠγέρθη
708 3953 826 4024 πατήσας
839 3956 876 4010 Η.
1081 3972 1107 4028 5.
1126 3954 1297 4028 κερδάναμεν]
1311 3975 1358 4026 per
1378 3958 1397 4011 't
1409 3955 1509 4012 abbre-

307 4023 383 4078 vians
402 4024 445 4078 διὰ
462 4022 507 4080 οῦν
518 4028 565 4078 τοῦ
580 4025 697 4080 τεθνάναι
710 4026 787 4095 σαρκί
803 4030 942 4081 πιστοῦται
954 4025 994 4081 ὄτι
1005 4028 1096 4097 γέγονε
1106 4029 1175 4096 σάρξ
1187 4027 1268 4081 καίτοι
1281 4029 1346 4083 θεὸς
1378 4026 1508 4096 νάπαθὴς

307 4095 348 4148 καί
360 4095 402 4148 διὰ
414 4098 461 4149 τοῦ
473 4095 637 4163 ἀνεστηκίναι
649 4097 683 4151 ὧς
694 4099 760 4152 θεὸς
777 4097 813 4150 ὢν
847 4097 914 4153 ῦσει.
939 4099 973 4153 ὥς
990 4099 1040 4168 γὰρ
1052 4097 1211 4165 ἀνθρώπινον
1223 4099 1253 4152 τὸ
1267 4098 1366 4162 παθεῖν,
1379 4097 1446 4151 οῦτοι
1462 4100 1508 4153 καὶ

307 4164 390 4218 θειιιὸν
402 4169 449 4219 τοῦ
465 4164 507 4234 [τὸ
516 4165 539 4236 ἲ]
553 4169 654 4234 νικῆσαι
669 4166 785 4221 θάνατον·
805 4189 871 4221 ουτω
885 4167 943 4235 (16)
957 4167 994 4221 Η.
1155 4185 1196 4222 11.
1215 4169 1325 4238 χριστὸς
1335 4185 1384 4238 pro
1397 4168 1456 4224 θεὸς
1469 4169 1506 4224 Α.

310 4249 349 4304 17.
370 4236 546 4304 συντετάφθαι
566 4235 604 4290 Η.
642 4235 738 4290 Stau'rn
758 4258 786 4290 τι
805 4253 859 4291 0111.
880 4236 918 4291 Η.
973 4238 1130 4310 συγκαθίσαι
1150 4236 1191 4320 τι]
1213 4237 1394 4309 συγκαθῆσθαι
1413 4238 1441 4291 δι’
1466 4240 1506 4294 Η.

310 4305 349 4356 18.
369 4309 404 4375 τῷ
422 4305 519 4373 οῦρανιῦ
540 4324 588 4377 pro
600 4309 654 4362 τοῖς
665 4305 825 4375 ἐπουρανίοις
837 4307 960 4362 desinens
975 4307 1012 4362 H.
1057 4307 1158 4362 Iterum
1176 4326 1228 4364 mc.
1244 4309 1343 4362 Οὐκοῦν
1355 4307 1506 4381 ἀγήγερται,

307 4372 382 4440 ὤφθη
396 4375 422 4426 δὲ
435 4377 489 4429 ταῖς
504 4359 539 4428 H.
761 4392 804 4431 το.
821 4376 849 4430 δὲ
861 4378 964 4446 τίθησιν
976 4395 1024 4449 pro
1035 4399 1063 4432 τε
1076 4400 1146 4434 τισιν
1159 4379 1220 4449 (uic)
1236 4379 1273 4433 H.
1321 4379 1508 4450 ε’ξηλτγμίνοις

309 4441 364 4494 den.
380 4444 415 4496 H.
469 4447 509 4498 καὶ
521 4447 565 4498 alt.
578 4455 747 4518 assumptum
759 4464 790 4500 ex
804 4448 837 4501 A.
1040 4464 1082 4503 τι.
1103 4449 1204 4504 lterum
1217 4449 1268 4504 inc.
1283 4450 1418 4517 Μαριάζιι
1432 4453 1508 4520 σφό-

308 4509 485 4631 φηέηςῄἐῦίωξί
498 4535 524 4566 τε
539 4515 600 4584 (sic)
616 4515 653 4569 H.
822 4533 865 4571 22.
885 4517 1071 4589 διισχυρίζεται
1085 4518 1122 4573 Η.
1291 4535 1333 4588 23.
1351 4518 1510 4590 ἀποστολήν
