3284 5130
144 388 199 433 xx.
214 369 329 452 26,27.
374 361 433 433 IN
464 369 497 434 S
522 361 778 434 JOANNEM.
824 369 920 436 LIB.
944 367 1026 437 XII.
1061 371 1166 437 CAP.
1181 369 1212 438 1.
1279 355 1342 434 143

144 569 248 614 πινον
265 535 495 634 πλαττομάνη
520 540 657 640 σχῆμα,
678 538 735 615 καὶ
753 539 817 634 τῆς
840 534 1012 639 ἡμετέρας
1028 537 1121 621 ἰδέας
1138 535 1344 643 ψευδομένη

145 657 228 742 τοὺς
264 661 500 762 χαρακτῆρας,
531 660 614 738 οὔτε
650 659 733 758 μὴν,
765 662 814 743 ὡς
848 657 977 763 ἑτέροις
1013 659 1134 768 ἔδοξεν
1165 661 1345 744 ἀσυνέτως

145 786 266 878 εἰπεῖν,
286 788 395 878 σῶμα
412 781 661 880 πνευματικόν,
680 783 843 863 τουτέστι
862 783 1077 888 λεπτομερές
1093 819 1133 866 τε
1152 788 1210 864 καὶ
1228 786 1342 888 ἀερῶ-

148 909 205 988 δες
234 907 293 984 καὶ
321 905 440 1008 ἕτερόν
467 940 502 985 τι
528 903 628 1008 παρὰ
655 905 727 1006 τῖγνΙ
748 907 879 1011 σόρκα.
921 913 1020 989 δοκεῖ
1045 908 1116 1012 γάρ
1145 909 1237 988 οὕτω
1270 911 1375 987 mio

110 1048 133 1110 5
150 1035 240 1107 νοεῖν
257 1063 295 1108 τε
312 1033 371 1107 καὶ
392 1021 562 1133 δέχεσθαι
581 1030 621 1110 τὸ
640 1030 887 1131 πνευματικόν·
927 1031 1045 1131 ἐπειδὴ
1072 1034 1108 1113 δὲ
1134 1032 1219 1118 ὅλος
1245 1032 1346 1130 ἡμῶν

148 1156 214 1252 τῆς
238 1152 380 1234 ἐλπίδος
397 1153 419 1231 ό
437 1155 547 1255 λόγος
573 1158 631 1233 καὶ
649 1154 671 1252 ἡ
690 1157 753 1254 τῆς
770 1153 992 1256 ἀνεγκλήτων
1015 1158 1172 1239 πίστεως
1200 1156 1347 1253 δύναμις

148 1276 239 1375 μετά
267 1277 333 1375 τὴν
357 1279 555 1379 ὁμολογίαν
584 1281 648 1378 τῆς
675 1279 781 1378 ἁγίας
811 1281 869 1357 καὶ
899 1279 1091 1377 όμυουσίου
1116 1279 1270 1382 ΤριόδοςΙ
1300 1285 1348 1361 εἰς

150 1397 193 1480 τὸ
224 1403 305 1504 περὶ
337 1404 399 1500 τῆς
430 1400 566 1501 σαρκὸς
599 1400 796 1504 μυστήριον
828 1401 1024 1504 τέτραπταί
1053 1435 1091 1481 τε
1121 1404 1179 1482 καὶ
1209 1401 1348 1496 βλέπει,

152 1523 411 1628 χρησιμώτατα
435 1525 518 1604 λίσν
537 1528 594 1603 καὶ
623 1521 708 1604 αὐτὸ
728 1523 772 1624 δὴ
791 1527 888 1603 τουτὶ
908 1531 980 1608 τοῖς
999 1526 1118 1604 ὀπίσω
1142 1526 1350 1631 κεφαλαίοις

104 1679 139 1722 ιο
153 1647 370 1753 συντέταχεν
396 1649 417 1728 ό
441 1647 611 1750 μακάριος
640 1645 927 1750 Εύαγγελιστής.
967 1649 1031 1728 θέα
1058 1648 1130 1752 γὰρ
1159 1648 1257 1733 ὅπως
1283 1651 1351 1754 οὑχ

152 1773 281 1855 ἁπλῶς
309 1775 393 1852 ἰδεῖν
420 1773 585 1869 ἐπιθυμεῖ
614 1771 676 1852 τὸν
707 1772 841 1874 Κύρων
869 1773 890 1852 ὁ
918 1776 1064 1870 θωμάς,
1093 1772 1189 1875 ζητεῖ
1213 1771 1250 1851 δέ
1278 1769 1352 1858 τοῖις

153 1895 278 1983 τύπους
309 1893 369 1976 τόν
402 1899 497 1993 ἥλων,
531 1898 706 1992 τουτέστι,
740 1892 787 1974 τά
817 1899 898 2000 περὶ
929 1894 995 1996 τὴν
1026 1896 1147 2000 σοίρκα
1178 1892 1387 1999 γεγονόταᾶ

154 2019 350 2123 τραύματα.
384 2017 593 2100 πιστεύσειν
611 2018 683 2123 γάρ
701 2021 813 2103 οὕτως
834 2020 873 2099 εὖ
894 2018 996 2120 μάλα
1018 2019 1269 2126 διισχυρίζεται
1295 2023 1353 2100 καὶ

156 2141 378 2223 σνναινέσειν
409 2150 482 2228 τοῖς
513 2143 651 2238 ἅλλοις,
683 2143 807 2247 ὅτιπερ
840 2147 984 2244 ἀληθῶς
1015 2145 1146 2239 ἀνεβίω
1175 2143 1351 2247 Χριστός·

108 2289 143 2358 ξε
158 2267 288 2361 ἀνεβίω
312 2264 349 2346 δὲ
372 2263 538 2365 δηλονότι
561 2266 652 2347 κατά
679 2267 744 2368 τὴν
767 2268 898 2370 σοίρκα.
935 2265 978 2349 τό
1001 2267 1075 2371 γάρ
1103 2303 1158 2348 τοι
1186 2267 1355 2368 τεθνηκός

157 2393 412 2493 παλινδρομεῖν
441 2390 486 2470 ἀν
508 2389 650 2475 εἰκότως
678 2399 794 2470 νοοῖτο
819 2389 909 2494 πρὸς
934 2390 1035 2495 ζωὴν,
1055 2395 1111 2472 καὶ
1137 2397 1219 2493 περὶ
1245 2391 1265 2471 δ
1291 2393 1353 2492 γε’·

157 2548 263 2615 γονεν
282 2517 301 2593 ό
320 2512 482 2612 θάνατος,
500 2517 581 2618 περὶ
600 2517 709 2595 έκεῖνο
728 2514 771 2613 δὴ
788 2512 931 2598 πάντως
950 2515 1049 2614 καὶὴ
1068 2513 1282 2597 ἀνάστασις.

162 2757 220 2822 Καὶ
247 2756 318 2834 μεθ’
349 2759 474 2848 ἡμέραι
501 2758 591 2825 ὀκτὼ
618 2757 717 2824 πάλιν
745 2757 812 2824 ἔσω
838 2753 920 2824 ἦσαν
947 2754 978 2824 οῖ
1004 2755 1147 2836 μαθιιτοί
1170 2757 1281 2837 αὐτοῦ,
1301 2755 1354 2820 καί
1371 2759 1410 2820 τό

210 2881 334 2958 Θωμᾶς
369 2884 436 2960 μετ’
469 2883 587 2949 αὐτῶν·
632 2883 762 2971 ἔρχεται
793 2883 811 2951 ὁ
842 2883 966 2950 Ἰιιοοῦο
996 2883 1063 2950 τῶν
1095 2883 1202 2972 θυρῶν
1234 2895 1358 2948 κεκλει-
1370 2942 1388 2986 e

110 3031 148 3072 ιο
211 3008 350 3089 ομὲνων,
374 3009 427 3073 καὶ
455 3009 532 3075 ἔστα
558 3005 606 3074 εἰς
632 3008 670 3075 τὸ
697 3009 796 3085 μέσον
823 3007 876 3073 καί
900 3002 991 3074 εἶπεν
1019 3005 1139 3098 Εἰρήνα
1168 3003 1250 3085 ὑμῖν.
1287 3001 1357 3072 εἶτα
1373 3021 1410 3084 ²¹1

213 3133 301 3207 λέτει
335 3137 382 3218 τῷ
413 3134 516 3226 Θωμᾷ
549 3135 634 3223 Φέρε
665 3133 722 3200 τὸν
754 3133 915 3201 δάκτυλόν
948 3156 1005 3200 σου
1036 3130 1103 3198 ὧδε
1135 3133 1188 3198 καὶ
1220 3128 1270 3198 ἴδε
1299 3132 1360 3199 τὰς

214 3254 324 3348 χεῖράς
346 3281 417 3340 μου,
437 3260 490 3324 καί
509 3261 590 3348 φέρε
614 3257 673 3325 τῖιν
697 3255 787 3349 χεῖρά
812 3282 869 3326 οου
894 3257 944 3324 καὶ
970 3260 1049 3339 βάλε
1068 3255 1115 3322 εἷο
1136 3257 1196 3323 τόν
1214 3258 1360 3347 πλευράν

213 3407 286 3465 μου,
313 3383 365 3449 καί
392 3386 436 3462 μιλ
465 3383 552 3459 ςίνου
579 3383 716 3452 ἀπιοτοο
743 3384 829 3450 ἀλλά
857 3385 982 3451 πιστός.

220 3557 441 3662 Ἐπέλαμψε
467 3555 581 3638 πάλιν
607 3561 681 3638 τοῖς
709 3556 835 3635 ἑαυτοῦ
866 3560 1041 3653 μαθηταῖς
1074 3553 1287 3660 παραδόξως
1315 3554 1364 3637 ὦς

110 3699 148 3759 ²5
163 3679 272 3762 Θεός.
307 3683 348 3758 ού
370 3679 442 3782 γάρ
461 3679 504 3778 δὴ
528 3681 609 3760 καθ’
630 3680 720 3779 ἡμᾶς
744 3678 946 3778 ἀνοιγνύναι
965 3677 1029 3760 τάς
1048 3677 1158 3780 θύρας
1176 3678 1272 3784 αύτῷ
1290 3679 1362 3756 διε-

162 3803 367 3886 κελεύσατο
388 3803 478 3906 πρὸς
502 3803 544 3883 τό
562 3803 636 3882 έσω
654 3802 844 3905 βαδίζοντι,
864 3799 927 3882 τόν
947 3801 984 3881 δέ
1002 3807 1047 3906 τῇ
1073 3795 1366 3905 τοῦπράγματος

162 3929 280 4040 φύσει
310 3929 494 4030 πρέποντα
527 3928 716 4028 μονονουχὶ
753 3929 812 4004 καὶ
843 3922 1022 4020 ἀτιμάσας
1056 3924 1180 4025 λόγον,
1211 3925 1297 4003 είσω
1329 3958 1367 4003 τε

161 4052 295 4156 γέγονε
324 4058 397 4130 τῶν
425 4058 544 4155 θυρῶν
572 4054 630 4130 καὶ
662 4048 753 4127 κατὰ
784 4044 899 4144 μάτην
926 4047 1106 4146 ἀδοκήτως
1138 4046 1536 4150 ἀναφαίνεταιαῌοακ.

162 4175 234 4276 τὴν
265 4175 400 4272 ἑστίαν,
433 4171 496 4254 τόν
528 4173 610 4252 ἰ’σον
643 4175 691 4257 ὡς
723 4171 812 4251 έοικε
843 4175 907 4248 τοῦ
938 4168 1119 4264 θαύματος
1149 4166 1281 4270 τρόπον
1311 4171 1369 4248 καὶ

108 4345 149 4404 30
163 4303 268 4406 αὐτῷ
295 4297 593 4404 δωρούμενοςτῷ
621 4296 784 4402 μακαρίῳ
807 4297 938 4400 Θωμᾷ.
979 4291 1048 4371 ἔδει
1076 4290 1147 4395 γάρ
1174 4291 1243 4371 ἔδει
1271 4299 1367 4396 φαρ-

163 4423 288 4527 μάκου
301 4427 352 4528 τῷ
370 4419 536 4520 μα’λιστα
548 4416 743 4500 πεπονθότι
761 4421 819 4499 καὶ
836 4413 1047 4524 βραχυτέρῳ
1062 4417 1142 4517 περὶ
1155 4415 1222 4516 τὴν
1235 4417 1370 4498 πίστιν.

204 4629 235 4684 5,
255 4609 319 4664 ὅλος
332 4607 360 4662 F.
374 4607 427 4663 Ed.
441 4625 496 4680 mg.
510 4606 577 4663 ὅλος
590 4605 641 4678 E(e
653 4605 718 4675 ἀλ).
733 4603 785 4660 Ed.
872 4619 915 4658 τι.
933 4603 1020 4668 βάλλε
1034 4601 1066 4656 Ε.
1144 4619 1189 4673 3ο.
1208 4601 1337 4658 aaran&
