3284 5130
140 367 324 434 mm.
369 348 427 413 IN
454 349 764 416 S.JOANNEM.
809 350 1005 417 LIB.XII.
1050 350 1151 418 cAP.
1168 353 1196 420 1.
1279 353 1342 418 133

140 545 272 617 χρισεν
294 515 333 593 έκ
357 522 453 594 “τοῡ
481 513 630 612 αἵματος
656 513 720 596 τὸν
748 514 863 610 λοβὸν
890 523 954 595 τοῦ
982 513 1071 600 ὠτός
1098 525 1162 596 τοῦ
1190 516 1341 623 δεξιοῦ,”
1388 517 1512 648 {zm-iii.

140 634 238 716 καθὰ
267 637 476 738 γέγραπται,
494 637 642 740 ἐπέθηκε
670 639 708 719 δὲ
735 641 794 719 καὶ
813 649 835 687 “
850 642 907 720 ἐπὶ
935 639 977 720 τὸ
1005 639 1116 742 ἀκρον
1137 644 1201 740 τῆς
1227 638 1343 745 χειρὸς

141 769 165 806 “
182 764 247 859 τῆς
276 760 393 867 δεξιᾶς
421 764 480 841 καὶ
507 765 563 842 ε’πὶ
591 761 634 843 τὸ
662 763 772 866 ἀκρον
795 771 860 843 τοῦ
887 761 998 848 ποδὸς
1021 772 1086 844 τοῦ
1113 763 1261 871 δεξιοῦ,”
1280 773 1344 845 τοῦ

141 880 237 962 κατὰ
256 883 421 986 Χριστὸν
440 889 639 990 μυστηρίου
657 886 721 967 τὸν
739 886 852 968 τόπον
871 891 920 970 ὡς
944 889 981 967 ἐν
1000 885 1105 968 είκόνι
1128 886 1341 994 ζωγραφῶν.

106 1006 230 1090 5ένθα
259 1006 330 1111 γὰρ
360 1011 455 1113 ὕδωρ
483 1014 540 1090 καί
569 1009 657 1109 αἷμά
682 1013 773 1109 ἔστι,
790 1010 836 1092 τά
864 1014 906 1090 δι’
927 1007 978 1092 ὧν
1001 1013 1021 1090 5
1049 1010 1242 1113 ἁγιασμὸς,
1266 1019 1345 1097 πῶς

142 1128 299 1232 ἢπόθεν
317 1134 537 1238 ἀμφίβολον,
557 1134 612 1215 ότι
635 1140 698 1235 τῆς
724 1136 894 1229 ἀληθείας
918 1133 960 1215 τὸ
985 1135 1122 1220 κάλλος
1148 1137 1186 1214 ε’ν
1205 1140 1340 1244 ἀφανε-

143 1255 286 1357 στέροις
312 1257 363 1337 ἔτι
389 1256 620 1340 διεπλάττετο
644 1257 793 1355 τόποις;
825 1261 845 1339 5
871 1258 909 1339 δὲ
930 1259 1062 1362 Κύριος
1083 1260 1185 1359 ἡμῶν
1202 1261 1379 1361 Ἰησοῦςο

144 1379 165 1457 5
185 1376 359 1482 Χριστὸς,
379 1387 428 1466 είς
445 1383 613 1482 ἀληθείας
632 1383 781 1483 δύναμιν
798 1383 840 1464 τὸ
866 1387 993 1488 σχῆμα
1018 1390 1082 1462 τοῦ
1105 1383 1215 1482 νόμου
1232 1417 1342 1482 μετα-

144 1507 229 1601 θεὶς,
259 1501 342 1591 τοὺς
371 1513 443 1588 τῶν
476 1508 579 1587 θείων
608 1507 877 1610 θνσιαστηρίων
907 1506 1107 1612 ἱερονργοδς
1138 1515 1271 1588 τελειοῖ
1300 1508 1344 1588 δι’

93 1631 284 1709 ιοἑαυτοῦ.
341 1633 398 1709 καὶ
434 1629 507 1734 γάρ
543 1633 644 1712 ε’στιν
679 1631 785 1716 αὐτὸς
822 1633 842 1711 5
879 1635 942 1730 τῆς
979 1631 1199 1714 τελειώσεως
1235 1631 1344 1734 κριός.

144 1759 280 1833 τελειοῖ
294 1752 333 1833 δὲ
352 1754 394 1834 δι’
415 1756 600 1857 άγιασμοῢ
617 1763 682 1835 τοῦ
700 1755 791 1836 κατὰ
809 1754 992 1855 ἀλήθειαν,
1011 1759 1074 1854 τῆς
1093 1755 1182 1841 ίδίας
1199 1754 1346 1863 φάσεως

144 1874 334 1962 κοινωνοὺς
352 1877 411 1957 διά
432 1882 497 1979 τῆς
514 1887 579 1959 τοῦ
599 1880 808 1976 Πνεάματος
832 1881 1023 1979 μετουσίας
1048 1879 1265 1974 ἀναδεικνὺς,
1287 1884 1346 1960 καὶ

142 2001 425 2105 μεταχαλκειίων
456 2002 592 2107 τρόπον
622 2003 701 2083 τινά
733 2002 799 2102 τὴν
834 2003 1023 2108 ἀνθρώπου
1056 2005 1171 2109 φύσιν
1200 2010 1248 2088 είς
1279 2003 1346 2104 τὴν

144 2123 237 2227 ι’πτέρ
256 2123 447 2227 ἄνθρωπον
465 2127 614 2226 δύναμίν
632 2161 670 2207 τε
693 2130 750 2208 καί
772 2126 896 2236 δόξαν.

97 2277 131 2337 15
202 2250 312 2328 Ἀλλ’
331 2249 385 2330 ότι
403 2252 469 2349 μὲν
485 2255 548 2351 τῆς
573 2251 742 2350 ἀληθείας
768 2253 830 2332 οὐκ
859 2251 929 2358 ἔξω
957 2287 1028 2333 που
1053 2257 1216 2358 φανεῖται
1241 2254 1299 2332 καὶ
1325 2253 1345 2332 5

142 2376 226 2478 περὶ
257 2372 395 2454 τούτων
426 2375 510 2474 ἡμῖν
541 2373 695 2478 γεγονίος
728 2375 849 2477 λόγος,
879 2377 943 2456 οὐκ
975 2376 1194 2483 ἀμφίβολον.
1245 2373 1374 2475 πλὴνρ

143 2495 256 2578 ἐκεῖνό
275 2531 327 2582 τις
346 2498 466 2600 λέγων
483 2499 650 2605 ἀφίξεται
675 2497 784 2604 τυχὸν
802 2503 859 2580 καὶ
883 2497 1169 2607 φιλοπευστήσει
1185 2534 1344 2604 χρηστο-

143 2625 280 2720 μαθῶς,
308 2623 381 2724 ἐρεῖ
410 2620 449 2703 δὲ
479 2621 569 2706 ἴσως
598 2628 674 2704 Ποῖ
705 2621 749 2722 δὴ
782 2621 852 2725 ἀρα
885 2625 943 2702 καὶ
975 2621 1063 2704 πότε
1095 2621 1161 2721 τὴν
1190 2621 1249 2703 διά
1280 2632 1344 2704 τοῦ

146 2743 359 2842 Πνεάματος
387 2746 492 2850 χάριν
516 2751 549 2826 οί
577 2754 640 2826 τοῦ
669 2749 836 2848 Σωτῆρος
863 2747 964 2846 ἡμῶν
988 2746 1203 2842 ἐκομίσαντο
1230 2753 1347 2846 μαθη-

94 2900 133 2942 20
144 2868 209 2948 ταί
219 2902 229 2962 ;
257 2866 315 2948 ὅτε
343 2868 419 2948 κατ’
439 2866 536 2949 οἶκον
553 2871 672 2953 αὐτοῖς
700 2872 911 2977 ἐπέλαμψεν
929 2872 949 2949 5
969 2868 1097 2970 Σωτὴρ
1125 2869 1228 2954 εὐθὺς
1255 2869 1346 2968 μετά

144 2992 214 3092 τὴν
232 2992 449 3090 ἀνάστασιν,
469 2991 680 3101 ένεφόοησέ
698 3027 737 3073 τε
763 2994 883 3096 λέγων
901 2997 1040 3089 Λάβετε
1059 2997 1198 3100 Πνεῦμα
1215 2990 1342 3097 Ἅγιοι·

143 3115 169 3217 ἢ
195 3119 233 3197 έν
256 3124 335 3201 ταῖς
359 3117 502 3220 ἡμέραις
526 3121 591 3217 τῆς
615 3118 719 3219 ἁγίας
740 3122 996 3218 πεντηκοστῆς,
1017 3117 1074 3198 ὅτε
1098 3117 1142 3217 δὴ
1166 3117 1278 3199 πάλιν
1297 3125 1345 3204 είς

144 3241 209 3320 ἕνα
240 3240 493 3346 συναχθέντων
520 3239 632 3321 τόπον
659 3251 681 3288 “
698 3242 864 3342 Ἐγένετο
896 3242 1001 3348 ἄφνω
1035 3242 1074 3322 ε’κ
1103 3250 1166 3322 τοῦ
1194 3243 1345 3345 οὐρανοῦ
1389 3268 1512 3320 Actass„

146 3375 168 3412 “
187 3363 276 3470 ἦχος
297 3361 421 3466 ὥσπερ
450 3364 645 3468 φερομένης
665 3369 777 3465 πνοῆς
798 3367 928 3462 βιαίας,
947 3367 1005 3445 καὶ
1026 3360 1207 3471 ὤφθησαν
1226 3367 1345 3449 αὐτοῖς
1389 3334 1480 3466 5¹2³.

91 3513 132 3574 ²5
146 3500 169 3536 “
188 3485 466 3590 διαμεριζόμεναι
493 3494 667 3590 γλῶσσαι
694 3491 782 3568 ὡσεὶ
806 3487 929 3592 πυρὸς,
947 3492 1006 3569 καὶ
1024 3489 1189 3570 ε’κάθισευ
1206 3493 1262 3595 ἐφ’
1283 3490 1380 3592 &aad

145 3623 169 3661 ‘⁴
188 3612 342 3692 ἕκαστον
375 3613 502 3709 αὐτῶν,
534 3614 593 3691 καὶ
630 3611 789 3719 ἤρξαντο
823 3619 951 3693 λαλεῖν
983 3613 1116 3718 ἑτέραις
1153 3615 1346 3716 γλώσσαις

145 3747 170 3784 “
187 3735 306 3821 καθὼς
330 3733 373 3816 τό
393 3741 542 3834 Πνεῦμα
567 3736 681 3817 ε’δίδου
705 3737 1004 3841 ἀποφθέγγεσθαι
1029 3737 1180 3822 αὖτοῖς.”
1209 3736 1232 3840 ἢ
1260 3739 1344 3842 γὰρ,

145 3863 253 3966 φησὶ,
280 3858 401 3960 διττὴν
429 3857 599 3940 δεδόσθαι
627 3858 693 3959 τὴν
721 3860 826 3964 χάριν
854 3864 972 3948 αὐτοῖς
1000 3860 1207 3961 οἰησόμεθα,
1235 3863 1348 3965 ἤγουν

144 3981 211 4064 τὸν
238 3981 361 4087 καιρὸν
389 3981 629 4084 ἀγνοήσομεν,
652 3985 735 4064 καθ’
760 3981 801 4064 όν
830 3987 975 4083 ἀληθῶς
1001 3983 1176 4087 γεγόνασι
1202 3987 1347 4091 μέτοχοι

88 4150 132 4208 30
145 4116 211 4189 τοῦ
237 4108 367 4210 Ἀγίου
397 4107 617 4208 Πνειίματος,
646 4105 742 4210 εἴπερ
772 4106 909 4207 ἀληθὴς
943 4112 1001 4187 καὶ
1031 4110 1052 4188 5
1084 4115 1148 4187 τοῦ
1179 4113 1348 4212 Σωτῆρος

143 4231 247 4332 η’μῶν
266 4231 464 4334 εὑρίσκοιτο
483 4229 594 4334 λόγος
617 4234 675 4312 καὶ
700 4230 742 4311 τὸ
759 4232 798 4310 ἐν
814 4237 891 4314 ταῖς
915 4229 1073 4338 πράξεσι
1101 4230 1348 4335 γεγραμμένον

144 4357 227 4461 περὶ
254 4361 326 4436 τῶν
355 4355 468 4457 ἁγίων
495 4361 676 4456 μαθητῶν.
723 4354 808 4436 ἀλλ’
838 4357 1051 4452 ε’νδοιοισμοῡ
1082 4353 1147 4455 μέν
1176 4355 1348 4465 ἄξιοντὸ

293 4599 335 4655 23.
354 4581 398 4656 εὐιι
410 4600 437 4654 p.
450 4581 478 4637 δν
490 4582 542 4640 Ed.
956 4599 998 4651 24.
1017 4583 1161 4655 φερόμενος
1174 4585 1207 4642 E.
