3294 5130
405 333 537 401 QUOD
564 335 689 402 UNUS
717 337 797 403 EST
823 337 1057 407 CHRISTUS.
1264 343 1328 406 455

706 615 758 689 ΙΙ.

214 813 449 872 FRAGMENTA
473 813 669 872 HOMILIAE
693 813 805 875 QUOD
828 815 934 870 UNUS
959 815 1029 872 EST
1051 815 1251 875 CHRISTUS.
1341 827 1419 876 Hom.
1433 836 1464 890 τη

1342 893 1475 942 videinfn

346 1009 408 1076 ,Εκ
436 1013 493 1076 τοῦ
519 1009 619 1075 αὐτοῦ
646 1009 744 1080 κότου
770 1009 821 1075 ὅτι
847 1001 895 1075 εἷς
921 1009 940 1076 ὁ
967 1009 1114 1098 χρωτός.
1341 958 1426 1022 1245ss
1437 960 1489 1006 not

193 1157 243 1232 Οἱ
269 1155 482 1257 διαιροῦντες
505 1158 553 1237 είς
578 1150 672 1236 υἱοὺς
694 1151 758 1231 δύο
782 1150 846 1234 τὸν
863 1153 926 1232 ἕνα
944 1150 1118 1255 Χριστὸν,
1138 1150 1263 1256 ῶσπερ
1281 1157 1331 1237 είς

97 1273 254 1376 5λήθην
280 1277 409 1377 ἥκουσι
435 1283 507 1357 τῶν
534 1283 600 1357 τοῦ
631 1277 805 1378 μακαρίου
837 1274 988 1356 Παῦλον
1018 1282 1161 1384 φωνῶν·
1196 1275 1330 1384 γράφει

134 1395 209 1500 γὰρ
236 1400 405 1502 ἐναργῶς,
432 1397 519 1480 ποτὲ
547 1397 613 1498 μὲν
634 1396 690 1478 ὅτι
717 1408 740 1446 “
753 1397 838 1497 ἡμῖν
859 1397 908 1483 είς
927 1391 1058 1483 &ebs-'5
1079 1395 1210 1501 πατὴρ,
1230 1398 1274 1505 ἐξ
1287 1398 1329 1478 οῦ
1341 1407 1425 1523 ἐσθ’·
1438 1407 1490 1458 vffi·

135 1529 158 1568 “
175 1518 221 1598 τὰ
238 1521 357 1602 πάντα
378 1525 437 1603 καὶ
454 1556 552 1622 ημεις
576 1521 621 1628 εξ
641 1528 760 1617 αυτοῦ,
779 1524 837 1601 καὶ
855 1519 904 1606 είς
924 1521 1055 1623 Κύριος
1072 1522 1215 1620 Ἰησοῦς
1232 1526 1324 1623 Χρι-
1362 1510 1367 1523 ¹

134 1651 158 1690 “
176 1640 278 1741 στδς,
298 1641 352 1724 ’δι’
382 1645 424 1726 οῦ
452 1643 498 1726 τά
525 1643 644 1725 πάντα
671 1647 730 1723 καὶ
757 1643 856 1743 ἡμεῖς
887 1643 934 1723 δι’
963 1644 1102 1740 αῦτοῦ,”
1133 1645 1192 1722 καὶ
1216 1641 1330 1724 πάλιν

134 1777 157 1815 “
177 1764 242 1851 Εἷς
269 1765 412 1871 Κύριος,
439 1769 504 1866 μία
530 1768 664 1863 πίστις,
692 1763 730 1845 ἓν
750 1763 977 1864 βάπτισμα·”
1015 1772 1044 1846 εἰ
1072 1762 1111 1845 δὲ
1137 1763 1234 1866 ἦσαν
1263 1769 1329 1846 υἱοὶ
1341 1794 1407 1860 κρυ.
1415 1794 1451 1846 iv.
1460 1805 1485 1857 5·

74 1923 122 1966 ιο
135 1889 200 1970 δύο
221 1891 317 1970 κατοί
336 1924 446 1981 τινας,
475 1890 546 1996 ἔφη
569 1889 613 1968 ἄν
632 1887 710 1968 Διίο
737 1885 859 1989 κύριοι,
878 1887 942 1967 δύο
968 1889 1119 1987 πίστεις,
1137 1887 1200 1968 δύο
1226 1897 1325 1984 βαπ-
1342 1911 1440 2025 ἕξιν.

133 2013 305 2110 τίσματα·
345 2013 407 2093 ἕνα
435 2012 473 2092 δὲ
499 2011 694 2114 λέγωνκαὶ
721 2012 808 2108 μίαν
834 2009 961 2090 πίστιν
988 2013 1047 2090 καὶ
1071 2011 1108 2091 ἓν
1126 2011 1330 2111 βάπτισμα,
1342 1991 1486 2105 υεμίίῶοι.

133 2136 272 2214 ἐκείνων
295 2135 530 2216 ἀπαιδευσίαν
551 2131 846 2242 καταψηφίζεται.
883 2139 912 2213 εί
936 2133 1009 2236 γὰρ
1025 2133 1088 2213 δύο
1107 2135 1182 2214 κατ’
1202 2111 1500 2222 αῦτοθςίὲιῶῗῶίίί

134 2262 217 2355 είσι,
235 2259 314 2338 τίνα
342 2257 463 2362 κῦριον
485 2257 642 2356 ε’ίπομεν,
667 2257 735 2335 τίνι
761 2253 828 2356 τὴν
854 2255 979 2336 πίστιν
1007 2257 1263 2358 ὁμολογοῦμεν,
1282 2263 1330 2342 είς
1345 2236 1424 2286 ¹⁰⁸*

134 2379 179 2461 τὸ
196 2381 290 2465 τίνος
308 2381 422 2481 ὄνομα
438 2378 707 2482 βαπτιζὸμεθας

77 2609 121 2670 15
531 2576 592 2641 Ἐκ
619 2581 675 2643 τοῦ
704 2577 803 2643 αὐτοῦ
830 2577 939 2651 λότου.

184 2739 336 2840 Ἴδωμεν
363 2746 507 2842 πρῶτον
539 2739 577 2819 τί
606 2745 720 2844 φησιν
748 2740 768 2818 ὁ
796 2735 967 2840 μακάριος
995 2736 1148 2837 Δανιὴλ,
1177 2742 1236 2819 καὶ
1266 2739 1332 2840 τὴν

134 2861 264 2965 ὅρασιν
282 2865 391 2944 αὐτοῦ
411 2863 477 2963 τὴν
496 2860 791 2968 φρικωδεστάτην
815 2859 901 2965 φὲρε
922 2862 1332 2964 πολυπραγμονήσωμεν

135 2987 346 3087 ἀναγκαίως,
361 2993 504 3089 πρῶτον
522 2984 587 3082 μὲν
604 2989 795 3064 τεθεᾶσθαι
808 2983 964 3064 παλαιὸν
978 2984 1119 3086 ἡμερῶν
1131 2982 1331 3083 καθήμενον

132 3108 190 3188 ε’πὶ
220 3107 349 3211 θρόνου
376 3112 434 3188 καὶ
458 3106 621 3212 χιλιάδας
650 3105 928 3210 λειτουργοῦσας
956 3107 1064 3214 αὐτῷ,
1082 3109 1141 3186 καὶ
1159 3104 1331 3209 μυριάδας

74 3269 120 3312 20
133 3232 374 3333 περιεστῶτας
401 3232 510 3310 αὑτοῦ
527 3229 591 3309 τὸν
609 3226 749 3330 θρόνον·
789 3225 865 3308 εἶτά
893 3236 1010 3335 φησιν
1034 3239 1056 3277 “
1073 3229 1276 3334 Ἐθεώρουν
1292 3231 1330 3308 ε’ν
1341 3245 1408 3298 nm.
1419 3248 1462 3298 vii·

134 3363 157 3401 “
176 3354 327 3457 ὁράματι
340 3357 403 3453 τῆς
418 3351 543 3437 νυκτὸς
562 3353 620 3431 καὶ
635 3350 711 3432 ίδοῦ
724 3351 812 3451 μετὰ
830 3357 903 3433 τῶν
921 3357 1084 3459 νεφελῶν
1101 3360 1165 3432 τοῦ
1179 3353 1330 3454 οὐρανοῦ
1345 3325 1383 3375 ¹³⁹
1394 3326 1433 3376 ¹4

134 3489 156 3526 ‘⁴
174 3480 224 3562 ῶς
241 3476 314 3562 υίὸς
329 3477 519 3580 άνθρῶπου
536 3471 734 3579 ἐρχόμενος,
750 3476 807 3553 καὶ
821 3474 886 3557 ἕως
899 3484 962 3554 τοῦ
980 3481 1138 3554 παλαιοῦ
1155 3481 1228 3556 τῶν
1246 3477 1330 3577 ἡμε-

134 3610 157 3648 “
174 3607 248 3702 ρῶν
278 3600 428 3706 ἔφθασε,
460 3600 519 3677 καὶ
551 3595 701 3676 ε’νῶπιον
738 3597 846 3675 αὐτοῦ
879 3597 1110 3701 προσηνέχθη
1143 3600 1203 3677 καὶ
1235 3601 1331 3706 αὐτῷ

134 3731 157 3770 “
174 3719 320 3821 ἐδόθηὴ
347 3718 431 3821 τιμὴ
459 3722 517 3799 καί
541 3718 564 3818 ἡ
585 3719 759 3813 βασιλεία
781 3721 840 3796 καὶ
867 3724 984 3798 πᾶσαι
1012 3724 1126 3824 φυλαὶ
1154 3726 1330 3822 γλῶσσαι

75 3878 118 3940 ²5
134 3855 156 3894 ‘⁴
175 3845 271 3953 αὐτῷ
285 3843 550 3925 δουλεύουσιν.”
578 3840 653 3922 ίδοῦ
666 3840 710 3943 δὴ
727 3849 859 3948 σαφῶς
876 3846 924 3928 ῶς
944 3844 1016 3929 υἱὸς
1032 3844 1222 3948 ἀνθρώπου
1239 3845 1329 3946 μετὰ

132 3974 205 4048 τῶν
234 3974 396 4073 νεφελῶν
423 3966 561 4071 ἔρχεται
589 3967 646 4045 καὶ
674 3965 778 4070 με’χρι
806 3973 870 4045 τοῦ
898 3976 1054 4047 παλαιοῦ
1085 3975 1157 4048 τῶν
1189 3969 1330 4072 ἡμερῶν

132 4091 285 4196 ἔφθασε.
325 4093 384 4170 καὶ
408 4089 446 4170 τί
467 4087 573 4170 τοῦτό
597 4091 676 4168 ε’στι
694 4087 944 4200 δοκιμάσωμεν
962 4092 1130 4193 ἀκριβῶς.
1168 4087 1238 4194 ἆρα
1256 4090 1329 4194 γὰρ

131 4211 233 4322 τόπῳ
259 4211 480 4316 περιληπτδς
507 4213 527 4292 ὁ
555 4218 628 4291 τῶν
655 4211 753 4292 ὅλων
778 4211 871 4296 θεὸς
899 4212 940 4291 οῦ
967 4211 1086 4293 πάντα
1113 4211 1232 4311 μεστά
1242 4245 1254 4310 ;
1286 4214 1328 4292 οῦ

170 4396 194 4436 τ.
213 4379 256 4436 Ex
273 4379 366 4436 eodem
386 4380 485 4436 Νίκαια
503 4379 642 4436 ehoniate.
662 4378 730 4435 God.
750 4379 989 4437 hun-Florentia
1008 4381 1054 4435 fol.
1069 4397 1128 4452 134,
1145 4380 1164 4435 b
1179 4381 1226 4436 fol.
1238 4379 1288 4452 169
1300 4400 1327 4436 v.

132 4451 160 4506 6.
178 4449 453 4538 ἐξοδεδπάνταοιυ.
466 4449 494 4506 b.
630 4465 672 4504 12.
689 4447 796 4575 γὰρφλδὲ
808 4450 835 4505 b.
972 4469 1011 4518 ¹4·
1029 4453 1241 4522 τὸαςοιυυριυιυ
1254 4451 1327 4508 οιδ.

133 4537 178 4591 23.
197 4521 274 4590 ε’δόῶη
286 4521 356 4595 αῦτφ
368 4522 396 4578 b.
539 4521 582 4575 28.
600 4520 659 4577 θεὸς
670 4542 721 4575 των
733 4541 748 4574 ο
767 4542 803 4575 ων
815 4521 843 4575 b.
