3280 5142
304 308 349 372 34
609 316 649 382 B.
673 315 884 382 CYRILLI
914 315 1206 382 ALEXANDR.
1351 313 1441 379 xviii.
1456 333 1510 380 αι.

304 474 428 558 τύπων
455 477 595 586 ἔρχεται
627 483 686 562 καὶ
718 487 835 581 σκιᾶς,
865 484 924 562 καὶ
957 480 1165 590 ἀναφανδὸν
1193 481 1236 561 οὐ
1268 477 1429 561 διδάσκει
1465 474 1510 556 τὸ

305 600 433 684 δοκοῦν
463 609 514 714 τῷ
543 610 637 714 Θεῷ,
666 603 865 688 πλάττεται
898 603 937 686 δὲ
967 612 1117 707 μᾶλλον
1146 608 1211 706 τῆς
1243 602 1413 704 ἀληθείας
1447 601 1509 707 ἐφ’

136 723 441 812 1025Δ-Εὲαυτοΐς
476 727 542 831 τὴν
576 729 775 838 ὑπόληψιν,
807 733 867 811 καὶ
902 736 948 838 τῇ
984 729 1164 835 παχύτητι
1200 737 1265 809 τοῦ
1296 725 1510 831 γράμματος

303 852 600 957 κατημφιεσμένα
637 853 776 957 γυμνὴν
809 855 873 935 ούκ
909 853 1068 962 εἰσφέρει
1101 858 1175 934 τῶν
1205 852 1410 956 ἀναγκαίων
1438 849 1510 951 τὴν

302 971 452 1074 εἴδησιν·
487 975 556 1082 ε’γάι
582 979 612 1060 ἐν
632 980 801 1091 παρ’ῥησίρ
824 978 1014 1073 λελάληιια
1038 986 1085 1088 τῷ
1111 979 1242 1088 κόσμῳ·
1285 972 1542 1076 αίνιγμάτων5

302 1094 375 1201 γάρ
402 1099 486 1206 δίχα
512 1105 572 1182 καὶ
598 1108 705 1188 σκιᾶς
733 1107 798 1202 τῆς
824 1104 1071 1205 τῶνάγαθῶν
1099 1101 1192 1187 ἰδέας
1218 1099 1412 1207 παρέδειξα
1438 1096 1508 1198 τὴν

301 1223 539 1328 κατόρθωσιν,
561 1230 620 1309 καὶ
647 1228 808 1332 πλαγίας
836 1225 983 1326 ἀπάσης
1008 1225 1228 1334 ἐξῃρημένης
1252 1227 1417 1324 εύθυτενῆ
1440 1227 1507 1324 τῆς

300 1351 350 1431 εἰς
377 1346 474 1429 Θεὸν
499 1351 684 1445 εὐσεβείας
713 1350 882 1459 ἀπέδειξα
908 1348 975 1451 τὴν
1003 1348 1100 1432 ὁδόν.
1144 1349 1212 1456 ἒγάι
1240 1349 1431 1446 λελιίληιια
1458 1359 1509 1458 τῷ

303 1475 432 1582 κόσμῳ,
462 1475 530 1581 ούχ
567 1475 622 1556 ἑνί
651 1482 746 1582 φησι
776 1474 870 1578 γένει
901 1480 975 1556 τῶν
1002 1475 1047 1583 ἐξ
1071 1473 1240 1580 Ἰσραήλ·
1284 1478 1314 1554 εἰ
1342 1470 1416 1576 γάρ
1444 1473 1508 1552 καὶ

298 1594 408 1695 μήπω
435 1598 547 1702 τυχὸν
568 1605 643 1684 τοῖς
671 1597 740 1679 ἀνά
765 1606 892 1680 πᾶσαν
914 1595 982 1700 τὸν
1005 1598 1214 1700 οἰκουμένην
1238 1593 1403 1679 ἕκπυστά
1426 1629 1507 1679 πως
1524 1627 1562 1669 10
1629 1685 1630 1736 ἡ

299 1722 380 1800 ἐστὶ
409 1719 455 1801 τὰ
487 1721 650 1828 ἡμέτερα,
680 1725 766 1803 ἀλλ’
796 1723 898 1804 ἔσται
932 1721 1024 1804 κατά
1054 1725 1206 1828 καιρούς.
1256 1720 1325 1826 ε’γάι
1358 1716 1507 1802 πάντοτε
1629 1741 1630 1822 λ

299 1839 444 1953 ἐδιδαξιι
461 1847 492 1926 ἐν
510 1849 705 1958 συναγωγῇ.
746 1849 805 1929 καὶ
827 1847 866 1928 τί
884 1846 991 1929 τοῦτό
1008 1850 1098 1948 ε’στι,
1116 1853 1194 1932 πῶς
1221 1847 1285 1926 οὐκ
1308 1847 1507 1946 ἀναγκαῖον
1629 1849 1630 1870 ’

265 1972 385 2049 λὶδεῖυ
397 2001 409 2067 ;
444 1975 494 2054 είς
518 1967 732 2072 ἀνάμνησιν,
751 1973 799 2055 ὡς
823 1969 925 2070 ἔοικε,
943 1975 1002 2052 καὶ
1027 1973 1095 2078 οὐχ
1120 1968 1267 2054 ἑκόντας
1291 1975 1397 2049 καλεῖ
1419 1964 1506 2051 τοὺς

298 2097 372 2172 τῶν
389 2093 573 2175 Ἰουδαίων
596 2093 868 2198 προεστηκότας
896 2096 1118 2204 προφητείαις
1145 2095 1300 2201 ἐχούσης
1326 2089 1395 2172 ὧδε
1421 2093 1506 2194 περὶ

300 2217 419 2297 αὐτοῦ.
470 2219 508 2298 τί
535 2217 607 2322 γὰρ
638 2219 710 2327 ἔφη
745 2217 859 2301 πάλιν
888 2220 974 2320 ἡμῖν
1007 2221 1026 2300 ὃ
1060 2227 1152 2304 θεῖος
1180 2217 1352 2314 Ἡσαΐας,
1382 2218 1431 2299 ὡς
1464 2216 1504 2295 ἐκ
1522 2241 1559 2302 15

415 2341 427 2370 Ι
683 2352 699 2369 n
817 2343 827 2370 2
898 2346 908 2370 Ι
1064 2349 1080 2367 Α
1203 2342 1214 2368 Ι
1376 2341 1385 2367 2
1416 2336 1426 2365 λ
1475 2341 1485 2367 2

228 2373 235 2390 ·
298 2375 500 2444 προσωπου
532 2347 713 2446 Χριστου·
730 2353 752 2391 “
770 2348 852 2424 Ουκ
888 2379 928 2423 εν
959 2351 1080 2452 κρυφη
1119 2353 1310 2444 λελαληκα
1346 2342 1427 2421 ουδε
1464 2373 1505 2419 ευ

228 2505 235 2520 ·
298 2474 322 2513 “
338 2465 438 2575 τόπερ
474 2471 542 2570 γῆς
577 2465 782 2577 σκοτεινῲ,”
821 2471 879 2548 καὶ
916 2467 1030 2550 πάλιν
1067 2481 1087 2517 “
1101 2467 1226 2568 Ὅλην
1262 2464 1329 2566 τὴν
1366 2462 1505 2566 ἡμέραν

298 2601 320 2637 “
339 2590 541 2698 ἐξεπέτασα
577 2590 642 2676 τάς
679 2589 800 2697 χεῖράς
833 2627 904 2690 μου
936 2591 1028 2697 πρὸς
1066 2593 1158 2673 λαὸν
1190 2595 1405 2673 ἀπειθοῦντα
1441 2590 1504 2667 καὶ

297 2727 318 2763 “
337 2714 610 2816 ἀντιλέγοντα.”
640 2714 773 2819 τὸγὰρ
791 2713 882 2816 μήτε
901 2719 939 2797 εὐ
957 2722 1078 2824 κρυφῇ
1095 2717 1185 2818 μήτε
1199 2720 1237 2797 έν
1254 2715 1355 2824 τόπερ
1372 2719 1504 2793 λαλεῖν

296 2845 482 2945 σκοτεινῷ,
510 2842 549 2919 τί
572 2837 618 2919 ἀν
646 2840 765 2941 ἕτερον
793 2839 846 2941 ε’ίη
878 2839 1019 2940 λοιπόν,
1046 2839 1070 2941 ἢ
1099 2839 1141 2921 τό
1169 2845 1350 2921 ποιεῖσθαι
1376 2836 1443 2937 μὲν
1471 2837 1502 2918 ἒν
1518 2877 1559 2918 20
1629 2865 1630 2948 ff

296 2965 466 3072 παρ’ῥησίρ
497 2960 562 3047 τὰς
600 2962 785 3069 διαλέξεις,
817 2972 946 3045 λαλεῖν
976 2964 1015 3045 δὲ
1047 2967 1085 3046 ἐν
1114 2963 1237 3049 τόποις
1274 2965 1339 3045 οὐκ
1370 2963 1503 3064 ὀλίγην

267 3084 422 3190 σε”χουσι
451 3090 526 3165 τῶν
553 3087 789 3190 ἀκροωμένων
815 3087 882 3189 τὴν
909 3087 1065 3171 σύνοδον
1076 3122 1088 3187 ;
1131 3096 1252 3175 καλῶς
1283 3087 1321 3168 δὲ
1350 3085 1504 3194 σφόδρα

296 3212 355 3290 καὶ
392 3210 594 3315 ἀναγκαίως
631 3217 695 3312 τῆς
730 3220 797 3292 τοῦ
831 3211 1021 3319 προφήτου
1058 3211 1149 3318 πρὸς
1184 3211 1387 3313 ἀνάμνησιν
1420 3213 1503 3315 ἀγει

297 3337 430 3438 φωνῆς,
465 3335 524 3415 ἵνα
565 3332 610 3437 δὴ
652 3334 811 3436 μάθοιεν,
849 3335 904 3418 ότι
940 3338 1103 3442 κρίνουσι
1137 3344 1328 3433 δυσσεβῶς
1363 3335 1428 3420 τόν
1463 3339 1504 3416 ἐν

295 3457 443 3538 ἐλπίσιν
461 3460 579 3543 αὐτοῖς
603 3459 909 3564 χρεωστούμενον.
948 3459 1131 3544 Ἰουδαίων
1148 3461 1220 3568 γὰρ
1241 3463 1263 3562 ἡ
1282 3463 1500 3567 ἐπαγγελία,
1519 3495 1559 3555 ²5

296 3581 389 3661 κατὰ
406 3579 474 3681 τὴν
493 3591 557 3664 τοῦ
578 3582 732 3665 Παύλου
751 3583 889 3692 φωνήν.

127 3449 202 3502 Rom.
215 3449 251 3501 lx.

128 3532 152 3578 4.

246 3913 280 3955 21
297 3887 336 3954 Τί
362 3911 402 3966 με
428 3889 558 3984 ἐρωτᾷς
571 3921 580 3974 ;
616 3888 784 3981 ὲρώτυσον
813 3892 888 3960 τοὺσ
915 3895 1111 3977 ἀκιικοόται,
1137 3897 1168 3962 τί
1197 3899 1343 3963 ἐλάλησα
1376 3894 1499 3964 αὐτοῖο·

599 4011 649 4082 ἴδε
676 4013 767 4085 οὗτοι
793 4015 920 4089 οἴδασιν
947 4025 969 4087 ἅ
996 4015 1089 4090 εἶπον
1115 4022 1192 4098 ὲτὼ.

353 4205 591 4306 Ἐπιπλήττει
619 4213 693 4292 τοῖς
726 4211 980 4309 νομομαθέσιν,
1007 4215 1057 4298 ὡς
1088 4215 1146 4293 καὶ
1174 4211 1284 4294 αὐτόν
1310 4212 1501 4315 ἠδικηκόσι

295 4325 358 4408 τὸν
376 4332 434 4436 ἐφ’
455 4327 485 4436 ᾧ
503 4332 739 4431 σεμνύνονται
759 4331 881 4432 νόμον.
921 4343 973 4444 τῷ
998 4337 1069 4441 γάρ
1096 4340 1195 4418 οὔπω
1213 4340 1500 4448 κατεγνωσμέναι
1516 4371 1557 4428 30

660 4564 686 4618 5.
706 4551 757 4622 ε’γδι
770 4551 810 4624 έν]
825 4552 877 4625 ἐγὼ
890 4553 923 4609 Ε.
936 4553 987 4626 ε’γὼ
1000 4555 1028 4609 δέ
1041 4556 1069 4611 έν
1081 4556 1133 4612 Ed.
