3294 5130
370 307 424 372 IN
451 306 713 373 EPISTOIiAM
742 305 807 372 AD
838 305 1089 372 HEBRAEOS.
1265 308 1354 470 4231
1383 403 1490 470 Μ]

1366 419 1383 468 4
1459 442 1465 455 .

126 467 273 574 ἔχοντος
310 473 369 550 καὶ
404 472 488 569 ἡμῖν
524 468 706 575 ἀραρότως
743 477 807 550 τοῦ
842 473 901 550 καὶ
938 472 1181 577 ἐμψνχῶσθαι
1222 475 1329 577 ψυχῇ

128 596 263 700 λογικῇ
290 590 355 674 τὸν
381 594 555 675 ἑνωθέντα
583 599 633 703 τῷ
662 592 773 704 Λόγῳ
802 594 900 674 ναόν.

187 850 344 943 Κυρίλλου
370 853 407 918 ἐκ
433 857 492 919 riic
509 851 693 943 ’ἑρμηνείας
719 857 779 918 iiic
805 851 888 942 npdc
914 852 1065 942 ἑβραίουο
1091 854 1278 922 ἐπιστολῆς.

195 1024 255 1102 Ol
272 1020 344 1126 γὰρ
362 1020 406 1123 ἦν
424 1024 614 1129 ἀνθρώπου
631 1029 747 1130 ψιλοῦ
770 1026 828 1104 καὶ
853 1031 926 1104 τῶν
944 1027 1026 1105 καθ’
1051 1025 1143 1123 ἡμᾶς
1165 1022 1252 1124 ἑνὸς,
1271 1029 1334 1124 τῆς

97 1145 227 1236 5κατᾶ
255 1146 369 1251 φύσιν
397 1147 486 1250 ζωῆς
513 1147 761 1251 ἅποπεραῖνειν
783 1147 959 1229 δύνασθαι
983 1148 1049 1248 τὴν
1070 1150 1257 1251 ἐνέργειαν,
1277 1147 1334 1228 διὰ

134 1279 243 1350 τοῦτο
264 1280 286 1316 “
300 1269 418 1374 χάριτι
439 1276 534 1352 Θεοῦ
546 1271 565 1298 ”
590 1274 648 1351 καὶ
668 1267 755 1350 αὐτὸ
778 1269 820 1351 τὸ
844 1276 953 1371 σῶμα
974 1279 1038 1351 τοῦ
1059 1274 1101 1351 δι’
1124 1273 1215 1371 ἡμᾶς
1235 1275 1334 1352 ε’ναν-
1347 1304 1484 1372 nauita

136 1391 397 1496 θραστήσαντος
412 1391 545 1495 Λόγου,
559 1393 673 1474 καίτοι
687 1393 783 1474 ’κατὰ
797 1394 912 1499 φύσιν
930 1394 1031 1478 ὄντος
1050 1393 1150 1496 ζωῆς,
1165 1393 1253 1498 ὑπὲρ
1271 1399 1334 1494 τῆς

136 1514 305 1596 ἁπάντων
332 1518 512 1620 σωτηρίας
540 1517 716 1618 ἐγεύσατο
744 1518 909 1614 θανάτου,
928 1517 1022 1598 καθα
1048 1526 1164 1624 φησιν
1186 1515 1334 1602 αὐτόςὸ

136 1640 324 1742 ἱερώτατος
344 1645 503 1738 Παῦλος,
522 1641 580 1720 ἵνα
602 1638 654 1739 μὴ
675 1647 740 1720 τοῦ
764 1640 890 1743 γηΐνον
917 1640 1085 1741 σώματος
1114 1641 1220 1746 ἔργον
1247 1638 1335 1721 εἶναι

79 1809 123 1851 10
137 1764 324 1862 νομισθείη
342 1762 383 1842 τὸ
402 1766 628 1867 καταργῆσαι
646 1763 810 1860 θάνατον,
830 1765 938 1844 αὐτοῦ
966 1763 1004 1845 δὲ
1032 1763 1075 1863 δὴ
1103 1771 1249 1863 μᾶλλον
1271 1773 1335 1846 τοῦ

136 1886 328 1972 ἑνωθεῦτος
344 1889 440 1996 αὐτῷ
462 1891 520 1967 καὶ
538 1888 625 1990 παρ’
645 1886 732 1966 αὐτὸ
750 1886 872 1990 ε’τέρου
891 1886 983 1968 κατὰ
1011 1887 1126 1994 φύσιν
1154 1887 1335 1995 ὑπάρχον-

136 2045 201 2096 τος
222 2010 358 2111 Λόγου.

178 2237 203 2276 1.
221 2221 262 2275 καὶ
274 2221 347 2292 priua
360 2229 530 2344 aasumfltum
541 2237 572 2276 eii
586 2239 609 2276 a.
664 2223 704 2276 καὶ
717 2222 762 2277 alt.
774 2238 829 2277 om.
842 2221 1021 2294 Nicephorus.
1209 2241 1233 2278 2.
1252 2222 1335 2296 ναόν]

194 2291 307 2346 uebatur
318 2292 348 2346 in
359 2291 411 2346 Ed.
424 2309 453 2346 ec
473 2291 543 2346 olion
555 2289 627 2346 aliud
640 2293 690 2347 Kal
701 2294 732 2347 οὔ
743 2291 1097 2363 διαιρετέον-διατηροῦντες
1105 2293 1214 2357 αὐτόσε
1222 2294 1336 2350 scholiis

138 2361 175 2417 de
201 2363 371 2416 aestuatione
383 2362 606 2433 unigeniticap.1
639 2362 823 2434 desumptum.
871 2380 897 2433 3.
912 2362 973 2417 lloc
986 2363 1107 2418 scholion
1119 2364 1197 2419 nobis
1210 2365 1337 2434 suppedi-

138 2440 180 2487 tat
198 2449 222 2487 a.
235 2432 280 2487 iol.
293 2449 328 2502 90
340 2450 365 2486 v.
382 2449 487 2486 necnon
500 2432 591 2487 Maius
607 2379 646 2502 (ῦσ
666 2451 744 2503 opere
765 2432 799 2486 de
818 2432 1003 2488 incarnatione
1022 2432 1130 2504 Scriptt.
1144 2433 1216 2488 Vett.
1236 2443 1256 2489 t.
1269 2434 1338 2504 vii).

141 2501 249 2557 (litatur
262 2511 288 2556 ct
306 2503 334 2556 iii
347 2500 446 2557 Codice
458 2502 647 2573 Vatopedienai
660 2504 718 2572 (τοῦ
729 2503 900 2567 domnedius
912 2503 939 2558 ἐν
950 2501 1005 2572 ὄρει
1016 2503 1081 2578 ἁγίῳ
1093 2504 1153 2559 cod.
1167 2503 1201 2575 76
1213 2521 1266 2559 sec.
1278 2504 1347 2574 xii.)-

140 2571 256 2627 Niketae
267 2574 295 2626 iu
308 2573 337 2628 S.
345 2571 447 2628 Lucam
457 2571 572 2628 Catenae
584 2581 685 2644 partein
697 2574 801 2628 tertiam
814 2573 968 2641 continenti,
980 2574 1035 2628 ioli.
1048 2575 1110 2644 498,
1120 2593 1182 2646 499,
1195 2574 1247 2630 sub
1259 2575 1338 2630 titulo

139 2643 307 2782 ᾗνρῖλλοιὲῖιι
318 2645 447 2767 τῶνΝπίρὸς
458 2643 587 2713 ἱβροίους.
685 2663 711 2711 4.
732 2643 790 2699 liic.
804 2643 857 2698 Οῦιι
868 2641 900 2712 ἦν
911 2644 939 2698 dd
953 2643 1075 2701 Niketus.
1166 2663 1208 2701 10.
1227 2645 1337 2715 νομισθῇ

171 2731 205 2768 lc.
295 2730 350 2769 om.
421 2751 429 2767 ο

178 2858 250 2915 Sunt
265 2867 399 2930 praeterea
416 2857 565 2930 fragmenta
583 2877 666 2929 pauca
683 2859 814 2931 quaedam
828 2859 921 2916 Latine
939 2861 1064 2915 extantia.
1102 2859 1193 2914 Maius
1211 2859 1240 2914 iu
1254 2859 1338 2930 prael.

141 2929 176 2984 ad
275 2938 337 2983 enta
348 2928 375 2981 N
377 2929 492 2984 ilietiena
506 2929 535 2984 iii
548 2929 696 3000 Epistulam
710 2930 744 2984 ad
758 2930 895 2985 Hebraeos
912 2930 945 2985 de
956 2929 1111 2985 auctoribus
1125 2929 1153 2983 S.
1166 2929 1297 3001 cyrillum
1309 2931 1339 2984 in

142 2999 238 3070 Epieto
308 2997 488 3070 supradictam
505 3000 714 3056 memorantibus
734 2999 939 3064 Fabriciumffl.
953 3000 987 3054 G.
1000 2999 1043 3054 ed.
1056 3018 1118 3055 σος.
1131 2999 1164 3054 Τ.
1177 3000 1213 3055 iii.
1232 3018 1258 3071 p.
1271 3000 1339 3072 495)

142 3071 228 3125 citans
247 3069 319 3134 dicit,
342 3067 445 3134 „Sunt
466 3078 554 3124 autern
573 3069 716 3124 Facundus
741 3068 951 3133 Hermionensis,
969 3069 1339 3133 Theodoretua,'1beodorus

142 3181 161 3206 ,‚
175 3141 320 3206 Abucaras,
333 3137 510 3209 Ephraemiue
522 3138 706 3203 antiochenus,
714 3139 864 3194 Alexander
878 3138 1102 3236 Hierapolitanos,
1115 3148 1208 3196 auctor
1219 3159 1232 3195 e
1251 3139 1339 3197 nodici

142 3251 161 3276 ,‚
174 3218 266 3264 contra
283 3208 403 3280 tragoed.
417 3209 497 3272 lieu„
510 3209 669 3264 Ασσειιιιὶσε
687 3209 781 3264 einaita
797 3210 827 3264 in
844 3209 900 3264 bod
933 3211 980 3264 o.'
1016 3209 1059 3265 Ex
1077 3210 1119 3266 liis
1137 3219 1201 3276 tres,
1290 3211 1343 3268 do·

142 3289 230 3335 retum
242 3297 347 3349 nempe,
359 3278 545 3403 llssbraimium
561 3280 635 3344 Ant,
648 3280 820 3336 dumtasium
839 3279 896 3335 Sin.
936 3298 1010 3336 caece
1027 3282 1172 3336 scribentes
1182 3282 1238 3352 jani
1251 3282 1342 3337 citavi.

142 3350 187 3404 De
197 3347 340 3404 Theodoro
355 3349 384 3404 ni
404 3351 423 3402 il
440 3349 526 3404 babeo
544 3359 718 3420 compertum.
755 3351 828 3405 Dicit
847 3350 981 3406 Fabricius
999 3390 1017 3418 ‚,
1027 3360 1054 3405 et
1064 3349 1206 3406 Theodoro
1224 3351 1252 3405 in
1270 3352 1339 3406 libro

141 3459 161 3485 „
174 3419 214 3474 dri
231 3423 247 3474 d
263 3419 348 3490 πατὴρ
366 3419 406 3473 del
485 3418 524 3474 ⁸.”
542 3419 615 3474 nude
628 3421 718 3475 Maius
736 3421 764 3475 iii
782 3421 941 3492 praefatione
958 3421 1148 3485 „Theodorus
1170 3420 1339 3476 Abucaras.”

143 3490 199 3545 Sed
219 3490 287 3572 iiiter
307 3507 324 3544 o
359 3507 388 3544 ra
404 3441 540 3544 il'dddori
560 3490 699 3544 Abucarae
717 3507 784 3572 quae
801 3500 915 3574 exstant,
933 3508 988 3546 non
1006 3490 1137 3574 babemus
1151 3491 1207 3573 ,nisi
1224 3491 1339 3574 σιολιξιν

144 3558 213 3633 [non
221 3560 320 3615 librum
348 3559 388 3614 ὅτι
400 3563 414 3613 ὁ
426 3559 510 3629 πατὴρ
521 3559 561 3613 ἀεὶ
572 3562 658 3629 γεννᾷ,
670 3577 718 3614 nec
731 3567 827 3615 utatur
839 3558 964 3631 Cynllua.
987 3559 1137 3616 Fabricium
1150 3569 1219 3615 inter
1230 3571 1339 3616 investi·

178 3631 263 3684 tiones
281 3637 369 3685 tantas
390 3629 518 3684 libionem
538 3638 594 3684 tarn
613 3629 805 3712 impressorum
826 3647 905 3701 quam
925 3633 1167 3702 manuscriptorum
1187 3631 1339 3688 citationem

141 3649 213 3755 fine
224 3699 331 3762 cidisse,
344 3699 483 3754 verisimile
494 3707 544 3764 est,
557 3698 604 3754 sed
616 3699 671 3764 ubi,
684 3709 731 3754 aut
743 3700 883 3782 cujusnam
899 3698 1033 3755 'Ibeodori
1051 3701 1149 3756 nescio.
1194 3699 1338 3756 Citationee

141 3787 158 3825 e
175 3769 295 3824 versione
308 3768 403 3826 muni
419 3787 435 3824 e
450 3770 575 3826 Facundo
592 3769 788 3836 Hermiaoensi,
801 3769 918 3824 Auctore
931 3769 1065 3842 synodici,
1077 3769 1231 3826 Αῑοιοσᾱτο
1245 3771 1339 3826 Hiera·

141 3840 261 3914 politiano
273 3848 431 3912 sequuntur.
