3284 5130
301 303 364 366 156
603 299 645 365 B.
665 298 875 364 CYRILLI
905 297 1197 363 ALEXANDR.
1345 295 1411 361 xxi.
1427 297 1500 360 1-6·

181 478 196 528 :T
270 495 288 540 ο
351 472 408 540 σὺν
429 471 490 537 σοί.
524 471 664 542 ἐξιίλθον
689 469 738 536 καί
762 471 924 548 ἀνὲβιισαν
943 467 990 534 εἰς
1013 469 1050 536 τὸ
1070 465 1185 534 πλοῖον
1205 467 1259 533 καί
1276 467 1313 534 ὲν
1330 466 1439 558 ἐκείνη
1457 473 1498 558 τῇ

269 614 288 670 4
352 597 441 664 νυκτί
466 597 605 662 ἐπίασαν
628 596 732 662 οὐδὲν.
768 591 897 685 πρωίας
921 593 957 660 δὲ
981 593 1043 660 ιίδιι
1066 594 1242 670 γενομὲνιισ
1269 595 1348 660 ἔστιι
1371 592 1499 659 Ἰασοῦς

350 722 405 788 ὲπί
432 722 487 789 τὸν
515 719 673 804 αἰγιαλὸν,
700 723 738 787 οὐ
765 723 878 799 μέντοι
903 721 1049 796 ἔγνωσαν
1074 717 1106 785 οἷ
1128 719 1271 796 μαθιιταί
1296 721 1349 787 ὄτι
1370 718 1498 784 Ἰιισοῦσ

269 859 287 918 5
352 848 431 914 ἐστι.
468 849 554 924 λέγει
581 845 692 915 αὐτοῖς
716 849 881 916 ὀἸιισοῠσ
903 845 1032 927 Παιδία,
1051 848 1094 924 μιί
1113 871 1145 911 τι
1162 848 1366 935 προσφάγιον
1387 845 1498 932 ἓχετες

269 973 288 1032 6
351 972 572 1062 ἀπεκρίθησαν
592 977 681 1060 αὐτῷ
700 973 755 1040 Οὔ.
791 973 864 1042 ὁδὲ
888 967 979 1039 εἶπεν
998 969 1107 1039 αὐτοῖο
1129 972 1252 1038 Βάλετε
1277 969 1325 1037 εἰσ
1343 971 1383 1036 τὰ
1406 970 1497 1038 δεξιὰ
1513 993 1531 1052 5

351 1100 433 1188 μὲριι
460 1104 518 1166 τοῦ
544 1099 660 1165 πλοίου
686 1099 725 1168 τὸ
752 1099 891 1180 δίκτυον,
920 1099 973 1164 καί
1000 1099 1165 1188 εὐριίσετε.
1201 1095 1231 1163 υί
1259 1095 1294 1162 δὲ
1322 1089 1415 1161 εἶπον
1441 1095 1492 1160 Δι’

350 1353 487 1429 ὀνόματι
510 1361 682 1434 βαλοῦμεν.
714 1355 833 1432 ἔβαλον
853 1349 920 1434 οὖν,
939 1352 993 1418 καί
1011 1353 1119 1418 οὐκέτι
1138 1352 1217 1418 αὐτὸ
1236 1351 1368 1416 ἑλκύσαι
1388 1345 1497 1437 ἴσχυον

1630 1382 1637 1532 ί

1636 1251 1637 1310 ί

132 1679 203 1735 1113
215 1679 252 1736 Δ
269 1695 312 1768 αἱ
354 1665 673 1768 Ἐπιδαψιλειίεται
693 1665 806 1749 πάλιν
825 1669 845 1746 ὁ
867 1666 999 1771 Κύριος
1018 1668 1118 1767 ἡμῶν
1135 1669 1278 1766 Ἰησοῦς
1297 1667 1317 1744 ὁ
1336 1662 1497 1767 Χριστὸς
1515 1700 1557 1742 ιο

299 1794 373 1872 τοῖς
391 1788 517 1868 ἑαυτοῦ
540 1794 716 1889 μαθηταῖς
741 1795 805 1892 τῆς
830 1792 955 1872 ἑαυτοῦ
980 1790 1200 1872 πολυειίκτου
1220 1790 1301 1874 θέας
1319 1787 1385 1884 τὴν
1403 1784 1495 1868 ἀπό-

298 1922 442 2009 λαυσιν,
461 1914 520 1992 καὶ
544 1913 668 2015 τρίτην
687 1915 805 2000 αὐτοῖς
822 1918 879 2021 ἐφ’
899 1917 1034 2019 ἕτεροις
1055 1915 1123 2017 ἤδη
1142 1919 1226 1996 δνσὶ
1247 1918 1408 2016 δωρεῖται
1432 1911 1498 2012 τὴν

299 2036 537 2144 ἐπιφοίτησιν,
565 2036 623 2116 ἵνα
651 2036 819 2139 δηλονότι
840 2039 990 2136 βέβαιόν
1017 2074 1056 2121 τε
1084 2043 1143 2119 καὶ
1171 2042 1208 2119 ἐν
1235 2039 1357 2119 πίστει
1380 2039 1425 2141 τῇ
1450 2043 1498 2122 είς

299 2156 407 2260 αὐτὸν
426 2161 580 2244 ἀκλινῶς
606 2163 790 2263 ἱδρυμένον
807 2164 1044 2267 ἐνεργάσηται
1069 2161 1250 2269 φρόνημα.
1285 2167 1319 2242 οἱ
1343 2159 1414 2264 γὰρ
1432 2162 1499 2268 οὐχ

298 2279 409 2388 ἅπαξ,
427 2282 513 2362 ἄλλ’
532 2284 600 2385 ἤδη
619 2290 677 2365 καὶ
696 2286 815 2389 τρίτον
833 2289 1050 2386 τεθεαμείνοι,
1070 2294 1147 2372 πῶς
1166 2289 1229 2368 οῦκ
1248 2286 1498 2388 ὀλιγοπιστίας
1513 2319 1553 2380 15

273 2405 444 2506 Ιοἱποὶσης
476 2406 540 2486 τὸν
572 2415 697 2489 οἰκεῖον
733 2409 1015 2519 ἀπαλλάξαντες
1048 2419 1141 2509 νοῦν,
1176 2416 1234 2493 καὶ
1266 2418 1339 2494 τοῖς
1368 2409 1498 2494 ἄλλοις

297 2526 437 2610 ἅπασιν
459 2534 617 2634 ἀκριβεῖς
635 2531 680 2613 ἂν
698 2535 863 2635 ε’γείνοντο
880 2541 1116 2640 μνσταγωγοί
1135 2543 1208 2616 τῶν
1230 2541 1294 2635 τῆς
1312 2535 1496 2629 εὐσεβείας

263 2653 515 2757 λιδογμοίτιονς
563 2657 674 2762 ἔξεισι
707 2659 824 2740 τοίνυν
858 2663 878 2739 ὁ
910 2661 1048 2765 Πέτρος
1081 2660 1232 2742 ἁλιεύων
1263 2666 1337 2743 τοῖς
1369 2659 1497 2742 ἄλλοις

297 2778 400 2876 ὁμοῦ·
435 2781 627 2861 σννθέουσι
652 2781 802 2885 γὰρκαὶ
821 2785 912 2886 πρὸς
937 2794 1043 2866 τοῦτο
1065 2784 1255 2887 βαδίζοντι,
1273 2781 1369 2888 τάχα
1385 2816 1420 2863 τι
1440 2785 1498 2862 καὶ
1534 2849 1540 2886 3

297 2899 356 2979 διὰ
397 2903 532 2982 τούτων
571 2909 840 3004 οίκονσμοῦντος
875 2907 1056 3012 χρήσιμον
1092 2917 1156 2989 τοῦ
1192 2912 1360 3011 Σωτῆρος
1397 2907 1498 3008 ἡμῶν
1512 2953 1552 2998 τα

298 3029 475 3124 Χριστοῦ.
513 3026 583 3132 ἔφη
602 3027 666 3126 μὲν
685 3028 757 3132 γάρ
775 3064 847 3110 που
866 3030 956 3135 πρὸς
979 3032 1115 3132 αὐτοῦς,
1134 3032 1193 3113 ὅτε
1211 3028 1275 3114 τὸν
1294 3038 1357 3133 τῆς
1374 3037 1495 3132 μαθη-

298 3145 392 3232 τείας
423 3151 577 3230 ἐπετίθει,
604 3151 711 3254 ζυγὸν
743 3158 800 3234 καί
831 3153 921 3257 πρὸς
958 3154 1025 3256 τὴν
1053 3161 1118 3255 τῆς
1147 3159 1357 3253 ἀποστολῆς
1389 3155 1495 3260 ἀξίαν

299 3270 419 3353 ἐκάλει
446 3283 467 3320 “
479 3281 592 3353 Δεῦτε
617 3276 736 3355 ὀπίσω
760 3312 830 3375 μου
850 3281 908 3358 καὶ
929 3278 1072 3381 ποιήσω
1092 3283 1182 3379 ὑμᾶς
1201 3278 1366 3383 γενέσθαι
1384 3279 1495 3362 ἁλιεῖς

300 3404 322 3441 “
337 3396 569 3499 ἀνθρώπων.”
617 3398 674 3478 ἵνα
705 3399 742 3480 δὲ
774 3399 886 3481 πάλιν
917 3402 1044 3488 αὐτοῦς
1074 3408 1122 3489 ὡς
1150 3407 1188 3485 ε’ν
1220 3406 1321 3512 τύπῳ
1352 3414 1494 3506 πληρο-

122 3583 127 3596 .
217 3609 219 3614 Ι
300 3516 447 3624 φορήση
474 3526 591 3623 παχεῖ,
615 3519 670 3600 ὅτι
698 3519 742 3623 δὴ
769 3520 913 3608 πάντως
940 3524 982 3604 τὸ
1011 3529 1191 3628 εἰρημένον
1217 3527 1419 3626 ἐκβήσεται,
1438 3529 1496 3606 καὶ
1512 3567 1551 3628 ²5

299 3647 349 3726 είς
382 3641 448 3741 τὴν
475 3647 539 3742 τῆς
569 3645 738 3744 σ’ληθείας
769 3647 1014 3748 ἐκτελευτήσει
1045 3649 1193 3751 δύναμιν
1224 3652 1247 3751 ἡ
1286 3649 1496 3756 ὑπόσχεσις,

299 3764 344 3871 ἐξ
374 3767 483 3846 αὐτοῦ
513 3775 576 3846 τοῦ
606 3766 696 3866 μετὰ
729 3775 849 3872 χεῖρας
878 3769 982 3856 ὄντος
1009 3775 1284 3874 ἐπιτηδεύματος
1316 3776 1497 3856 ἀναπείθει
1636 3805 1637 3870 γ

299 3896 443 3996 σαφῶς.
485 3895 517 3970 οί
546 3890 611 3989 μὲν
642 3891 713 3996 γὰρ
744 3892 910 3996 μακάριοι
940 3903 1099 3998 μαθηταὶ
1128 3898 1174 3979 τὰ
1206 3903 1244 3980 ἐκ
1273 3903 1337 3998 τῆς
1370 3901 1496 3984 οἰκείας

269 4012 553 4117 σε’νεργῆσαντες
588 4014 725 4122 τέχνης,
758 4023 965 4124 ίχθνοθῆραι
1000 4020 1038 4102 δὲ
1076 4020 1180 4123 ἦσαν,
1213 4025 1363 4104 ἐπίασαν
1398 4019 1494 4116 οὐίέν,

350 1229 430 1294 ὄλιιι
456 1232 515 1293 vste
543 1229 657 1295 νυκτόσ
685 1231 900 1295 κοπιάσαντεσ
928 1227 1024 1294 οὐδὲν
1050 1228 1220 1307 ἐλάβομεν,
1243 1224 1297 1291 ἐπί
1319 1223 1354 1291 δὲ
1377 1227 1426 1310 τῷ
1449 1228 1499 1308 σῷ
1630 1244 1634 1261 ·

273 1513 275 1518 ·
350 1477 417 1545 ἀπὸ
441 1483 498 1544 τοῦ
524 1477 671 1544 πλιίθουα
696 1479 763 1544 τῶν
787 1477 916 1566 ἰχθύων.

335 4275 509 4388 ῐρῖςιίὲεξηῦραν
519 4277 548 4332 F.
583 4281 676 4334 πλοῖον
688 4279 752 4336 RF.
764 4281 839 4340 ιῦθῦι·
850 4283 956 4338 rubrice
963 4283 1070 4339 exhibet
1080 4285 1101 4340 F
1112 4304 1167 4358 mg.
1175 4287 1247 4342 unde
1255 4289 1350 4342 πλοῖον
1360 4287 1436 4344 εὐθὺς
1443 4285 1494 4342 Ed.

297 4411 324 4517 ρ.
342 4395 385 4484 ἐπὶ
478 4395 508 4450 F.
634 4399 661 4454 6.
679 4400 711 4482 οῦ
721 4404 801 4456 κεῖται
812 4403 840 4458 ἐν
852 4403 943 4485 ἄλλοις
955 4405 980 4485 σί
992 4404 1020 4458 Bc*
1033 4402 1272 4480 είπσν-βσλοῦμεν
1283 4407 1393 4463 adnotat
1407 4407 1427 4461 F
1438 4425 1494 4532 mfi.

297 4465 632 4609 assffirffafflgffin
645 4481 676 4525 ut
688 4469 741 4526 νιιί.
753 4471 847 4544 ῥήματι
859 4483 890 4528 ut
902 4473 1095 4532 λιιιιιισοιιιιιι.
1247 4497 1289 4532 ιο.
1308 4478 1380 4534 ὅιίι.
1393 4495 1447 4534 om.

1636 4159 1637 4196 ί

380 4224 482 4268 imbute·

1636 4471 1637 4514 ί
