3278 5130
126 364 149 430 i.
166 383 193 428 1.
369 359 422 426 IN
451 357 711 425 EPISTOLAM
740 356 804 422 AD
836 357 1088 424 HEBRAEOS.
1262 359 1325 424 365

126 528 166 605 ἐν
192 530 239 629 τῇ
264 531 329 605 τοῦ
356 522 489 604 δούλου
516 527 653 628 μορφῇ,
684 519 864 623 ὡμολόγει
897 521 938 602 τδ
972 519 1155 625 πλήρωμα
1185 529 1250 602 τοῦ
1282 524 1325 601 δι’
1340 457 1410 524 [¹0⁷
1423 453 1486 520 Μ’]

127 650 221 748 ἡμᾶς
254 645 379 727 ἑαυτὸν
409 644 648 743 κενεόσαντος,
678 644 817 748 ἐθεώρει
843 649 908 745 τῆς
932 644 1042 752 δόξης
1071 645 1114 727 τὸ
1142 647 1237 752 ὕψος
1264 654 1329 726 τοῦ

128 770 299 856 καθέντος
326 767 452 851 ἑαυτὸν
480 771 528 849 δι’
557 768 650 868 ἡμᾶς
673 773 721 853 είς
746 768 961 849 ταπείνωσιν
984 768 1086 853 ὅστις
1113 772 1172 849 καὶ
1198 765 1330 871 ταύτης

129 895 231 975 ἕνεκα
259 899 324 994 τῆς
351 893 465 978 αίτίας
495 893 689 997 κληρονόμος
715 891 848 973 πάντων
876 898 1057 972 τεθεῖσθαι
1076 890 1228 994 λέγεται,
1249 893 1326 972 καί·
1342 935 1393 970 ver.
1403 933 1426 972 ι.

94 1052 185 1116 5τοι
203 1015 488 1124 κατεξουσιάζων
505 1022 578 1097 τῶν
596 1015 694 1096 ὅλων
712 1013 806 1095 καθά
825 1019 884 1094 καὶ
903 1021 1030 1094 νοεῖται
1049 1019 1108 1094 καὶ
1125 1014 1204 1096 ἔστι
1222 1014 1326 1112 Θεός·

128 1139 243 1222 πάλιν
261 1141 332 1244 γὰρ
350 1145 398 1224 είς
423 1139 488 1220 τὸν
506 1138 595 1220 ’ίδιον
611 1147 774 1220 πλοῦτον
792 1141 971 1245 ἀναφυσᾷ
992 1141 1052 1219 καὶ
1070 1137 1160 1234 μετὰ
1178 1137 1327 1241 σαρκός.

128 1265 302 1364 μεμένηκε
328 1261 401 1367 γάρ
428 1265 591 1361 οὐδαμῶς
617 1265 655 1341 ἐν
683 1269 728 1368 τῇ
753 1264 837 1342 καθ’
869 1262 962 1362 ἡμεῖς
989 1263 1160 1368 πτωχείᾳ·
1200 1265 1242 1343 οὐ
1272 1263 1331 1342 διδ

129 1396 238 1468 τοῦτο
261 1387 449 1489 γενόμενος
466 1385 570 1492 σὰρξ
590 1391 648 1466 ἵνα
666 1385 812 1492 πτωχός
835 1387 1010 1491 ἀναμείνῃ
1035 1385 1116 1481 μεθ’
1137 1385 1247 1486 ἡμῶν,
1266 1383 1331 1466 τὸν

129 1511 221 1590 ’ίδιόν
237 1545 276 1591 τε
301 1514 359 1590 καὶ
384 1513 564 1611 θεοπρεπῆ
589 1517 749 1591 πλοῦτον
768 1506 979 1606 ἀποβαλὼν,
998 1510 1082 1588 ἀλλ’
1101 1508 1160 1589 ἵνα
1184 1516 1330 1607 μᾶλλον

72 1672 118 1714 ιο
132 1635 229 1733 ἡμεῖς
258 1638 290 1713 οὶ
318 1641 390 1714 τῶν
417 1635 521 1713 θείων
544 1630 782 1739 χαρισμάτων
810 1640 1001 1716 νοσοῦντες
1027 1631 1094 1733 τήν
1121 1632 1328 1738 ἔνδειαν,τῇ

132 1759 240 1837 αὐτοῦ
263 1757 422 1864 πτωχείᾳ
445 1755 722 1856 πλουτήσωμεν.
761 1758 820 1836 καὶ
847 1765 935 1858 γοῦν
953 1755 1041 1841 Υἱός
1066 1754 1117 1837 οῦν
1136 1747 1245 1863 φύσει
1270 1759 1329 1836 καὶ
1343 1769 1486 1823 aceram.

132 1880 313 1965 ωιναΐδιος
339 1887 391 1986 τῷ
416 1885 535 1982 Πατρὶ
563 1879 621 1960 ὅτε
649 1878 707 1959 διδ
739 1884 803 1977 τῆς
835 1879 940 1983 ἁγίοις
968 1880 1145 1984 παρθένου
1174 1882 1233 1961 καὶ
1262 1879 1329 1980 τήν
1342 1848 1366 1900 9’

133 2003 225 2084 κατὰ
246 2002 368 2108 σάρκα
392 2003 561 2105 γέννησιν
580 2001 738 2100 ὑπέμεινε
756 2004 798 2083 δι’
818 2004 920 2103 ἡμᾶς,
941 2006 989 2088 ὡς
1008 2010 1055 2089 εἰς
1074 2001 1187 2109 ἀρχάς
1207 2001 1327 2105 υἱότη-

132 2163 194 2212 τος
220 2125 514 2230 άνακομιῷμενος
545 2125 683 2232 ἔφασκε
712 2125 771 2206 διὰ
798 2135 861 2206 τοῦ
890 2127 1024 2207 Δαυείδ
1051 2139 1074 2175 “
1094 2127 1227 2231 Κύριος
1254 2124 1329 2208 εἷπε
1343 2157 1385 2207 Pa.
1396 2155 1422 2208 ii.
1436 2165 1458 2220 η.

75 2273 118 2334 15
132 2262 155 2298 “
172 2249 264 2354 πρὸς
287 2249 336 2349 μέ
347 2249 436 2334 Υἱός
458 2284 528 2350 μου
546 2246 579 2330 εἶ
601 2248 661 2347 σῦ,
680 2249 750 2352 ἐγὼ
771 2248 931 2351 σήμερον
949 2249 1146 2352 γεγέννηκά
1169 2252 1250 2331 σε·”
1288 2251 1330 2332 τδ

132 2373 261 2476 γάρτοι
288 2374 448 2476 σήμερον
472 2381 596 2478 καιροῦ
618 2381 683 2453 τοῦ
700 2372 931 2472 ἐνεστηκότος
957 2375 1041 2453 καθ’
1062 2372 1104 2454 δν
1121 2377 1179 2454 καὶ
1207 2373 1331 2476 γέγονε

132 2495 237 2603 σάρξ
263 2503 413 2577 ποιεῖται
447 2495 512 2597 τήν
538 2495 713 2597 δήλωσιν·
755 2497 927 2601 ὑπάρχων
959 2496 997 2576 δέ
1031 2496 1142 2603 φύσει
1168 2501 1226 2578 καὶ
1258 2504 1331 2577 τῶν

132 2619 231 2700 ὅλων
264 2621 406 2721 Κύριος.
449 2620 695 2724 μεμαρτύρηκε
722 2617 795 2724 γάρ
825 2619 992 2720 Ἰωάννης
1023 2623 1104 2724 περὶ
1132 2621 1240 2700 αὐτοῦ
1275 2619 1330 2701 ὅτι

132 2753 155 2790 “
174 2749 221 2827 είς
248 2742 295 2823 τά
321 2743 393 2824 ’ίδια
410 2742 549 2844 ἧλθεν,”
578 2744 649 2824 ἴδια
677 2743 795 2846 λέγων
819 2744 928 2822 αὐτοῦ
955 2742 1019 2824 τὸν
1038 2744 1188 2843 κόσμον,
1209 2747 1258 2830 ὡς
1282 2749 1482 2829 είςο.ιοω.ι

74 2892 120 2944 20
133 2868 246 2974 δόξαν
280 2866 445 2967 ἀσυνήθη
480 2867 548 2966 τὴν
583 2872 647 2966 τῆς
683 2869 873 2964 βασιλείας
909 2867 1132 2964 καλούμενος
1168 2868 1329 2974 ἔφασκεν
1346 2857 1384 2892 ¹¹¹

133 3001 157 3040 “
172 2990 272 3093 Ἐγὼ
300 2989 338 3070 δὲ
364 2991 589 3092 κατεστάθην
613 2987 788 3084 βασιλεῦς
813 2991 869 3072 ὑπ’
900 2991 1038 3088 αῦτοῦ,”
1069 2995 1181 3090 δῆλον
1209 2989 1246 3071 δὲ
1275 2989 1330 3070 ὅτι
1343 3011 1459 3065 Pam.

132 3121 199 3194 τοῦ
226 3119 322 3194 Θεοῦ
349 3117 408 3194 καὶ
438 3111 592 3218 Πατρός·
630 3113 802 3219 ἠνέσχετο
835 3111 872 3192 δέ
904 3112 1182 3211 τῶντοιούτων,
1211 3114 1253 3194 ἶν’
1283 3117 1332 3198 ὧς

135 3237 324 3342 ἅνθρωπος
356 3241 575 3338 υἱοποιηθεὶς,
609 3237 722 3318 καίτοι
760 3234 852 3318 κατὰ
879 3236 994 3343 φύσιν
1026 3237 1196 3343 ῦπάρχων
1227 3236 1330 3336 Θεὸς,

134 3359 334 3468 όδυποιήση
352 3363 395 3441 δι’
416 3363 542 3443 ἑαυτοῦ
560 3365 605 3466 τῇ
633 3361 824 3465 άνθράπου
842 3362 952 3467 φύσει
976 3365 1040 3461 τῆς
1065 3362 1243 3447 υἱοθεσίας
1266 3362 1333 3462 τήν

77 3511 118 3573 25
134 3485 289 3592 μεθέξιν,
308 3489 366 3566 καὶ
395 3487 536 3591 καλέσῃ
562 3482 653 3586 πρός
682 3487 875 3582 βασιλείαν
893 3487 1053 3589 οῦρανῶν
1074 3483 1157 3570 τοῦς
1179 3488 1248 3567 ῦπο
1268 3490 1332 3586 τῆς

135 3609 312 3710 ἁμαρτίας
339 3609 647 3710 τυραννουμένους·
686 3607 811 3712 ὥσπερ
839 3609 909 3712 γὰρ
939 3607 996 3690 οῖά
1023 3644 1102 3689 τινα
1129 3614 1265 3710 κλῆρον
1293 3612 1332 3689 ἐκ

133 3731 272 3835 πατρὸς
300 3738 347 3817 εἷς
374 3732 462 3813 ὅλον
488 3733 531 3812 τὸ
555 3732 600 3839 ἐξ
622 3734 731 3814 αι’ττοῦ
756 3731 922 3833 διήκοντα
949 3733 1051 3835 γένος
1075 3729 1116 3817 ἃς
1143 3737 1180 3813 ἐκ
1207 3736 1270 3832 τῆς
1294 3735 1333 3810 ἐν

133 3853 256 3954 Ἀδὰμ
282 3855 525 3959 παραβάσεως
551 3855 746 3961 συμφορὰς
773 3856 987 3960 ἐσχήκαμεν,
1006 3859 1077 3963 ἀρᾷ
1103 3859 1162 3937 καὶ
1190 3852 1332 3962 θανάτῳ

134 3981 425 4083 πεφορτισμένοι,
449 3980 542 4060 οὕτω
570 3979 683 4059 πάλιν
710 3985 758 4062 είς
785 3975 882 4058 ἅπαν
909 3977 951 4059 τὸ
979 3979 1203 4082 ἀνθρώπινον
1230 3979 1332 4080 γένος

75 4133 120 4192 30
136 4101 183 4183 τά
206 4105 244 4182 ἐν
260 4107 413 4208 Χριστῷ
435 4105 676 4206 διαδραμεῖται
701 4099 864 4204 λαμπρά·
903 4101 1041 4207 δέχεται
1063 4101 1134 4204 γάρ
1151 4101 1245 4200 ἡμῖν,
1265 4102 1332 4207 οῦχ

136 4228 250 4333 ἑαυτῷ
278 4225 322 4325 δὴ
349 4224 493 4310 πάντως
518 4226 538 4305 ὁ
559 4221 780 4328 Μονογενὴς,
798 4225 940 4328 πλήρης
968 4224 1040 4329 γάρ
1068 4229 1169 4305 ἐστιν
1190 4223 1246 4304 ὅτι
1273 4228 1332 4305 καὶ

137 4348 248 4458 φύσει
266 4348 370 4445 θεὸς,
389 4355 498 4429 δεῖται
525 4347 562 4429 δέ
591 4347 685 4433 ὅλως
714 4349 863 4448 οὐδενὸς,
889 4347 1160 4452 καταπλουτίζει
1187 4353 1333 4448 μᾶλλον

137 4471 244 4559 αὐτὸς
262 4479 334 4557 τοῖς
352 4471 488 4554 άνωθεν
506 4476 654 4575 ἀγαθοῖς
672 4471 737 4574 τὴν
755 4472 957 4575 σύμπασαν
976 4475 1105 4554 κτίσιν.
