3278 5130
322 347 387 413 388
491 343 532 409 Β.
552 341 742 410 OYRILLI
762 343 1029 409 ALEXANDR.
1052 329 1335 410 FRAGMENTA
1442 341 1478 404 ii.
1492 359 1525 423 9.

184 458 195 494 Ι
271 485 277 498 ι

156 445 301 600 λ’..ιίιθίγί
322 507 505 616 ε’κδείξειεν
522 506 568 588 ἀν
585 508 740 592 εὐκόλως
757 507 804 587 τά
821 508 964 614 ἐφεξῆς·
995 509 1066 614 ἔφη
1084 509 1156 612 γὰρ
1175 507 1230 588 ὅτι
1243 519 1265 556 “
1279 509 1318 588 ἐκ
1335 505 1527 604 στόματος
1627 517 1628 526 ’

323 641 346 679 “
365 633 501 731 νηπίων
518 634 576 712 καὶ
595 629 822 734 θηλαζόντων
841 633 1045 733 κατηρτίσω
1060 629 1189 712 αἷνον.”
1227 629 1345 730 ἐπειδὴ
1363 627 1437 731 γάρ
1454 627 1528 707 τὸν

324 753 489 858 Λάζαρον
511 757 649 857 ἤγειρεν
665 757 705 834 ἐκ
727 761 874 856 νεκρῶν,
895 754 1141 853 τεθαύμασται
1158 753 1225 853 μὲν
1244 752 1345 857 παρὰ
1360 753 1526 848 πάντων,

258 939 264 953 .
324 889 346 924 “
363 879 475 981 εὐρῶν
506 879 544 958 δὲ
576 875 720 980 ὀνάριον
751 876 915 957 ἐκάθισεν
947 879 1001 958 ἐπ’
1035 879 1163 986 αὐτῶ,”
1213 877 1272 957 ὅτε
1305 880 1364 958 καὶ
1394 880 1528 959 παῖδες

238 1003 251 1082 .’
323 1001 499 1093 λαβόντες
517 1011 537 1049 “
550 1000 596 1080 τά
622 1000 709 1094 βαΐα
734 1007 807 1080 τῶν
831 1002 1021 1106 φοινίκων”
1041 1009 1118 1086 ταῖς
1144 1000 1384 1101 καθηκούσαις
1408 997 1561 1085 αὐτὸν5

323 1123 635 1226 καταγεραίροντες
676 1124 863 1226 εὐφημίαις
907 1123 1070 1228 ἔφασκον
1111 1133 1133 1170 “
1150 1123 1315 1203 Ὡσαννά
1359 1128 1410 1229 τῶ
1453 1125 1526 1227 υἱῷ

323 1257 345 1295 “
364 1250 511 1343 Δαυεὶδ,
547 1247 784 1348 εὐλογημένος
822 1249 842 1326 ὁ
874 1246 1064 1351 ἐρχόμενος
1097 1249 1135 1326 ε’ν
1165 1245 1312 1345 ὀνόματι
1348 1246 1523 1348 Κνρίου.”

237 1431 243 1444 .
322 1370 564 1470 ἐπιτιμώντων
582 1369 620 1449 δὲ
639 1371 757 1454 αὐτοῖς
774 1377 847 1449 τῶν
865 1370 1003 1466 ἀλλων,
1017 1371 1178 1476 ἔφασκεν
1192 1371 1213 1448 ὁ
1226 1366 1389 1471 Χριστός
1402 1379 1424 1416 “
1436 1369 1524 1448 Οὐκ

322 1503 345 1539 “
363 1495 537 1595 ἀνέγνωτε
560 1492 615 1573 ὅτι
638 1495 677 1572 ἐκ
703 1490 885 1591 στόματος
904 1494 1039 1593 νηπίων
1058 1494 1116 1572 καὶ
1135 1491 1362 1596 θηλαζόντων
1380 1525 1520 1594 κατηρ-

321 1626 344 1663 “
362 1617 454 1696 τίσω
482 1612 581 1696 αἶνον
596 1618 630 1713 ;”
659 1615 956 1718 ε’νηνθρωπηκότα
982 1616 1026 1715 δὴ
1051 1617 1114 1695 οὖν
1138 1613 1202 1696 τὸν
1219 1615 1309 1694 Υίὸν
1326 1619 1523 1720 μονονουχὶ
1540 1646 1580 1686 10

322 1741 380 1818 καὶ
413 1738 652 1843 ἐποχούμενον
688 1745 739 1844 τῷ
776 1739 892 1846 πῶλιρ
920 1739 1069 1833 βλέπων
1102 1737 1346 1838 κατατέθηπεν
1376 1735 1525 1821 εἰκότως

320 1862 430 1940 ἐκεῖνο
466 1862 757 1961 διενθυμούμενος
793 1861 849 1941 ὅτι
887 1860 980 1965 πρὸς
1021 1871 1178 1942 τοσοῦτο
1215 1862 1522 1964 σμικροπρεπείας

320 1982 446 2063 ἑαυτὸν
465 1985 588 2086 ὁρᾶται
607 1988 724 2069 καθεὶς
746 1986 859 2065 καίτοι
885 1984 976 2064 κατὰ
995 1984 1110 2091 φύσιν
1128 1982 1299 2088 ὑπάρχων
1316 1981 1422 2078 Θεὸς,
1445 1978 1522 2062 εἶτα

320 2112 385 2184 τοῦ
412 2113 628 2187 κεκενῶσθαι
657 2104 723 2207 τὴν
747 2105 916 2213 ἀφορμὴν
942 2108 1010 2212 οὐχ
1036 2107 1160 2210 ἑτέραν
1188 2109 1282 2209 ὁρῶν
1303 2108 1323 2186 ὁ
1347 2106 1521 2208 μακάριος

322 2231 463 2325 Δαυεὶδ,
482 2227 583 2328 πλὴν
601 2229 655 2309 ὅτι
673 2228 804 2329 μόνους
823 2232 916 2331 ἡμᾶς
940 2230 1002 2315 οὓς
1024 2229 1070 2329 ἦν
1089 2233 1284 2332 ἀναγκαῖον
1302 2232 1361 2310 καὶ
1380 2235 1521 2334 φθορᾶς
1539 2261 1579 2320 ¹5

318 2349 508 2457 ἐξελέσθαι
526 2355 585 2432 καὶ
603 2355 777 2456 ἁμαρτίας
795 2357 854 2434 καὶ
872 2360 1089 2456 τυραννικῶν
1107 2352 1271 2457 ἁρπάσαι
1288 2358 1427 2458 χειρῶν,
1447 2359 1521 2432 τῶν

320 2482 385 2555 τοῦ
413 2472 586 2570 διαβόλου
615 2479 718 2583 φημὶ,
749 2485 813 2557 τοῦ
840 2475 975 2561 παντὸς
1004 2476 1103 2584 ἀξιοῖ
1127 2477 1307 2576 θαύματος
1334 2479 1399 2575 τῆς
1429 2474 1521 2574 μετὰ

153 2595 457 2701 1³··vffi·s·aapxbs
485 2599 684 2698 οἰκονομίας
711 2599 754 2679 τὸ
788 2599 1000 2703 μυστήριον.
1051 2599 1222 2705 ταύτητοί
1246 2607 1341 2706 φησι
1372 2609 1395 2648 “
1410 2596 1521 2703 Κύριε

321 2732 343 2770 “
360 2722 399 2801 τί
423 2724 523 2802 ἐστιν
550 2723 739 2827 ἅνθρωπος
762 2723 815 2804 ἵνα
843 2721 1030 2829 μιμνήσκῃ
1053 2725 1161 2804 αὐτοῦ
1185 2722 1209 2824 ἢ
1235 2722 1309 2808 υἱὸς
1328 2722 1522 2826 ἀνθρώπου

321 2853 344 2892 “
362 2842 418 2923 ὅτι
447 2843 644 2950 ε’πισκείττη
676 2843 828 2941 αὐτάν;”
862 2849 916 2930 τίς
947 2844 1019 2949 γάρ
1051 2846 1074 2945 ἡ
1105 2845 1295 2949 ἀνθρώπου
1327 2845 1440 2949 φύσις
1470 2849 1521 2930 ὡς
1537 2879 1581 2920 ²0

320 2967 412 3070 πρὸς
442 2965 564 3065 θεόν,
596 2971 655 3048 καὶ
683 2969 722 3050 τί
748 2977 854 3049 τοῦτο
882 2968 1006 3072 λέγω,
1037 2971 1076 3048 τί
1103 2967 1146 3050 τὸ
1176 2967 1279 3071 γε’νος
1305 2967 1347 3049 τὸ
1377 2969 1519 3072 ἀνθρά-

321 3124 452 3188 πινον;
500 3090 608 3195 μοῖρά
639 3126 679 3172 τε
711 3090 783 3192 ὅση
816 3099 1113 3194 καταλογισθεΐεν
1143 3090 1188 3173 άν
1220 3099 1254 3172 οὶ
1283 3095 1340 3173 ἐπὶ
1373 3097 1440 3193 γῆς
1471 3096 1521 3176 ῶς

320 3213 413 3316 πρός
440 3248 483 3314 γε
513 3217 608 3319 φημὶ
638 3214 685 3294 τά
714 3220 787 3295 τῶν
814 3214 927 3318 ἀγίων
957 3212 1128 3318 ἀγγέλων
1156 3215 1324 3317 τάγματα
1336 3247 1347 3312 3
1375 3216 1460 3296 ἀλλ’
1490 3221 1521 3296 εἰ

321 3339 380 3415 καὶ
398 3335 508 3435 μηδὲν
526 3335 621 3421 ὅλως
639 3340 660 3416 ὁ
679 3339 866 3439 ἅνθρωπος
885 3338 995 3445 φύσει
1020 3372 1058 3418 τε
1082 3341 1141 3418 καὶ
1160 3341 1311 3447 ἀριθμῷ,
1330 3339 1397 3443 οὐχ
1414 3339 1521 3441 ὑπερ-

321 3461 412 3538 εῖδεν
436 3460 528 3558 ἡμᾶς
555 3459 838 3563 όΔημιονργδς,
859 3461 1022 3562 ε’μνήσθη
1046 3460 1118 3564 γάρ
1145 3465 1204 3542 καὶ
1232 3463 1331 3562 ἡμῶν
1358 3465 1418 3541 καὶ
1444 3463 1522 3540 ε’πι-
1537 3491 1579 3552 ²5

322 3585 463 3680 σκυτῆς
485 3581 655 3688 ἠξίωσεν,
675 3586 722 3666 ῶς
741 3583 983 3664 διολωλότων·
1022 3587 1042 3663 ὁ
1065 3588 1123 3664 καὶ
1142 3588 1180 3664 ἐν
1197 3586 1324 3690 ἀρχαῖς
1345 3593 1411 3666 τοῦ
1427 3619 1522 3687 παρ-

322 3711 470 3806 αγαγεῖν
493 3711 542 3789 εἰς
567 3705 731 3812 ὕπαρξιν,
750 3707 870 3812 βραχὺ
888 3706 953 3805 μὲν
971 3709 1062 3808 ἡμᾶς
1081 3709 1292 3793 ἐλαττῶσας
1315 3707 1414 3813 παρά
1438 3705 1522 3792 τοὺς

322 3825 510 3928 ἀγγέλους,
529 3828 772 3934 στεφανώσας
790 3829 827 3910 δὲ
845 3836 929 3934 τιμῇ
956 3864 993 3909 τε
1018 3834 1076 3911 καὶ
1099 3829 1190 3937 δόξῃ
1208 3835 1266 3911 καὶ
1285 3831 1522 3932 καταστήσας

321 3947 387 4049 μὲν
403 3952 460 4029 ἐπὶ
479 3950 524 4030 τά
547 3952 635 4054 ἔργα
659 3959 732 4032 τῶν
744 3960 878 4058 Ιχειρῶν
894 3955 1014 4051 αὐτοῦ,
1032 3953 1151 4036 πάντα
1179 3953 1217 4035 δὲ
1242 3955 1424 4062 ἀποτάξας
1450 3953 1521 4035 ὑπὸ

321 4069 435 4157 πόδας
452 4073 564 4173 ἡμῶν.
1538 4103 1582 4161 30

380 4198 453 4276 Καὶ
477 4201 542 4295 τῆς
563 4195 628 4296 μὲν
653 4197 742 4300 ὅλης
766 4200 859 4306 φδῆς
888 4200 907 4278 ό
935 4199 1074 4285 σκόπος
1091 4203 1129 4282 ἐν
1147 4201 1300 4300 τούτοις,
1321 4206 1528 4308 φιλοσοφεῖ

359 4481 384 4520 2.
404 4468 445 4519 καὶ
457 4485 511 4522 om,
525 4467 571 4522 Cr.
763 4489 804 4542 ²3·
823 4475 875 4542 πρό
889 4471 935 4528 Gr.
1132 4489 1175 4542 τι.
1194 4474 1283 4544 μηδενὶ
1297 4471 1460 4546 (perperam)
1476 4471 1525 4530 Cr.

324 4547 367 4600 25.
386 4535 533 4605 ἐπισκοπῆς
546 4535 670 4610 ἠξίωσεν]
684 4540 861 4610 ἐπισκοτῆσαι
874 4542 1018 4611 ε’πηξίωσεν
1031 4542 1076 4598 Cr.
