<?xml version="1.0" encoding="UTF-8"?>
<!DOCTYPE html PUBLIC "-//W3C//DTD XHTML 1.0 Transitional//EN"
    "http://www.w3.org/TR/xhtml1/DTD/xhtml1-transitional.dtd">
<html xmlns="http://www.w3.org/1999/xhtml" xml:lang="en" lang="en">
 <head>
  <title>
</title>
<meta http-equiv="Content-Type" content="text/html;charset=utf-8" />
  <meta name='ocr-system' content='tesseract 3.04.00' />
  <meta name='ocr-capabilities' content='ocr_page ocr_carea ocr_par ocr_line ocrx_word'/>
</head>
<body>
  <div class='ocr_page' id='page_1' title='image "./sanctipatrisnos01pusegoog_0029.png"; bbox 0 0 3280 5142; ppageno 0'>
   <div class='ocr_carea' id='block_1_1' title="bbox 317 293 1515 374">
    <p class='ocr_par' dir='ltr' id='par_1_1' title="bbox 317 293 1515 374">
     <span class='ocr_line' id='line_1_1' title="bbox 317 293 1515 374; baseline 0.003 -4"><span class='ocrx_word' id='word_1_1' title='bbox 317 305 358 370; x_wconf 88' lang='lat'>18</span> <span class='ocrx_word' id='word_1_2' title='bbox 619 307 659 374; x_wconf 88' lang='grc' dir='ltr'>Β.</span> <span class='ocrx_word' id='word_1_3' title='bbox 680 306 888 374; x_wconf 84' lang='lat' dir='ltr'>CYRILLI</span> <span class='ocrx_word' id='word_1_4' title='bbox 917 303 1206 372; x_wconf 79' lang='lat' dir='ltr'>ALEXANDR.</span> <span class='ocrx_word' id='word_1_5' title='bbox 1336 293 1515 374; x_wconf 59' lang='lat' dir='ltr'>xviii-445·</span> 
     </span>
    </p>
   </div>
   <div class='ocr_carea' id='block_1_2' title="bbox 277 465 1628 4424">
    <p class='ocr_par' dir='ltr' id='par_1_2' title="bbox 277 465 1628 4424">
     <span class='ocr_line' id='line_1_2' title="bbox 314 465 1620 582; baseline -0.006 -31"><span class='ocrx_word' id='word_1_6' title='bbox 314 472 511 578; x_wconf 78' lang='grc' dir='ltr'>τῇσπείρᾳ</span> <span class='ocrx_word' id='word_1_7' title='bbox 529 475 739 578; x_wconf 80' lang='grc' dir='ltr'>διακομίζων</span> <span class='ocrx_word' id='word_1_8' title='bbox 763 474 915 582; x_wconf 80' lang='grc' dir='ltr'>ἐφίκετο.</span> <span class='ocrx_word' id='word_1_9' title='bbox 952 476 1011 554; x_wconf 85' lang='grc' dir='ltr'>καὶ</span> <span class='ocrx_word' id='word_1_10' title='bbox 1028 471 1100 577; x_wconf 80' lang='grc' dir='ltr'>γάρ</span> <span class='ocrx_word' id='word_1_11' title='bbox 1118 507 1172 554; x_wconf 90' lang='grc' dir='ltr'>τοι</span> <span class='ocrx_word' id='word_1_12' title='bbox 1197 467 1358 571; x_wconf 82' lang='grc' dir='ltr'>καθάπερ</span> <span class='ocrx_word' id='word_1_13' title='bbox 1375 465 1516 573; x_wconf 79' lang='grc' dir='ltr'>ἔφαμεν</span> <span class='ocrx_word' id='word_1_14' title='bbox 1619 496 1620 544; x_wconf 76' lang='grc' dir='ltr'>ι</span> 
     </span>
     <span class='ocr_line' id='line_1_3' title="bbox 315 591 1620 704; baseline -0.005 -32"><span class='ocrx_word' id='word_1_15' title='bbox 315 595 456 698; x_wconf 89' lang='grc' dir='ltr'>ἀρτίως,</span> <span class='ocrx_word' id='word_1_16' title='bbox 477 593 565 704; x_wconf 76' lang='grc' dir='ltr'>ᾤετο</span> <span class='ocrx_word' id='word_1_17' title='bbox 583 595 648 698; x_wconf 86' lang='grc' dir='ltr'>μέν</span> <span class='ocrx_word' id='word_1_18' title='bbox 667 598 722 680; x_wconf 79' lang='grc' dir='ltr'>ὅτι</span> <span class='ocrx_word' id='word_1_19' title='bbox 742 604 799 678; x_wconf 79' lang='grc' dir='ltr'>καὶ</span> <span class='ocrx_word' id='word_1_20' title='bbox 825 600 891 704; x_wconf 84' lang='grc' dir='ltr'>οὐχ</span> <span class='ocrx_word' id='word_1_21' title='bbox 914 597 1041 679; x_wconf 81' lang='grc' dir='ltr'>ἑκόντα</span> <span class='ocrx_word' id='word_1_22' title='bbox 1067 597 1237 704; x_wconf 82' lang='grc' dir='ltr'>λήφεται,</span> <span class='ocrx_word' id='word_1_23' title='bbox 1257 600 1302 700; x_wconf 78' lang='grc' dir='ltr'>τῇ</span> <span class='ocrx_word' id='word_1_24' title='bbox 1327 599 1399 673; x_wconf 92' lang='grc' dir='ltr'>τῶν</span> <span class='ocrx_word' id='word_1_25' title='bbox 1426 591 1514 668; x_wconf 83' lang='grc' dir='ltr'>ἐπο-</span> <span class='ocrx_word' id='word_1_26' title='bbox 1619 607 1620 652; x_wconf 57' lang='grc' dir='ltr'>λ</span> 
     </span>
     <span class='ocr_line' id='line_1_4' title="bbox 313 717 1621 850; baseline -0.002 -54"><span class='ocrx_word' id='word_1_27' title='bbox 313 717 429 817; x_wconf 80' lang='grc' dir='ltr'>μένων</span> <span class='ocrx_word' id='word_1_28' title='bbox 459 723 670 829; x_wconf 80' lang='grc' dir='ltr'>πολυχειρίᾳ</span> <span class='ocrx_word' id='word_1_29' title='bbox 702 722 998 826; x_wconf 87' lang='grc' dir='ltr'>καταθαρσήσας·</span> <span class='ocrx_word' id='word_1_30' title='bbox 1044 720 1186 826; x_wconf 78' lang='grc' dir='ltr'>εὑρήσει</span> <span class='ocrx_word' id='word_1_31' title='bbox 1213 717 1326 821; x_wconf 85' lang='grc' dir='ltr'>γεμὴν</span> <span class='ocrx_word' id='word_1_32' title='bbox 1353 720 1511 822; x_wconf 87' lang='grc' dir='ltr'>ἐμφιλο·</span> <span class='ocrx_word' id='word_1_33' title='bbox 1619 726 1621 850; x_wconf 68' lang='grc' dir='ltr'>ή</span> 
     </span>
     <span class='ocr_line' id='line_1_5' title="bbox 311 836 1513 946; baseline 0.003 -24"><span class='ocrx_word' id='word_1_34' title='bbox 311 852 499 946; x_wconf 91' lang='grc' dir='ltr'>χωροῦντα</span> <span class='ocrx_word' id='word_1_35' title='bbox 523 853 596 930; x_wconf 86' lang='grc' dir='ltr'>τοῖς</span> <span class='ocrx_word' id='word_1_36' title='bbox 621 845 798 946; x_wconf 83' lang='grc' dir='ltr'>συνήθεσι</span> <span class='ocrx_word' id='word_1_37' title='bbox 824 843 957 944; x_wconf 88' lang='grc' dir='ltr'>τόποις,</span> <span class='ocrx_word' id='word_1_38' title='bbox 983 847 1082 927; x_wconf 75' lang='grc' dir='ltr'>οὔπω</span> <span class='ocrx_word' id='word_1_39' title='bbox 1113 849 1178 943; x_wconf 81' lang='grc' dir='ltr'>τῆς</span> <span class='ocrx_word' id='word_1_40' title='bbox 1206 843 1337 946; x_wconf 75' lang='grc' dir='ltr'>ἡμέρας</span> <span class='ocrx_word' id='word_1_41' title='bbox 1366 836 1513 937; x_wconf 78' lang='grc' dir='ltr'>ἀνείσης</span> 
     </span>
     <span class='ocr_line' id='line_1_6' title="bbox 277 965 1547 1074; baseline -0.006 -27"><span class='ocrx_word' id='word_1_42' title='bbox 277 965 376 1066; x_wconf 74' lang='grc' dir='ltr'>οτὴν</span> <span class='ocrx_word' id='word_1_43' title='bbox 394 968 553 1070; x_wconf 83' lang='grc' dir='ltr'>ἑτέρωσέ</span> <span class='ocrx_word' id='word_1_44' title='bbox 570 1004 631 1050; x_wconf 90' lang='grc' dir='ltr'>ποι</span> <span class='ocrx_word' id='word_1_45' title='bbox 658 968 824 1074; x_wconf 83' lang='grc' dir='ltr'>πρόοδον,</span> <span class='ocrx_word' id='word_1_46' title='bbox 844 968 1070 1074; x_wconf 79' lang='grc' dir='ltr'>ἐνιζανούσης</span> <span class='ocrx_word' id='word_1_47' title='bbox 1094 969 1133 1050; x_wconf 85' lang='grc' dir='ltr'>δέ</span> <span class='ocrx_word' id='word_1_48' title='bbox 1153 965 1279 1069; x_wconf 86' lang='grc' dir='ltr'>ῶσπερ</span> <span class='ocrx_word' id='word_1_49' title='bbox 1297 973 1371 1051; x_wconf 89' lang='grc' dir='ltr'>τοῖς</span> <span class='ocrx_word' id='word_1_50' title='bbox 1396 996 1508 1044; x_wconf 88' lang='grc' dir='ltr'>κατα·</span> <span class='ocrx_word' id='word_1_51' title='bbox 1527 988 1547 1050; x_wconf 82' lang='lat'><strong>5</strong></span> 
     </span>
     <span class='ocr_line' id='line_1_7' title="bbox 311 1086 1508 1197; baseline -0.002 -29"><span class='ocrx_word' id='word_1_52' title='bbox 311 1089 473 1188; x_wconf 92' lang='grc' dir='ltr'>λύμασιν</span> <span class='ocrx_word' id='word_1_53' title='bbox 489 1092 540 1172; x_wconf 80' lang='grc' dir='ltr'>ἔτι</span> <span class='ocrx_word' id='word_1_54' title='bbox 568 1090 631 1174; x_wconf 84' lang='grc' dir='ltr'>τὸν</span> <span class='ocrx_word' id='word_1_55' title='bbox 652 1092 787 1197; x_wconf 83' lang='grc' dir='ltr'>Κύριον</span> <span class='ocrx_word' id='word_1_56' title='bbox 804 1099 868 1195; x_wconf 81' lang='grc' dir='ltr'>τῆς</span> <span class='ocrx_word' id='word_1_57' title='bbox 887 1092 1024 1178; x_wconf 75' lang='grc' dir='ltr'>νυκτός·</span> <span class='ocrx_word' id='word_1_58' title='bbox 1065 1094 1123 1174; x_wconf 81' lang='grc' dir='ltr'>ἵνα</span> <span class='ocrx_word' id='word_1_59' title='bbox 1149 1093 1269 1175; x_wconf 88' lang='grc' dir='ltr'>τοίνυν</span> <span class='ocrx_word' id='word_1_60' title='bbox 1287 1089 1397 1171; x_wconf 85' lang='grc' dir='ltr'>αὐτὸν</span> <span class='ocrx_word' id='word_1_61' title='bbox 1424 1086 1508 1166; x_wconf 88' lang='grc' dir='ltr'>καθ’</span> 
     </span>
     <span class='ocr_line' id='line_1_8' title="bbox 309 1209 1511 1325; baseline -0.004 -32"><span class='ocrx_word' id='word_1_62' title='bbox 309 1215 476 1319; x_wconf 82' lang='grc' dir='ltr'>ἐκάτερον</span> <span class='ocrx_word' id='word_1_63' title='bbox 504 1218 735 1320; x_wconf 73' lang='grc' dir='ltr'>ἀνθρωπίνως</span> <span class='ocrx_word' id='word_1_64' title='bbox 763 1221 1017 1319; x_wconf 87' lang='grc' dir='ltr'>διεσκεμμένον</span> <span class='ocrx_word' id='word_1_65' title='bbox 1046 1217 1179 1325; x_wconf 85' lang='grc' dir='ltr'>ἐλέγξῃ</span> <span class='ocrx_word' id='word_1_66' title='bbox 1210 1214 1382 1318; x_wconf 87' lang='grc' dir='ltr'>Χριστὸς,</span> <span class='ocrx_word' id='word_1_67' title='bbox 1411 1209 1511 1292; x_wconf 80' lang='grc' dir='ltr'>ἕωλά</span> 
     </span>
     <span class='ocr_line' id='line_1_9' title="bbox 310 1335 1509 1451; baseline 0.001 -32"><span class='ocrx_word' id='word_1_68' title='bbox 310 1373 348 1419; x_wconf 92' lang='grc' dir='ltr'>τε</span> <span class='ocrx_word' id='word_1_69' title='bbox 374 1340 627 1445; x_wconf 89' lang='grc' dir='ltr'>πεφρονηκότα</span> <span class='ocrx_word' id='word_1_70' title='bbox 657 1346 723 1423; x_wconf 91' lang='grc' dir='ltr'>κάν</span> <span class='ocrx_word' id='word_1_71' title='bbox 753 1342 869 1451; x_wconf 76' lang='grc' dir='ltr'>τούτῳ</span> <span class='ocrx_word' id='word_1_72' title='bbox 900 1341 1026 1442; x_wconf 84' lang='grc' dir='ltr'>πόλιν,</span> <span class='ocrx_word' id='word_1_73' title='bbox 1057 1340 1186 1448; x_wconf 82' lang='grc' dir='ltr'>φθάνει</span> <span class='ocrx_word' id='word_1_74' title='bbox 1215 1337 1280 1438; x_wconf 86' lang='grc' dir='ltr'>μέν</span> <span class='ocrx_word' id='word_1_75' title='bbox 1308 1335 1413 1421; x_wconf 77' lang='grc' dir='ltr'>αὐτὸς</span> <span class='ocrx_word' id='word_1_76' title='bbox 1442 1339 1509 1434; x_wconf 80' lang='grc' dir='ltr'>τῆς</span> 
     </span>
     <span class='ocr_line' id='line_1_10' title="bbox 309 1459 1511 1574; baseline -0.003 -32"><span class='ocrx_word' id='word_1_77' title='bbox 309 1463 441 1566; x_wconf 83' lang='grc' dir='ltr'>ἐφόδου</span> <span class='ocrx_word' id='word_1_78' title='bbox 461 1463 527 1564; x_wconf 82' lang='grc' dir='ltr'>τήν</span> <span class='ocrx_word' id='word_1_79' title='bbox 544 1465 670 1571; x_wconf 80' lang='grc' dir='ltr'>ἀρχὴν,</span> <span class='ocrx_word' id='word_1_80' title='bbox 689 1466 801 1574; x_wconf 85' lang='grc' dir='ltr'>ἐξεισι</span> <span class='ocrx_word' id='word_1_81' title='bbox 826 1466 863 1546; x_wconf 87' lang='grc' dir='ltr'>δέ</span> <span class='ocrx_word' id='word_1_82' title='bbox 882 1470 942 1547; x_wconf 80' lang='grc' dir='ltr'>καὶ</span> <span class='ocrx_word' id='word_1_83' title='bbox 959 1464 1062 1567; x_wconf 78' lang='grc' dir='ltr'>μάλα</span> <span class='ocrx_word' id='word_1_84' title='bbox 1079 1462 1272 1568; x_wconf 77' lang='grc' dir='ltr'>προθύμως</span> <span class='ocrx_word' id='word_1_85' title='bbox 1291 1459 1511 1563; x_wconf 74' lang='grc' dir='ltr'>ὑπαντήσων</span> 
     </span>
     <span class='ocr_line' id='line_1_11' title="bbox 310 1584 1624 1692; baseline 0.004 -26"><span class='ocrx_word' id='word_1_86' title='bbox 310 1588 439 1686; x_wconf 79' lang='grc' dir='ltr'>αὐτοῖς,</span> <span class='ocrx_word' id='word_1_87' title='bbox 458 1587 513 1669; x_wconf 81' lang='grc' dir='ltr'>ὅτι</span> <span class='ocrx_word' id='word_1_88' title='bbox 540 1589 628 1690; x_wconf 87' lang='grc' dir='ltr'>μήτε</span> <span class='ocrx_word' id='word_1_89' title='bbox 658 1588 776 1692; x_wconf 82' lang='grc' dir='ltr'>ἠγνόει</span> <span class='ocrx_word' id='word_1_90' title='bbox 799 1587 841 1670; x_wconf 81' lang='grc' dir='ltr'>τό</span> <span class='ocrx_word' id='word_1_91' title='bbox 863 1588 1096 1688; x_wconf 77' lang='grc' dir='ltr'>τολμώμενον</span> <span class='ocrx_word' id='word_1_92' title='bbox 1121 1586 1179 1668; x_wconf 87' lang='grc' dir='ltr'>διά</span> <span class='ocrx_word' id='word_1_93' title='bbox 1207 1587 1335 1668; x_wconf 89' lang='grc' dir='ltr'>τούτου</span> <span class='ocrx_word' id='word_1_94' title='bbox 1363 1584 1509 1683; x_wconf 82' lang='grc' dir='ltr'>δεικνύς,</span> <span class='ocrx_word' id='word_1_95' title='bbox 1529 1633 1568 1676; x_wconf 83' lang='lat'>10</span> <span class='ocrx_word' id='word_1_96' title='bbox 1623 1617 1624 1632; x_wconf 58' lang='lat'><em>³</em></span> 
     </span>
     <span class='ocr_line' id='line_1_12' title="bbox 310 1709 1505 1818; baseline 0.001 -29"><span class='ocrx_word' id='word_1_97' title='bbox 310 1711 369 1789; x_wconf 78' lang='grc' dir='ltr'>καὶ</span> <span class='ocrx_word' id='word_1_98' title='bbox 387 1711 442 1791; x_wconf 85' lang='grc' dir='ltr'>ὅτι</span> <span class='ocrx_word' id='word_1_99' title='bbox 460 1719 584 1794; x_wconf 78' lang='grc' dir='ltr'>λαθεῖν</span> <span class='ocrx_word' id='word_1_100' title='bbox 601 1747 640 1793; x_wconf 90' lang='grc' dir='ltr'>τε</span> <span class='ocrx_word' id='word_1_101' title='bbox 658 1712 733 1812; x_wconf 83' lang='grc' dir='ltr'>ἅμα</span> <span class='ocrx_word' id='word_1_102' title='bbox 751 1718 809 1795; x_wconf 73' lang='grc' dir='ltr'>καὶ</span> <span class='ocrx_word' id='word_1_103' title='bbox 823 1717 1008 1818; x_wconf 81' lang='grc' dir='ltr'>διαδρᾶναι</span> <span class='ocrx_word' id='word_1_104' title='bbox 1020 1709 1262 1817; x_wconf 85' lang='grc' dir='ltr'>προεγνωκότι</span> <span class='ocrx_word' id='word_1_105' title='bbox 1279 1715 1378 1818; x_wconf 78' lang='grc' dir='ltr'>ῥᾷον,</span> <span class='ocrx_word' id='word_1_106' title='bbox 1398 1709 1505 1790; x_wconf 81' lang='grc' dir='ltr'>αὑτό·</span> 
     </span>
     <span class='ocr_line' id='line_1_13' title="bbox 309 1834 1510 1942; baseline 0.005 -30"><span class='ocrx_word' id='word_1_107' title='bbox 309 1844 443 1934; x_wconf 85' lang='grc' dir='ltr'>κλητος</span> <span class='ocrx_word' id='word_1_108' title='bbox 470 1836 568 1936; x_wconf 85' lang='grc' dir='ltr'>’ίησιν</span> <span class='ocrx_word' id='word_1_109' title='bbox 590 1839 647 1919; x_wconf 78' lang='grc' dir='ltr'>ἐπὶ</span> <span class='ocrx_word' id='word_1_110' title='bbox 676 1837 718 1919; x_wconf 83' lang='grc' dir='ltr'>τῦ</span> <span class='ocrx_word' id='word_1_111' title='bbox 745 1837 873 1936; x_wconf 81' lang='grc' dir='ltr'>πάθος,</span> <span class='ocrx_word' id='word_1_112' title='bbox 906 1839 970 1919; x_wconf 86' lang='grc' dir='ltr'>οῦκ</span> <span class='ocrx_word' id='word_1_113' title='bbox 1000 1841 1039 1920; x_wconf 85' lang='grc' dir='ltr'>ἐκ</span> <span class='ocrx_word' id='word_1_114' title='bbox 1068 1842 1132 1936; x_wconf 84' lang='grc' dir='ltr'>τῆς</span> <span class='ocrx_word' id='word_1_115' title='bbox 1161 1842 1267 1916; x_wconf 88' lang='grc' dir='ltr'>τινῶν</span> <span class='ocrx_word' id='word_1_116' title='bbox 1297 1834 1510 1942; x_wconf 83' lang='grc' dir='ltr'>πλεονεξίας</span> 
     </span>
     <span class='ocr_line' id='line_1_14' title="bbox 309 1958 1507 2072; baseline 0.001 -35"><span class='ocrx_word' id='word_1_117' title='bbox 309 1958 511 2068; x_wconf 82' lang='grc' dir='ltr'>ἀνεθελήτῳ</span> <span class='ocrx_word' id='word_1_118' title='bbox 539 1962 689 2072; x_wconf 76' lang='grc' dir='ltr'>κινδύνῳ</span> <span class='ocrx_word' id='word_1_119' title='bbox 716 1963 936 2066; x_wconf 81' lang='grc' dir='ltr'>περιπεσὼν,</span> <span class='ocrx_word' id='word_1_120' title='bbox 967 1965 1026 2043; x_wconf 85' lang='grc' dir='ltr'>ἵνα</span> <span class='ocrx_word' id='word_1_121' title='bbox 1052 1961 1142 2062; x_wconf 91' lang='grc' dir='ltr'>μήτε</span> <span class='ocrx_word' id='word_1_122' title='bbox 1172 1967 1332 2062; x_wconf 82' lang='grc' dir='ltr'>γελῶσιν</span> <span class='ocrx_word' id='word_1_123' title='bbox 1359 1965 1393 2039; x_wconf 80' lang='grc' dir='ltr'>οἱ</span> <span class='ocrx_word' id='word_1_124' title='bbox 1420 1960 1507 2061; x_wconf 89' lang='grc' dir='ltr'>παρ’</span> 
     </span>
     <span class='ocr_line' id='line_1_15' title="bbox 304 2077 1510 2192; baseline -0.001 -30"><span class='ocrx_word' id='word_1_125' title='bbox 304 2077 472 2183; x_wconf 85' lang='grc' dir='ltr'>Ἕλλησι</span> <span class='ocrx_word' id='word_1_126' title='bbox 496 2088 618 2192; x_wconf 80' lang='grc' dir='ltr'>σοφοὶ,</span> <span class='ocrx_word' id='word_1_127' title='bbox 638 2084 847 2168; x_wconf 85' lang='grc' dir='ltr'>σκύνδαλύν</span> <span class='ocrx_word' id='word_1_128' title='bbox 870 2122 909 2168; x_wconf 91' lang='grc' dir='ltr'>τε</span> <span class='ocrx_word' id='word_1_129' title='bbox 935 2091 993 2168; x_wconf 84' lang='grc' dir='ltr'>καὶ</span> <span class='ocrx_word' id='word_1_130' title='bbox 1022 2085 1255 2188; x_wconf 82' lang='grc' dir='ltr'>κατηγόρημα</span> <span class='ocrx_word' id='word_1_131' title='bbox 1282 2088 1346 2184; x_wconf 78' lang='grc' dir='ltr'>τῆς</span> <span class='ocrx_word' id='word_1_132' title='bbox 1373 2086 1510 2164; x_wconf 78' lang='grc' dir='ltr'>ἑαυτῶν</span> 
     </span>
     <span class='ocr_line' id='line_1_16' title="bbox 279 2205 1627 2316; baseline 0.008 -33"><span class='ocrx_word' id='word_1_133' title='bbox 279 2206 485 2312; x_wconf 89' lang='grc' dir='ltr'>οέλαφρίας</span> <span class='ocrx_word' id='word_1_134' title='bbox 512 2209 715 2307; x_wconf 90' lang='grc' dir='ltr'>ποιούμενοι</span> <span class='ocrx_word' id='word_1_135' title='bbox 743 2210 807 2291; x_wconf 83' lang='grc' dir='ltr'>τὸν</span> <span class='ocrx_word' id='word_1_136' title='bbox 834 2209 1006 2316; x_wconf 81' lang='grc' dir='ltr'>σταυρὸν,</span> <span class='ocrx_word' id='word_1_137' title='bbox 1028 2208 1117 2310; x_wconf 85' lang='grc' dir='ltr'>μήτε</span> <span class='ocrx_word' id='word_1_138' title='bbox 1142 2208 1214 2309; x_wconf 84' lang='grc' dir='ltr'>μὴν</span> <span class='ocrx_word' id='word_1_139' title='bbox 1237 2211 1257 2288; x_wconf 88' lang='grc' dir='ltr'>ὁ</span> <span class='ocrx_word' id='word_1_140' title='bbox 1283 2205 1509 2311; x_wconf 88' lang='grc' dir='ltr'>κυριοκτόνος</span> <span class='ocrx_word' id='word_1_141' title='bbox 1527 2247 1565 2307; x_wconf 87' lang='lat'>15</span> <span class='ocrx_word' id='word_1_142' title='bbox 1626 2207 1627 2216; x_wconf 17' lang='grc' dir='ltr'>ί</span> 
     </span>
     <span class='ocr_line' id='line_1_17' title="bbox 309 2324 1628 2441; baseline 0.003 -35"><span class='ocrx_word' id='word_1_143' title='bbox 309 2324 477 2414; x_wconf 88' lang='grc' dir='ltr'>Ἰουδαῖος</span> <span class='ocrx_word' id='word_1_144' title='bbox 496 2333 645 2438; x_wconf 74' lang='grc' dir='ltr'>ὑψηλὴν</span> <span class='ocrx_word' id='word_1_145' title='bbox 663 2333 864 2441; x_wconf 80' lang='grc' dir='ltr'>ἀνασπάσῃ</span> <span class='ocrx_word' id='word_1_146' title='bbox 883 2333 975 2415; x_wconf 87' lang='grc' dir='ltr'>κατά</span> <span class='ocrx_word' id='word_1_147' title='bbox 993 2341 1159 2438; x_wconf 86' lang='grc' dir='ltr'>Χριστοῦ</span> <span class='ocrx_word' id='word_1_148' title='bbox 1177 2333 1244 2432; x_wconf 84' lang='grc' dir='ltr'>τὴν</span> <span class='ocrx_word' id='word_1_149' title='bbox 1259 2330 1386 2439; x_wconf 84' lang='grc' dir='ltr'>ὀφρῦν,</span> <span class='ocrx_word' id='word_1_150' title='bbox 1403 2366 1505 2412; x_wconf 87' lang='grc' dir='ltr'>κατι·</span> <span class='ocrx_word' id='word_1_151' title='bbox 1627 2330 1628 2386; x_wconf 56' lang='grc' dir='ltr'>λ</span> 
     </span>
     <span class='ocr_line' id='line_1_18' title="bbox 309 2454 1510 2565; baseline 0.002 -34"><span class='ocrx_word' id='word_1_152' title='bbox 309 2459 450 2557; x_wconf 87' lang='grc' dir='ltr'>σχῦσαι</span> <span class='ocrx_word' id='word_1_153' title='bbox 477 2455 626 2559; x_wconf 77' lang='grc' dir='ltr'>νομίζων</span> <span class='ocrx_word' id='word_1_154' title='bbox 654 2462 713 2540; x_wconf 79' lang='grc' dir='ltr'>καὶ</span> <span class='ocrx_word' id='word_1_155' title='bbox 741 2460 808 2565; x_wconf 79' lang='grc' dir='ltr'>οὐχ</span> <span class='ocrx_word' id='word_1_156' title='bbox 835 2457 977 2542; x_wconf 88' lang='grc' dir='ltr'>ἑκόντος</span> <span class='ocrx_word' id='word_1_157' title='bbox 1005 2459 1124 2538; x_wconf 84' lang='grc' dir='ltr'>αὐτοῦ.</span> <span class='ocrx_word' id='word_1_158' title='bbox 1168 2456 1440 2538; x_wconf 82' lang='grc' dir='ltr'>διαπυνθάνεται</span> <span class='ocrx_word' id='word_1_159' title='bbox 1470 2454 1510 2534; x_wconf 87' lang='grc' dir='ltr'>δέ</span> 
     </span>
     <span class='ocr_line' id='line_1_19' title="bbox 308 2578 1511 2689; baseline 0.003 -33"><span class='ocrx_word' id='word_1_160' title='bbox 308 2583 382 2656; x_wconf 90' lang='grc' dir='ltr'>τῶν</span> <span class='ocrx_word' id='word_1_161' title='bbox 399 2578 557 2678; x_wconf 84' lang='grc' dir='ltr'>ἡκόντων</span> <span class='ocrx_word' id='word_1_162' title='bbox 574 2586 632 2665; x_wconf 82' lang='grc' dir='ltr'>ἐπὶ</span> <span class='ocrx_word' id='word_1_163' title='bbox 659 2583 726 2684; x_wconf 82' lang='grc' dir='ltr'>τήν</span> <span class='ocrx_word' id='word_1_164' title='bbox 752 2585 959 2689; x_wconf 80' lang='grc' dir='ltr'>σύλληψιν,</span> <span class='ocrx_word' id='word_1_165' title='bbox 977 2583 1057 2662; x_wconf 90' lang='grc' dir='ltr'>τίνα</span> <span class='ocrx_word' id='word_1_166' title='bbox 1076 2581 1119 2682; x_wconf 79' lang='grc' dir='ltr'>δή</span> <span class='ocrx_word' id='word_1_167' title='bbox 1149 2581 1220 2685; x_wconf 86' lang='grc' dir='ltr'>ἀρα</span> <span class='ocrx_word' id='word_1_168' title='bbox 1247 2579 1511 2684; x_wconf 83' lang='grc' dir='ltr'>διερευνώμενοι</span> 
     </span>
     <span class='ocr_line' id='line_1_20' title="bbox 308 2700 1510 2809; baseline 0.003 -29"><span class='ocrx_word' id='word_1_169' title='bbox 308 2700 485 2804; x_wconf 78' lang='grc' dir='ltr'>πάρεισιν,</span> <span class='ocrx_word' id='word_1_170' title='bbox 508 2708 572 2786; x_wconf 83' lang='grc' dir='ltr'>οῦκ</span> <span class='ocrx_word' id='word_1_171' title='bbox 598 2707 794 2809; x_wconf 88' lang='grc' dir='ltr'>ἀγνοήσας·</span> <span class='ocrx_word' id='word_1_172' title='bbox 834 2709 969 2806; x_wconf 87' lang='grc' dir='ltr'>πόθεν;</span> <span class='ocrx_word' id='word_1_173' title='bbox 1011 2707 1097 2787; x_wconf 87' lang='grc' dir='ltr'>ἀλλ’</span> <span class='ocrx_word' id='word_1_174' title='bbox 1124 2706 1183 2786; x_wconf 84' lang='grc' dir='ltr'>ἵνα</span> <span class='ocrx_word' id='word_1_175' title='bbox 1207 2702 1289 2789; x_wconf 86' lang='grc' dir='ltr'>τοῦς</span> <span class='ocrx_word' id='word_1_176' title='bbox 1319 2704 1377 2786; x_wconf 88' lang='grc' dir='ltr'>διά</span> <span class='ocrx_word' id='word_1_177' title='bbox 1401 2712 1510 2785; x_wconf 92' lang='grc' dir='ltr'>τοῦτο</span> 
     </span>
     <span class='ocr_line' id='line_1_21' title="bbox 308 2825 1567 2930; baseline 0.003 -26"><span class='ocrx_word' id='word_1_178' title='bbox 308 2825 490 2927; x_wconf 85' lang='grc' dir='ltr'>παρόντας</span> <span class='ocrx_word' id='word_1_179' title='bbox 517 2831 576 2908; x_wconf 82' lang='grc' dir='ltr'>καὶ</span> <span class='ocrx_word' id='word_1_180' title='bbox 604 2831 798 2927; x_wconf 75' lang='grc' dir='ltr'>θεωμένους</span> <span class='ocrx_word' id='word_1_181' title='bbox 821 2830 930 2912; x_wconf 83' lang='grc' dir='ltr'>αὑτὸν</span> <span class='ocrx_word' id='word_1_182' title='bbox 959 2836 1017 2912; x_wconf 89' lang='grc' dir='ltr'>καὶ</span> <span class='ocrx_word' id='word_1_183' title='bbox 1043 2830 1102 2911; x_wconf 83' lang='grc' dir='ltr'>διὰ</span> <span class='ocrx_word' id='word_1_184' title='bbox 1125 2827 1251 2910; x_wconf 91' lang='grc' dir='ltr'>τούτου</span> <span class='ocrx_word' id='word_1_185' title='bbox 1269 2827 1382 2910; x_wconf 83' lang='grc' dir='ltr'>πάλιν</span> <span class='ocrx_word' id='word_1_186' title='bbox 1398 2827 1506 2930; x_wconf 86' lang='grc' dir='ltr'>ε’λέγ·</span> <span class='ocrx_word' id='word_1_187' title='bbox 1525 2879 1567 2920; x_wconf 76' lang='lat'>20</span> 
     </span>
     <span class='ocr_line' id='line_1_22' title="bbox 310 2949 1509 3059; baseline 0 -27"><span class='ocrx_word' id='word_1_188' title='bbox 310 2949 377 3054; x_wconf 81' lang='grc' dir='ltr'>ξας</span> <span class='ocrx_word' id='word_1_189' title='bbox 409 2952 484 3030; x_wconf 79' lang='grc' dir='ltr'>οὐδ’</span> <span class='ocrx_word' id='word_1_190' title='bbox 518 2951 609 3033; x_wconf 82' lang='grc' dir='ltr'>ὅσον</span> <span class='ocrx_word' id='word_1_191' title='bbox 642 2954 918 3055; x_wconf 80' lang='grc' dir='ltr'>ἐπιγιγνώσκειν</span> <span class='ocrx_word' id='word_1_192' title='bbox 957 2953 1151 3059; x_wconf 79' lang='grc' dir='ltr'>ἰσχύοντας</span> <span class='ocrx_word' id='word_1_193' title='bbox 1184 2951 1247 3032; x_wconf 85' lang='grc' dir='ltr'>τὸν</span> <span class='ocrx_word' id='word_1_194' title='bbox 1284 2951 1509 3055; x_wconf 78' lang='grc' dir='ltr'>ζητούμενον,</span> 
     </span>
     <span class='ocr_line' id='line_1_23' title="bbox 308 3073 1509 3184; baseline 0.006 -33"><span class='ocrx_word' id='word_1_195' title='bbox 308 3073 401 3172; x_wconf 82' lang='grc' dir='ltr'>ἡμᾶς</span> <span class='ocrx_word' id='word_1_196' title='bbox 429 3076 617 3182; x_wconf 80' lang='grc' dir='ltr'>βεβαιώσῃ</span> <span class='ocrx_word' id='word_1_197' title='bbox 646 3074 737 3179; x_wconf 80' lang='grc' dir='ltr'>πρὸς</span> <span class='ocrx_word' id='word_1_198' title='bbox 770 3075 814 3159; x_wconf 81' lang='grc' dir='ltr'>τὸ</span> <span class='ocrx_word' id='word_1_199' title='bbox 846 3086 994 3184; x_wconf 85' lang='grc' dir='ltr'>φρονεῖν</span> <span class='ocrx_word' id='word_1_200' title='bbox 1026 3081 1151 3183; x_wconf 83' lang='grc' dir='ltr'>ὀρθῶς,</span> <span class='ocrx_word' id='word_1_201' title='bbox 1180 3080 1228 3162; x_wconf 89' lang='grc' dir='ltr'>ὡς</span> <span class='ocrx_word' id='word_1_202' title='bbox 1261 3079 1324 3158; x_wconf 86' lang='grc' dir='ltr'>οὐκ</span> <span class='ocrx_word' id='word_1_203' title='bbox 1352 3075 1397 3156; x_wconf 83' lang='grc' dir='ltr'>ἀν</span> <span class='ocrx_word' id='word_1_204' title='bbox 1427 3077 1509 3177; x_wconf 84' lang='grc' dir='ltr'>ἥλω</span> 
     </span>
     <span class='ocr_line' id='line_1_24' title="bbox 308 3198 1506 3307; baseline 0.003 -29"><span class='ocrx_word' id='word_1_205' title='bbox 308 3198 405 3296; x_wconf 83' lang='grc' dir='ltr'>ποτέ,</span> <span class='ocrx_word' id='word_1_206' title='bbox 443 3198 494 3299; x_wconf 84' lang='grc' dir='ltr'>μὴ</span> <span class='ocrx_word' id='word_1_207' title='bbox 531 3203 610 3307; x_wconf 84' lang='grc' dir='ltr'>οὐχὶ</span> <span class='ocrx_word' id='word_1_208' title='bbox 644 3211 717 3287; x_wconf 90' lang='grc' dir='ltr'>τοῖς</span> <span class='ocrx_word' id='word_1_209' title='bbox 754 3203 923 3307; x_wconf 82' lang='grc' dir='ltr'>ζητοῦσιν</span> <span class='ocrx_word' id='word_1_210' title='bbox 960 3201 1070 3285; x_wconf 79' lang='grc' dir='ltr'>αὐτὸν</span> <span class='ocrx_word' id='word_1_211' title='bbox 1107 3199 1295 3302; x_wconf 81' lang='grc' dir='ltr'>ἐθελοντὴς</span> <span class='ocrx_word' id='word_1_212' title='bbox 1327 3202 1506 3306; x_wconf 89' lang='grc' dir='ltr'>προσιών.</span> 
     </span>
     <span class='ocr_line' id='line_1_25' title="bbox 310 3321 1506 3435; baseline 0.007 -33"><span class='ocrx_word' id='word_1_213' title='bbox 310 3321 409 3426; x_wconf 77' lang='grc' dir='ltr'>ἄθρει</span> <span class='ocrx_word' id='word_1_214' title='bbox 437 3323 508 3427; x_wconf 87' lang='grc' dir='ltr'>γάρ</span> <span class='ocrx_word' id='word_1_215' title='bbox 536 3324 633 3410; x_wconf 81' lang='grc' dir='ltr'>ὅπως</span> <span class='ocrx_word' id='word_1_216' title='bbox 661 3330 769 3407; x_wconf 84' lang='grc' dir='ltr'>αὐτοῦ</span> <span class='ocrx_word' id='word_1_217' title='bbox 793 3327 986 3433; x_wconf 83' lang='grc' dir='ltr'>διαῤῥήδην</span> <span class='ocrx_word' id='word_1_218' title='bbox 1008 3329 1050 3408; x_wconf 90' lang='grc' dir='ltr'>τό</span> <span class='ocrx_word' id='word_1_219' title='bbox 1073 3331 1155 3408; x_wconf 83' lang='grc' dir='ltr'>Τίνα</span> <span class='ocrx_word' id='word_1_220' title='bbox 1175 3327 1297 3435; x_wconf 82' lang='grc' dir='ltr'>ζητεῖτε</span> <span class='ocrx_word' id='word_1_221' title='bbox 1321 3327 1506 3428; x_wconf 87' lang='grc' dir='ltr'>λέγοντος,</span> 
     </span>
     <span class='ocr_line' id='line_1_26' title="bbox 277 3447 1563 3556; baseline 0.005 -32"><span class='ocrx_word' id='word_1_222' title='bbox 277 3447 374 3535; x_wconf 81' lang='grc' dir='ltr'>ᾱούκ</span> <span class='ocrx_word' id='word_1_223' title='bbox 404 3447 588 3551; x_wconf 84' lang='grc' dir='ltr'>ἐπήγαγον</span> <span class='ocrx_word' id='word_1_224' title='bbox 615 3450 726 3550; x_wconf 86' lang='grc' dir='ltr'>εῦθῦς,</span> <span class='ocrx_word' id='word_1_225' title='bbox 757 3451 812 3531; x_wconf 86' lang='grc' dir='ltr'>ὅτι</span> <span class='ocrx_word' id='word_1_226' title='bbox 844 3450 890 3532; x_wconf 80' lang='grc' dir='ltr'>σὲ</span> <span class='ocrx_word' id='word_1_227' title='bbox 919 3449 1199 3556; x_wconf 78' lang='grc' dir='ltr'>συλληψόμενον</span> <span class='ocrx_word' id='word_1_228' title='bbox 1228 3450 1292 3531; x_wconf 87' lang='grc' dir='ltr'>τὸν</span> <span class='ocrx_word' id='word_1_229' title='bbox 1323 3458 1509 3531; x_wconf 83' lang='grc' dir='ltr'>λαλοῦντα</span> <span class='ocrx_word' id='word_1_230' title='bbox 1524 3485 1563 3546; x_wconf 79' lang='lat'>25</span> 
     </span>
     <span class='ocr_line' id='line_1_27' title="bbox 309 3569 1508 3678; baseline 0.002 -26"><span class='ocrx_word' id='word_1_231' title='bbox 309 3569 505 3674; x_wconf 80' lang='grc' dir='ltr'>πάρεσμεν,</span> <span class='ocrx_word' id='word_1_232' title='bbox 524 3576 608 3653; x_wconf 85' lang='grc' dir='ltr'>ἀλλ’</span> <span class='ocrx_word' id='word_1_233' title='bbox 628 3577 676 3660; x_wconf 88' lang='grc' dir='ltr'>ῶς</span> <span class='ocrx_word' id='word_1_234' title='bbox 694 3578 778 3677; x_wconf 88' lang='grc' dir='ltr'>περί</span> <span class='ocrx_word' id='word_1_235' title='bbox 797 3610 891 3659; x_wconf 90' lang='grc' dir='ltr'>τινος</span> <span class='ocrx_word' id='word_1_236' title='bbox 913 3583 985 3657; x_wconf 88' lang='grc' dir='ltr'>τῶν</span> <span class='ocrx_word' id='word_1_237' title='bbox 1004 3578 1104 3656; x_wconf 83' lang='grc' dir='ltr'>οὔπω</span> <span class='ocrx_word' id='word_1_238' title='bbox 1121 3572 1310 3678; x_wconf 84' lang='grc' dir='ltr'>παρόντων</span> <span class='ocrx_word' id='word_1_239' title='bbox 1326 3574 1416 3675; x_wconf 91' lang='grc' dir='ltr'>μήτε</span> <span class='ocrx_word' id='word_1_240' title='bbox 1434 3573 1508 3674; x_wconf 82' lang='grc' dir='ltr'>μὴν</span> 
     </span>
     <span class='ocr_line' id='line_1_28' title="bbox 309 3697 1050 3808; baseline 0.003 -32"><span class='ocrx_word' id='word_1_241' title='bbox 309 3697 506 3798; x_wconf 77' lang='grc' dir='ltr'>ὁρωμένων,</span> <span class='ocrx_word' id='word_1_242' title='bbox 525 3699 644 3791; x_wconf 81' lang='grc' dir='ltr'>Ἰησοῦν</span> <span class='ocrx_word' id='word_1_243' title='bbox 663 3705 758 3801; x_wconf 91' lang='grc' dir='ltr'>φασι</span> <span class='ocrx_word' id='word_1_244' title='bbox 775 3701 827 3780; x_wconf 72' lang='grc' dir='ltr'>τὶν</span> <span class='ocrx_word' id='word_1_245' title='bbox 846 3701 1050 3808; x_wconf 74' lang='grc' dir='ltr'>Ναζωραῖον.</span> 
     </span>
     <span class='ocr_line' id='line_1_29' title="bbox 365 3817 1506 3926; baseline 0.003 -28"><span class='ocrx_word' id='word_1_246' title='bbox 365 3817 473 3898; x_wconf 88' lang='grc' dir='ltr'>Ἀλλ’</span> <span class='ocrx_word' id='word_1_247' title='bbox 489 3817 533 3919; x_wconf 82' lang='grc' dir='ltr'>ἦν</span> <span class='ocrx_word' id='word_1_248' title='bbox 551 3854 648 3904; x_wconf 93' lang='grc' dir='ltr'>τινας</span> <span class='ocrx_word' id='word_1_249' title='bbox 661 3820 750 3906; x_wconf 80' lang='grc' dir='ltr'>ἴσως</span> <span class='ocrx_word' id='word_1_250' title='bbox 769 3821 858 3905; x_wconf 79' lang='grc' dir='ltr'>εἰκὸς</span> <span class='ocrx_word' id='word_1_251' title='bbox 875 3821 966 3926; x_wconf 85' lang='grc' dir='ltr'>πρὸς</span> <span class='ocrx_word' id='word_1_252' title='bbox 980 3832 1085 3904; x_wconf 88' lang='grc' dir='ltr'>τοῦτο</span> <span class='ocrx_word' id='word_1_253' title='bbox 1104 3827 1212 3903; x_wconf 81' lang='grc' dir='ltr'>εἰπεῖν</span> <span class='ocrx_word' id='word_1_254' title='bbox 1229 3819 1377 3925; x_wconf 87' lang='grc' dir='ltr'>Ἡγνόει</span> <span class='ocrx_word' id='word_1_255' title='bbox 1395 3819 1506 3926; x_wconf 83' lang='grc' dir='ltr'>τυχὸν</span> 
     </span>
     <span class='ocr_line' id='line_1_30' title="bbox 311 3942 1502 4055; baseline 0.002 -32"><span class='ocrx_word' id='word_1_256' title='bbox 311 3946 331 4023; x_wconf 89' lang='grc' dir='ltr'>ό</span> <span class='ocrx_word' id='word_1_257' title='bbox 356 3942 590 4046; x_wconf 87' lang='grc' dir='ltr'>στρατιώτης,</span> <span class='ocrx_word' id='word_1_258' title='bbox 609 3944 880 4048; x_wconf 86' lang='grc' dir='ltr'>συνηγνοήκασι</span> <span class='ocrx_word' id='word_1_259' title='bbox 907 3946 944 4055; x_wconf 81' lang='grc' dir='ltr'>δέ</span> <span class='ocrx_word' id='word_1_260' title='bbox 969 3952 1028 4030; x_wconf 77' lang='grc' dir='ltr'>καὶ</span> <span class='ocrx_word' id='word_1_261' title='bbox 1056 3952 1089 4028; x_wconf 81' lang='grc' dir='ltr'>οἱ</span> <span class='ocrx_word' id='word_1_262' title='bbox 1114 3954 1186 4027; x_wconf 93' lang='grc' dir='ltr'>τῶν</span> <span class='ocrx_word' id='word_1_263' title='bbox 1203 3947 1385 4027; x_wconf 91' lang='grc' dir='ltr'>Ἰουδαίων</span> <span class='ocrx_word' id='word_1_264' title='bbox 1411 3947 1502 4046; x_wconf 78' lang='grc' dir='ltr'>ὑπη-</span> 
     </span>
     <span class='ocr_line' id='line_1_31' title="bbox 309 4066 1564 4177; baseline 0.003 -30"><span class='ocrx_word' id='word_1_265' title='bbox 309 4066 407 4171; x_wconf 89' lang='grc' dir='ltr'>ρέται</span> <span class='ocrx_word' id='word_1_266' title='bbox 429 4068 494 4148; x_wconf 84' lang='grc' dir='ltr'>τὸν</span> <span class='ocrx_word' id='word_1_267' title='bbox 509 4069 666 4164; x_wconf 81' lang='grc' dir='ltr'>Ἰησοῦν.</span> <span class='ocrx_word' id='word_1_268' title='bbox 704 4067 795 4174; x_wconf 79' lang='grc' dir='ltr'>πρὸς</span> <span class='ocrx_word' id='word_1_269' title='bbox 820 4069 863 4170; x_wconf 83' lang='grc' dir='ltr'>δὴ</span> <span class='ocrx_word' id='word_1_270' title='bbox 890 4072 996 4152; x_wconf 87' lang='grc' dir='ltr'>τοῦτό</span> <span class='ocrx_word' id='word_1_271' title='bbox 1020 4078 1151 4177; x_wconf 87' lang='grc' dir='ltr'>φαμεν,</span> <span class='ocrx_word' id='word_1_272' title='bbox 1170 4070 1225 4150; x_wconf 82' lang='grc' dir='ltr'>ότι</span> <span class='ocrx_word' id='word_1_273' title='bbox 1251 4069 1415 4168; x_wconf 80' lang='grc' dir='ltr'>μάλιστα</span> <span class='ocrx_word' id='word_1_274' title='bbox 1440 4069 1505 4168; x_wconf 82' lang='grc' dir='ltr'>μέν</span> <span class='ocrx_word' id='word_1_275' title='bbox 1522 4109 1564 4166; x_wconf 80' lang='lat'>30</span> 
     </span>
     <span class='ocr_line' id='line_1_32' title="bbox 311 4190 1502 4299; baseline -0.001 -28"><span class='ocrx_word' id='word_1_276' title='bbox 311 4193 375 4272; x_wconf 88' lang='grc' dir='ltr'>ούκ</span> <span class='ocrx_word' id='word_1_277' title='bbox 399 4191 557 4295; x_wconf 84' lang='grc' dir='ltr'>εὐλόγως</span> <span class='ocrx_word' id='word_1_278' title='bbox 581 4228 634 4278; x_wconf 87' lang='grc' dir='ltr'>τις</span> <span class='ocrx_word' id='word_1_279' title='bbox 654 4193 796 4294; x_wconf 79' lang='grc' dir='ltr'>ἡμῖντὸ</span> <span class='ocrx_word' id='word_1_280' title='bbox 821 4204 981 4275; x_wconf 90' lang='grc' dir='ltr'>τοιοῦτον</span> <span class='ocrx_word' id='word_1_281' title='bbox 1000 4197 1081 4299; x_wconf 85' lang='grc' dir='ltr'>ἐρεῖ.</span> <span class='ocrx_word' id='word_1_282' title='bbox 1121 4201 1199 4278; x_wconf 87' lang='grc' dir='ltr'>πῶς</span> <span class='ocrx_word' id='word_1_283' title='bbox 1220 4193 1292 4295; x_wconf 86' lang='grc' dir='ltr'>γάρ</span> <span class='ocrx_word' id='word_1_284' title='bbox 1309 4195 1353 4271; x_wconf 86' lang='grc' dir='ltr'>ἂν</span> <span class='ocrx_word' id='word_1_285' title='bbox 1370 4190 1502 4295; x_wconf 83' lang='grc' dir='ltr'>ἠγνόη-</span> 
     </span>
     <span class='ocr_line' id='line_1_33' title="bbox 311 4314 1507 4424; baseline 0.005 -30"><span class='ocrx_word' id='word_1_286' title='bbox 311 4348 384 4394; x_wconf 93' lang='grc' dir='ltr'>σαν</span> <span class='ocrx_word' id='word_1_287' title='bbox 408 4322 441 4394; x_wconf 84' lang='grc' dir='ltr'>οἱ</span> <span class='ocrx_word' id='word_1_288' title='bbox 469 4323 542 4397; x_wconf 92' lang='grc' dir='ltr'>τῶν</span> <span class='ocrx_word' id='word_1_289' title='bbox 570 4323 733 4420; x_wconf 82' lang='grc' dir='ltr'>ἱερᾶσθαι</span> <span class='ocrx_word' id='word_1_290' title='bbox 763 4320 1039 4423; x_wconf 75' lang='grc' dir='ltr'>κεκληρωμένων</span> <span class='ocrx_word' id='word_1_291' title='bbox 1065 4319 1134 4400; x_wconf 80' lang='grc' dir='ltr'>ὑπὸ</span> <span class='ocrx_word' id='word_1_292' title='bbox 1160 4325 1261 4424; x_wconf 87' lang='grc' dir='ltr'>χεῖρα</span> <span class='ocrx_word' id='word_1_293' title='bbox 1287 4314 1345 4396; x_wconf 78' lang='grc' dir='ltr'>διὰ</span> <span class='ocrx_word' id='word_1_294' title='bbox 1371 4315 1507 4401; x_wconf 80' lang='grc' dir='ltr'>παντὸς</span> 
     </span>
    </p>
   </div>
   <div class='ocr_carea' id='block_1_3' title="bbox 144 587 243 708">
    <p class='ocr_par' dir='ltr' id='par_1_3' title="bbox 144 587 243 708">
     <span class='ocr_line' id='line_1_34' title="bbox 144 587 226 654; baseline 0.037 -17"><span class='ocrx_word' id='word_1_295' title='bbox 144 587 226 654; x_wconf 67' lang='lat' dir='ltr'><strong>Supra</strong></span> 
     </span>
     <span class='ocr_line' id='line_1_35' title="bbox 147 668 243 708; baseline 0.042 -4"><span class='ocrx_word' id='word_1_296' title='bbox 147 668 207 705; x_wconf 85' lang='lat'>1011</span> <span class='ocrx_word' id='word_1_297' title='bbox 221 672 243 708; x_wconf 81' lang='grc' dir='ltr'>ο.</span> 
     </span>
    </p>
   </div>
   <div class='ocr_carea' id='block_1_4' title="bbox 140 2083 266 2214">
    <p class='ocr_par' dir='ltr' id='par_1_4' title="bbox 140 2083 266 2214">
     <span class='ocr_line' id='line_1_36' title="bbox 140 2083 266 2137; baseline 0.024 -3"><span class='ocrx_word' id='word_1_298' title='bbox 140 2083 179 2134; x_wconf 78' lang='lat' dir='ltr'>of.</span> <span class='ocrx_word' id='word_1_299' title='bbox 189 2099 199 2134; x_wconf 85' lang='grc' dir='ltr'>ι</span> <span class='ocrx_word' id='word_1_300' title='bbox 210 2085 266 2137; x_wconf 79' lang='lat' dir='ltr'>eor.</span> 
     </span>
     <span class='ocr_line' id='line_1_37' title="bbox 141 2151 209 2214; baseline 0.029 -14"><span class='ocrx_word' id='word_1_301' title='bbox 141 2151 159 2200; x_wconf 65' lang='lat' dir='ltr'>t</span> <span class='ocrx_word' id='word_1_302' title='bbox 170 2164 209 2214; x_wconf 78' lang='lat'>²3·</span> 
     </span>
    </p>
   </div>
   <div class='ocr_carea' id='block_1_5' title="bbox 311 4482 1506 4630">
    <p class='ocr_par' dir='ltr' id='par_1_5' title="bbox 311 4482 1506 4630">
     <span class='ocr_line' id='line_1_38' title="bbox 347 4482 1506 4557; baseline 0.006 -23"><span class='ocrx_word' id='word_1_303' title='bbox 347 4495 372 4552; x_wconf 83' lang='lat'>7.</span> <span class='ocrx_word' id='word_1_304' title='bbox 390 4482 510 4552; x_wconf 79' lang='grc' dir='ltr'>ίκάτερον</span> <span class='ocrx_word' id='word_1_305' title='bbox 522 4482 554 4537; x_wconf 86' lang='grc' dir='ltr'>Ε.</span> <span class='ocrx_word' id='word_1_306' title='bbox 567 4482 655 4554; x_wconf 73' lang='grc' dir='ltr'>ἕτερον</span> <span class='ocrx_word' id='word_1_307' title='bbox 666 4485 719 4542; x_wconf 83' lang='lat' dir='ltr'>Ed.</span> <span class='ocrx_word' id='word_1_308' title='bbox 989 4505 1032 4544; x_wconf 83' lang='lat'>20.</span> <span class='ocrx_word' id='word_1_309' title='bbox 1051 4487 1193 4557; x_wconf 84' lang='grc' dir='ltr'>θεωμένους</span> <span class='ocrx_word' id='word_1_310' title='bbox 1206 4487 1238 4542; x_wconf 82' lang='lat' dir='ltr'>E.</span> <span class='ocrx_word' id='word_1_311' title='bbox 1252 4486 1441 4557; x_wconf 75' lang='grc' dir='ltr'>θεωρουμένους</span> <span class='ocrx_word' id='word_1_312' title='bbox 1453 4485 1506 4542; x_wconf 81' lang='lat' dir='ltr'>Ed.</span> 
     </span>
     <span class='ocr_line' id='line_1_39' title="bbox 311 4552 1282 4630; baseline 0.005 -24"><span class='ocrx_word' id='word_1_313' title='bbox 311 4567 354 4606; x_wconf 85' lang='lat'>21.</span> <span class='ocrx_word' id='word_1_314' title='bbox 372 4552 567 4624; x_wconf 75' lang='grc' dir='ltr'>ἐπιγιγνώσκειν</span> <span class='ocrx_word' id='word_1_315' title='bbox 579 4553 612 4610; x_wconf 87' lang='lat' dir='ltr'>E.</span> <span class='ocrx_word' id='word_1_316' title='bbox 625 4555 801 4630; x_wconf 80' lang='grc' dir='ltr'>ἐπιγινώσκειν</span> <span class='ocrx_word' id='word_1_317' title='bbox 814 4556 865 4611; x_wconf 80' lang='lat' dir='ltr'>Ed.</span> <span class='ocrx_word' id='word_1_318' title='bbox 1046 4575 1088 4628; x_wconf 82' lang='lat'>23.</span> <span class='ocrx_word' id='word_1_319' title='bbox 1107 4559 1236 4616; x_wconf 80' lang='grc' dir='ltr'>ἐθελοντὶς</span> <span class='ocrx_word' id='word_1_320' title='bbox 1250 4557 1282 4612; x_wconf 86' lang='grc' dir='ltr'>Ε.</span> 
     </span>
    </p>
   </div>
   <div class='ocr_carea' id='block_1_6' title="bbox 0 0 1645 5142">
    <p class='ocr_par' dir='ltr' id='par_1_6' title="bbox 0 0 1645 5142">
     <span class='ocr_line' id='line_1_40' title="bbox 0 0 1645 5142; baseline 0 0"><span class='ocrx_word' id='word_1_321' title='bbox 0 0 1645 5142; x_wconf 95' lang='lat' dir='ltr'> </span> 
     </span>
    </p>
   </div>
  </div>
 </body>
</html>
