3280 5142
311 331 333 395 2
573 330 611 394 B.
635 329 848 396 CYRILLI
878 327 1169 396 ALEXANDR.
1301 325 1378 390 xvii.
1394 342 1444 402 ατ,
1459 339 1511 407 23.

310 490 453 594 προσὸν
472 493 581 602 αὐτῷ·
611 493 656 596 ἦν
681 494 753 598 γάρ
779 499 839 576 καὶ
863 496 965 578 ἔστιν
985 499 1024 577 ἐν
1045 501 1170 604 μορφῇ
1196 495 1255 575 καῖ
1280 489 1423 592 ἰσότητι
1446 494 1512 568 τοῦ

314 613 470 720 Πατρός.
522 619 649 700 οὐκοῦν
686 619 874 724 ἐπειδήπερ
910 622 976 726 οὐχ
1014 619 1206 718 ὁμοοόσιος
1242 623 1295 726 τῷ
1332 618 1417 723 Θεῷ
1452 615 1513 692 καὶ

315 741 446 843 Πατρὶ,
475 743 559 820 ἀλλ’
592 742 673 823 οῦδὲ
704 741 836 823 ταύτὸν
866 749 915 828 είς
947 741 1108 850 φόσινὴ
1143 744 1181 823 ε’κ
1213 737 1380 843 γυναικὸς
1412 734 1516 842 σάρξ

313 866 424 960 ἐστιν,
454 863 566 966 ἤγουν
596 865 805 970 ὁλοκλήρως
838 869 858 946 ό
888 870 926 946 ε’κ
958 871 1023 966 τῆς
1053 865 1231 970 παρθένον
1263 861 1357 960 ναὸς,
1387 895 1508 963 παρα·

284 990 451 1092 οδεχθεὶς
482 987 521 1068 δὲ
552 987 604 1069 άπ
686 996 734 1074 εὶς
766 997 875 1089 σῶμα
907 996 972 1071 τοῦ
1002 990 1137 1092 Λόγου,
1166 986 1296 1070 λοιπὸν
1327 989 1376 1070 ὡς
1409 984 1447 1064 ἕν
1477 995 1546 1062 τι5

312 1110 529 1214 λελόγισται
554 1111 625 1194 σῦν
644 1115 751 1222 αὐτῷ·
783 1113 833 1198 εἷς
857 1113 929 1218 γάρ
955 1112 1161 1217 όΧριστὸς
1186 1116 1245 1193 καὶ
1268 1110 1318 1197 εἶς
1335 1109 1433 1206 Υἱὸς,
1453 1111 1514 1188 καὶ

313 1233 371 1316 ὅτε
390 1236 538 1339 γε’γονεν
557 1237 756 1342 ἅνθρωπος.
792 1237 959 1344 ταύτητοι
983 1244 1110 1332 λαβεῖν
1129 1243 1258 1317 νοεῖται
1279 1232 1346 1336 τήν
1364 1235 1510 1330 ἕνωσιν,

311 1364 546 1465 παραδεχθεὶς
572 1367 620 1446 είς
641 1371 747 1443 τοῦτο
766 1365 823 1442 καὶ
841 1361 931 1461 μετὰ
950 1361 1097 1464 σαρκὸς,
1115 1362 1179 1443 οῦκ
1201 1359 1356 1466 ε’χοῦοης
1374 1357 1514 1438 οἴκοθεν

312 1482 354 1565 τὸ
386 1484 424 1564 ἓν
451 1481 539 1565 εἶναι
567 1486 659 1590 πρὸς
688 1484 794 1568 Θεόν.
837 1490 896 1566 καὶ
924 1492 954 1567 εἰ
985 1484 1057 1590 χρή
1088 1520 1123 1566 τι
1153 1482 1426 1586 συντομώτερον
1453 1483 1513 1562 καὶ

312 1608 543 1714 σαφέστερον
566 1616 683 1707 εἰπεῖν,
703 1612 817 1718 ἑαυτῷ
845 1607 1015 1690 δεδόσθαι
1043 1611 1160 1717 φησὶν
1185 1611 1205 1688 ό
1229 1605 1442 1710 Μονογενής
1469 1602 1513 1686 τὸ
1529 1627 1570 1668 ¹0
1632 1601 1633 1640 ³

312 1731 479 1838 δοθέντῇ
502 1734 573 1841 ἰδίᾳ
598 1736 720 1838 σαρκί·
752 1733 856 1815 δοθὲν
875 1732 914 1814 δὲ
940 1732 984 1835 δή
1009 1730 1153 1818 πάντως
1178 1731 1278 1836 παρὰ
1298 1728 1444 1834 Πατρός
1466 1731 1511 1809 δι’

312 1856 422 1936 αι’νιοῦ
444 1860 482 1938 ἐν
502 1856 698 1959 Πνειίματι.
739 1859 759 1938 ό
784 1857 856 1962 γὰρ
881 1862 945 1958 τῆς
971 1856 1062 1960 πρὸς
1080 1857 1176 1938 Θεὸν
1194 1856 1355 1940 ε’νιόσεως
1379 1853 1514 1960 τρόπος
1633 1855 1634 1862 ³

279 1979 380 2083 ᾶοῦχ
403 1979 526 2085 ε’τίραν
549 1980 621 2087 ἔχει
643 1981 710 2082 τήν
733 1981 816 2063 ὁδὸν
839 1985 897 2063 καὶ
924 1988 955 2062 εί
978 1989 1095 2061 νοοῖτο
1119 1978 1230 2087 τυχὸν
1252 1983 1310 2061 ε’πὶ
1327 1985 1511 2082 Χριστοῦ,

313 2103 404 2184 καθὸ
421 2104 564 2210 πέφηνέ
575 2139 615 2184 τε
633 2108 691 2186 καὶ
710 2107 967 2212 κεχρημάτικεν
984 2106 1182 2209 ἅνθρωπος·
1214 2104 1341 2185 ἐνόσει
1358 2108 1403 2208 τῇ
1421 2102 1514 2206 πρὸς

312 2226 355 2307 τὸ
376 2234 535 2328 Πνεῦμα,
555 2227 647 2309 κατὰ
669 2229 733 2310 τὸν
756 2231 910 2336 άρῥητον
933 2235 996 2331 τῆς
1021 2227 1176 2310 συνόδου
1201 2228 1346 2333 τρόπον,
1364 2224 1509 2330 ἁγιαζο-
1529 2246 1570 2306 15

312 2351 421 2452 με’νης
438 2356 551 2454 δῆλον
570 2353 624 2434 ὅτι
641 2358 706 2454 τῆς
723 2353 870 2458 σαρκὸς,
884 2357 977 2435 οῦτοι
990 2390 1028 2434 τε
1043 2353 1133 2455 πρὸς
1148 2354 1278 2434 ἕνωσιν
1297 2351 1514 2457 άουγχῦτως

313 2478 580 2577 ἀναβαινούσης
610 2479 719 2580 αὐτῆς
746 2477 838 2582 πρὸς
866 2478 929 2560 τὸν
957 2479 1054 2561 Θεὸν
1083 2477 1215 2581 Λόγον,
1244 2481 1303 2558 καὶ
1330 2477 1373 2556 δι’
1404 2476 1515 2555 αὐτοῦ

312 2601 405 2706 πρὸς
435 2600 500 2683 τὸν
531 2602 687 2708 Πατέρα,
720 2610 896 2709 σχετικῶς
929 2608 1043 2706 δῆλον
1071 2602 1126 2682 ὅτι
1159 2605 1218 2683 καὶ
1255 2603 1297 2682 οῦ
1334 2607 1512 2710 φυσικῶς.

313 2725 447 2826 ταύτην
472 2737 665 2830 τοιγαροῦν
689 2726 756 2827 τὴν
778 2726 949 2808 δοθεῖσάν
970 2764 1040 2832 μοι,
1063 2723 1238 2835 φησὶν,ὦ
1263 2723 1388 2829 Πάτερ
1414 2722 1516 2828 παρὰ

313 2859 385 2929 σοῦ
409 2847 515 2954 χάριν
533 2883 572 2929 τε
597 2853 657 2930 καὶ
679 2848 788 2959 δόξαν,
808 2855 922 2950 δῆλον
943 2850 982 2932 δὲ
1007 2850 1062 2932 ότι
1088 2851 1155 2952 τὴν
1173 2859 1237 2933 τοῦ
1263 2845 1293 2932 ἓν
1311 2847 1399 2931 εἶναι
1423 2846 1516 2952 πρὸς
1529 2881 1570 2922 20

313 2969 370 3069 σέ,
390 2967 523 3053 δέδωκα
541 2978 653 3060 αὐτοῖς
668 2972 725 3054 ’ίνα
744 2975 821 3055 ὦσιν
840 2970 870 3055 ’όν
892 2971 1002 3060 καθεῖνς
1021 2978 1115 3081 ἡμεῖς
1135 2975 1175 3056 ἷν.

372 3097 656 3200 Προσενοόμεθα
682 3095 846 3202 μὲνγὰρ
874 3097 1053 3197 ἀλλήλοις
1080 3099 1189 3199 ἡμεῖς,
1218 3098 1310 3180 κατὰ
1335 3094 1418 3183 τοῦς
1446 3097 1516 3198 ήδη

313 3221 628 3323 προαποδοθίντας
654 3220 819 3326 τρόπους·
851 3222 1025 3322 ε’νοόμεθα
1053 3221 1090 3302 δὲ
1117 3228 1176 3304 καὶ
1200 3229 1297 3332 Θεῷ.
1336 3225 1396 3303 καὶ
1424 3221 1517 3303 κατὰ

287 3344 395 3428 ετίνα
413 3342 528 3447 λόγον
546 3342 568 3445 ἢ
588 3351 675 3443 πῶς,
694 3344 935 3453 σαφεστάτην
948 3347 1033 3447 ήμῖν
1052 3346 1217 3450 ὁΚῦριος
1236 3345 1432 3447 ἐποιήσατο
1449 3341 1517 3445 τήν

316 3464 503 3574 ἐξήγησιν,
522 3471 662 3570 καὶτῆς
680 3473 806 3551 ἑαυτοῦ
823 3473 1060 3555 διδασκαλίας
1079 3476 1236 3578 διαφανῆ
1256 3469 1432 3555 καθιστὰς
1449 3469 1516 3570 τήν
1530 3499 1572 3560 25

316 3589 443 3691 ὄνησιν
459 3593 553 3695 Ἐγά
577 3599 693 3700 φησιν
711 3595 740 3676 ἓν
760 3599 872 3681 αὐτοῖς
900 3602 959 3676 καὶ
985 3592 1027 3675 τὸ
1046 3596 1076 3676 ἐν
1094 3596 1167 3698 ἐμοὶ
1186 3593 1243 3675 ’ίνα
1261 3593 1322 3676 ότι
1341 3615 1512 3677 τετελειω-

314 3713 402 3820 μέιιι
430 3723 477 3802 εἰς
503 3713 543 3797 ἵν.
579 3718 714 3819 γίνεται
733 3717 798 3817 μέν
815 3716 888 3821 γάρ
906 3722 944 3799 ἐν
963 3720 1046 3819 ήμῖν
1065 3719 1085 3798 ό
1103 3717 1202 3818 Υἱὸς,
1219 3724 1433 3820 σωματικαῖς
1451 3715 1517 3816 μὲν

316 3844 365 3923 ὡς
395 3840 596 3943 ἅνθρωπος,
627 3840 975 3946 συνανακιρνάμενός
1009 3876 1047 3923 τε
1084 3845 1142 3922 καῖ
1179 3843 1435 3941 συνενούμενος
1471 3843 1515 3920 δι’

317 3965 482 4066 εὐλογίας
504 3968 568 4062 τῆς
591 3971 781 4066 μυστικῆς·
811 3974 1056 4066 πνευματικῶς
1080 3965 1118 4049 δὲ
1141 3968 1187 4050 αὖ
1209 3964 1322 4048 πάλιν
1341 3971 1390 4052 ὡς
1408 3965 1514 4063 Θεὸς,

318 4093 364 4192 τῇ
400 4095 465 4168 τοῦ
501 4089 592 4169 ῖδίου
623 4089 833 4193 Πνεόματος
865 4094 1021 4198 ἐνεργείᾳ
1051 4094 1109 4172 καῖ
1139 4089 1258 4196 χάριτι
1288 4091 1330 4172 τὸ
1361 4093 1400 4170 ἐν
1433 4091 1517 4191 ήμῖν
1530 4120 1576 4178 30

148 4233 273 4292 1002ss
290 4210 513 4314 αάνακτίζων
531 4221 671 4313 πνεῦμα
689 4214 780 4319 πρὸς
798 4213 991 4316 καινότητα
1007 4216 1108 4321 ζωῆς,
1125 4219 1184 4296 καὶ
1204 4220 1267 4316 τῆς
1289 4215 1385 4298 θείας
1407 4215 1518 4294 αὐτοῦ

319 4332 463 4441 φύσεως
491 4337 678 4422 κοινωνοὺς
705 4339 890 4424 καθιστάς.
928 4339 1132 4442 σύνδεσμος
1161 4341 1223 4421 οῦν
1250 4339 1322 4444 ἄρα
1348 4344 1413 4439 τῆς
1440 4337 1515 4420 ἑνό-

423 4555 449 4613 6.
468 4559 509 4613 καὶ
522 4560 566 4616 alt.
579 4570 748 4633 assumptum
761 4580 793 4618 ex
806 4561 839 4618 E.
1106 4565 1148 4620 28.
1168 4561 1364 4635 συναινοῦρινος
1377 4563 1410 4619 E.
