3280 5142
118 363 262 434 xvii.26.
336 365 397 432 IN
427 369 460 435 S.
482 365 741 434 JOANNEM.
785 365 967 433 LIB.XI.
1013 363 1115 432 cAP.
1130 365 1212 432 XII.
1280 365 1321 432 13

119 532 388 633 ἀποτελουμένη
416 533 591 640 φαίνεται.
629 538 747 639 σοφοῖ
768 531 835 630 μὲν
862 530 934 637 γὰρ
962 533 983 612 5
1010 528 1150 634 Πατὴρ,
1179 532 1352 611 ἀποκα·ο

119 654 269 738 λιίπτων
293 655 358 738 τὸν
381 658 471 739 ’ίδιον
492 658 594 739 Υῖόν·
633 663 751 765 σοφοῖ
773 656 812 738 δέ
840 655 940 737 οὐδὲν
965 657 1073 758 ἦττον
1096 658 1155 735 καὶ
1178 655 1198 734 5
1221 653 1320 753 Υῖῖις,

119 781 391 864 ἀποκαλύπτων
420 783 484 863 τὸν
514 782 673 888 Πατέρα.
721 785 779 863 καὶ
806 789 897 884 γοῦν
923 784 974 890 τῷ
1000 779 1163 888 μακαρίῳ
1192 777 1321 887 Πέτρῳ

120 907 217 1011 φησὶ
244 911 327 1010 περὶ
354 906 517 1012 τὰμέρη
547 906 766 1009 Καισαρείας
795 909 859 1007 τῆς
884 902 1107 1003 καλουμένης
1135 903 1321 984 Φιλίππου
1366 913 1492 1044 {mm-

87 1039 144 1116 ⁵“
160 1029 351 1134 Μακάριος
377 1028 411 1111 εἶ
436 1033 560 1133 Σίμων
588 1030 668 1136 Βάρ
692 1032 808 1128 Ἰωνᾶ,
836 1027 892 1110 ὅτι
919 1027 1023 1138 σάρξ
1050 1031 1109 1109 καὶ
1140 1025 1227 1128 αἷμα
1257 1029 1322 1108 οὐκ
1368 1015 1469 1118 ω.ἠ.’

121 1163 144 1201 “
162 1153 382 1264 ἀπεκάλυψέ
404 1189 475 1254 σοι,
503 1154 629 1236 ἀλλίῖ
654 1153 784 1259 Πατήρ
811 1188 882 1256 μου
909 1155 930 1234 5
958 1157 997 1234 ἐν
1023 1160 1098 1239 τοῖς
1125 1151 1321 1256 οὐρανοῖς.”

122 1278 383 1382 διωμολογήκει
409 1279 481 1383 γὰρ
510 1281 530 1361 5
556 1278 718 1381 μαθητὴς
746 1281 805 1360 καῖ
836 1285 1030 1360 πιστεῦσαι
1060 1277 1323 1383 διισχυρίσατο,

121 1399 179 1481 ὅτι
205 1400 313 1488 αι’πῖις
340 1403 393 1505 ε’ίη
413 1403 577 1508 Χριστὸς
595 1405 616 1485 5
632 1403 721 1488 Υἱὸς
739 1411 804 1484 τοῦ
822 1409 920 1483 Θεοιῖ
946 1411 1010 1483 τοῦ
1038 1399 1179 1504 ζῶντος.
1217 1399 1324 1486 αι’πὸς

120 1522 160 1605 δὲ
184 1529 262 1607 νυνὶ
285 1531 368 1633 περὶ
391 1531 517 1610 ἑαυτοῦ
536 1535 653 1637 φησιν
663 1526 746 1610 ’Ότι
772 1527 935 1638 ῖγιῶρισα
953 1531 1067 1614 αὐτοῖς
1086 1523 1123 1608 τδ
1142 1523 1247 1634 ίνομιί
1264 1533 1360 1608 σουᾶ

69 1681 109 1722 ¹0
122 1657 184 1731 καῖ
204 1654 365 1761 γνωρίσω.
404 1654 446 1733 οὐ
463 1651 535 1756 γάρ
552 1651 748 1760 κατέληξεν
766 1651 1033 1734 ἀποκαλύπτων
1050 1650 1135 1752 ἡμῖν
1153 1655 1173 1731 5
1194 1657 1321 1732 Μονο-

120 1773 227 1876 γενῖγς
255 1785 320 1858 τοῦ
347 1775 430 1857 καθ’
448 1776 575 1859 ἑαυτὸν
596 1778 796 1881 μυστηρίου
824 1775 890 1876 τὴν
913 1776 1062 1877 δύναμιν
1080 1775 1324 1882 ἀποκαλύψας

120 1904 195 1984 τοῖς
223 1901 377 2003 πρώτοις
405 1903 443 1982 ε’ν
470 1903 607 2007 ἀρχαῖς·
653 1903 788 2005 ἐνεργεῖ
811 1898 849 1982 δὲ
876 1908 982 1982 τοῦτο
1012 1898 1071 1982 διδ
1094 1899 1238 2000 παντὸς,
1269 1904 1324 1982 ε’ν-

120 2025 285 2128 σπείρων
318 2025 460 2136 ἑκάστῳ
491 2025 556 2108 τὸν
587 2025 646 2106 διὰ
682 2035 747 2106 τοῦ
782 2023 990 2128 Πνειίματος
1028 2024 1230 2133 φωτισμὸν,
1263 2029 1323 2108 καὶ

121 2155 357 2256 χειραγωγῶν
385 2154 434 2235 εἰς
460 2150 657 2253 ἐπίγνωσιν
683 2156 756 2230 τῶν
785 2148 873 2253 ὑπὲρ
901 2157 985 2230 νοῦν
1011 2151 1071 2230 καὶ
1097 2148 1212 2251 λόγον
1240 2148 1324 2236 τοὺς

73 2295 109 2358 ¹5
122 2276 340 2378 ἀγαπῶντας
362 2273 482 2355 αὐτόν.
524 2273 563 2354 τί
585 2273 622 2354 δὲ
641 2272 685 2375 δὴ
704 2278 889 2376 κατορθῶν
907 2274 965 2354 καὶ
983 2271 1075 2354 κατὰ
1092 2274 1172 2354 τίνα
1187 2271 1324 2376 τρόπον

122 2397 217 2500 ἡμεῖς
234 2401 389 2506 ὠφελῶν
407 2397 646 2507 ἀποκαλύψαι
664 2397 729 2497 μὲν
746 2399 815 2500 ἤδη
832 2404 907 2482 τοῖς
925 2403 1115 2498 μαθηταῖς,
1132 2397 1324 2503 γνωρίσειν

122 2521 239 2624 γεμὴν
256 2525 316 2602 καῖ
340 2530 415 2608 τοῖς
438 2521 530 2624 μετά
553 2532 666 2604 ταῦτα
683 2521 935 2627 διισχυρίζεται
952 2519 1015 2602 τὸν
1035 2518 1191 2624 Πατέρα,
1208 2520 1323 2602 πάλιν

120 2646 229 2732 αὐτὸς
246 2647 427 2755 ἀπέδειξεν
445 2644 639 2729 εῖπῶν”’1να
658 2651 676 2742 ἢ
693 2645 820 2750 ἀγάπη
839 2645 873 2740 ἣν
891 2644 1079 2748 ἦγάπησιίι
1099 2680 1145 2754 με
1164 2647 1194 2726 ἒν
1213 2649 1354 2732 αὐτοῖςο

121 2768 139 2886 ᾗ
169 2768 273 2874 κάγδ
309 2772 340 2853 ἐν
367 2776 490 2858 αὐτοῖς.
531 2778 605 2856 τοῖς
631 2771 703 2876 γάρ
735 2768 795 2850 διὰ
822 2768 971 2875 θεωρίας
1002 2775 1211 2873 εἰλικρινοῦς
1242 2771 1320 2850 ε’πι·

72 2933 110 2975 ιο
121 2903 258 2998 γνῶναι
285 2900 468 2995 δυνηθεῖσι
491 2893 554 2977 τδν
582 2893 678 2977 Θεὸν
702 2895 761 2977 καὶ
785 2892 944 2997 Πατέρα,
971 2892 1260 2994 πεπαιδευμένοις
1286 2892 1325 2976 δὲ

121 3017 215 3100 κατὰ
247 3020 432 3123 ἀκρίβειαν
462 3028 527 3101 τοῦ
558 3018 650 3101 κατὰ
680 3019 846 3125 Χριστὸν
875 3019 1077 3124 μυστηρίου
1107 3015 1170 3099 τὸν
1199 3015 1324 3122 λόγον,

121 3141 273 3252 ὑπάρξει
294 3143 339 3246 δὴ
357 3143 501 3229 πάντως
528 3148 586 3226 καὶ
613 3141 874 3251 ἀναμφιλόγως
899 3142 1085 3247 περιέσται
1112 3140 1155 3224 τὸ
1179 3143 1323 3228 τελείως

120 3270 337 3370 ἀγαπᾶσθαι
354 3267 453 3375 παρὰ
468 3267 625 3372 Πατρὸς,
645 3269 729 3349 καθ’
751 3267 943 3370 ὁμοιότητα
969 3275 1033 3349 τοῦ
1050 3271 1152 3348 Υῖοιῖ.
1185 3265 1319 3348 τελειό-

120 3424 214 3471 τατα
242 3390 315 3496 γὰρ
342 3393 468 3500 ἀγαπᾷ
492 3392 555 3473 τὸν
582 3393 672 3473 ’ίδιον
695 3390 786 3474 Υῖδν
814 3394 834 3473 5
863 3391 1003 3495 Πατήρ·
1045 3389 1260 3494 ἐναυλίζεται
1284 3390 1322 3471 δὲ

72 3559 108 3620 ²5
121 3518 180 3596 καὶ
210 3515 316 3601 αὐτὸς
342 3519 362 3598 5
382 3516 557 3620 Χριστὸς,
581 3514 641 3598 διά
662 3525 726 3597 τοῦ
753 3516 883 3618 Ἀγίου
910 3514 1078 3617 δηλονότι
1101 3514 1322 3616 Πνειίματος,

120 3636 320 3721 συνάπτων
337 3645 386 3726 εῖς
404 3640 600 3742 οἰκειότητα
618 3637 684 3741 τὴν
701 3639 942 3740 πνευματικὴν
960 3639 1003 3722 δι’
1023 3643 1149 3722 ἑαυτοῦ
1166 3646 1219 3750 τῷ
1239 3646 1323 3749 Θεῷ

121 3767 179 3844 καὶ
192 3766 312 3867 Πατρῖ
330 3763 394 3844 τὸν
413 3761 594 3868 ἐγνωκότα
612 3763 733 3862 αὐτὸν,
751 3762 1013 3871 ἀπαράφθορόν
1030 3798 1068 3844 τε
1084 3768 1148 3864 τῆς
1167 3770 1323 3868 θεογνω-
1335 3809 1352 3849 a
1365 3794 1490 3851 1010A.

121 3889 205 3973 σίας
234 3889 273 3967 ε’ν
301 3887 415 3995 ἑαυτῷ
440 3887 504 3968 τὸν
536 3887 650 3991 λόγον
682 3889 864 3970 ὠδίνοντα.
912 3886 1065 3995 ε’γνῶρισε
1095 3887 1133 3969 δέ
1168 3889 1254 3991 ἡμῖν
1286 3889 1323 3969 τῖ

121 4012 226 4118 ίνομα
253 4018 318 4091 τοῖν
338 4010 495 4115 Πατρδς,
511 4009 602 4092 Υῖδν
628 4012 713 4113 ἡμῖν
740 4010 866 4092 ἑαυτὸν
890 4012 1079 4120 ἐπιδείξας.
1120 4013 1351 4119 παρέψεται“

71 4185 108 4244 30
119 4133 190 4239 γὰρ
209 4137 269 4215 καὶ
288 4133 521 4237 ῖσοδρομήσει
539 4134 657 4237 πάντη
677 4169 715 4217 τε
733 4139 792 4217 καῖ
809 4134 1016 4241 πάντωςτῇ
1039 4139 1121 4238 περὶ
1146 4145 1211 4216 τοῦ
1235 4170 1318 4239 γεν-

120 4256 277 4358 νήματος
295 4258 430 4361 γνῶσει
455 4262 514 4340 καὶ
531 4259 554 4359 ἡ
571 4261 654 4365 περὶ
671 4269 737 4342 τοῦ
759 4258 1002 4364 γεννήσαντος
1020 4259 1141 4360 αὐτὸν,
1160 4259 1321 4366 καθάπερ

119 4382 180 4463 οὖν
196 4380 334 4485 ἀληθὲς
351 4380 468 4466 καὶτὸ
485 4383 653 4486 ἔμπαλιν.

154 4609 391 4682 21.aeoer'Migne.
520 4627 563 4678 24.
580 4611 631 4684 γὰρ
645 4611 734 4683 proce*
748 4611 780 4668 E.
903 4627 947 4683 32.
967 4610 1013 4669 οὖν
1024 4621 1195 4686 assumptum
1208 4631 1240 4670 ex
1254 4612 1286 4668 Ε.
