3284 5130
296 340 361 405 124
599 339 641 404 B.
663 336 876 404 OYRILLI
905 335 1196 402 ALEXANDR.
1373 323 1495 394 xx.18·

295 502 353 583 ότι
379 502 530 582 κε’νωσιν
558 501 653 587 ὅλως
684 503 833 583 ἀκούων·
872 502 1038 584 κεκίνωκε
1065 501 1138 605 γὰρ
1165 495 1291 580 ἑαυτὸν
1319 495 1361 576 δι’
1387 492 1491 592 ἡμᾶς·

267 627 340 707 αού
364 625 490 732 λογίζῃ
517 625 583 726 τὴν
608 625 812 729 πλήρωσιν,
836 628 894 706 καὶ
922 625 1139 706 ταπείνωσιν
1159 622 1309 720 βλέπων
1330 615 1372 699 τὸ
1401 617 1496 719 ὕφος

294 751 359 831 ούκ
376 751 514 834 ἐννοεῖς.
554 749 741 830 κεκένωται
758 749 830 852 γὰρ
847 757 934 848 πῶς,
954 754 985 830 εί
1002 745 1053 850 μὴ
1071 749 1208 830 τέλειον
1227 748 1356 827 ἐννοεῖς
1382 735 1496 840 ύποὶρ-

296 910 382 981 χειν,
411 878 459 960 ὡς
489 873 611 970 Θεόν;
647 874 898 954 τεταπείνωται
928 873 966 954 δὲ
998 872 1091 953 κατὰ
1115 874 1195 953 τίνα
1222 866 1367 972 τρόπον,
1389 867 1419 943 εῖ
1445 857 1496 961 μὴ

297 1004 362 1098 τῆς
390 995 545 1102 ἀῤῥήτον
575 997 721 1104 φύσεως
753 1001 862 1079 αὐτοῦ
893 994 1018 1103 λογίζῃ
1049 996 1096 1078 τὸ
1124 995 1331 1104 ύφιύματα;
1370 988 1531 1068 ούκοῦνὸ

296 1121 441 1225 πλήρης
463 1120 634 1227 ὑπάρχων
652 1123 710 1200 καὶ
731 1122 939 1206 παντίλειος
961 1125 1010 1206 ὡς
1029 1119 1123 1207 Θεὸς
1150 1119 1336 1200 κεκένωται
1353 1110 1413 1193 διὰ
1434 1106 1495 1205 σὲ,

297 1245 389 1350 πρὸς
421 1245 487 1347 τὴν
515 1244 588 1346 σὴν
617 1243 743 1326 ἑαυτὸν
775 1247 1021 1345 κατακομίσας
1053 1246 1235 1346 ὁμοίωσιν,
1264 1243 1323 1321 καὶ
1353 1231 1498 1342 ὑψηλὸς

299 1369 472 1475 ὑπάρχων
501 1372 549 1454 ὡς
576 1369 665 1455 Υἱὸς
698 1371 756 1449 καὶ
785 1367 831 1477 ἐξ
857 1370 966 1470 αύτῆς
993 1373 1057 1470 τῆς
1087 1369 1214 1451 οὐσίας
1241 1372 1305 1446 τοῦ
1335 1355 1496 1461 Πατρός,

298 1495 552 1576 τεταπείνωκεν
588 1491 725 1592 ἑαυτὸν,
762 1494 905 1598 ε’πείπερ
947 1491 1094 1596 γε’γονεν
1131 1493 1328 1594 ἅνθρωπος,
1365 1487 1386 1564 ό
1426 1487 1499 1562 τοῖν

299 1617 509 1726 ύφωμοῖτων
527 1621 592 1718 τῆς
616 1618 713 1702 θείας
739 1617 849 1724 δόξης
872 1627 1050 1698 τοσοῦτον
1067 1617 1277 1717 ἡττώμενος,
1296 1611 1386 1692 ὅσον
1405 1601 1499 1685 οἶδεν
1516 1637 1557 1678 10

300 1742 323 1842 ἡ
348 1743 472 1849 φύσις.
511 1740 570 1821 ὅτε
595 1741 714 1821 τοίνυν
729 1743 768 1821 ἐν
786 1742 905 1850 ταύτῷ
930 1741 974 1822 τί
996 1743 1076 1822 ἐστι
1098 1737 1192 1824 Θεὸς
1217 1741 1275 1818 καὶ
1299 1735 1499 1837 οἵνθροπος,

301 1862 446 1971 ύφηλὸς
465 1862 531 1962 μὲν
549 1863 608 1944 διὸ
629 1864 694 1944 τὸν
712 1865 897 1972 φύσαντα·
929 1865 1024 1950 Θεὸς
1046 1863 1120 1969 γάρ
1145 1867 1246 1945 ε’στιν
1264 1864 1303 1942 ἐκ
1321 1864 1417 1939 Θεοῦ
1441 1854 1500 1933 καὶ

267 1987 390 2072 (ῙΥῖὸς
416 1989 456 2068 ἐκ
484 1985 629 2091 Πατρὸς
657 1991 816 2090 ἀληθῶς·
849 1989 1013 2074 ταπεινὸς
1042 1988 1080 2070 δὲ
1108 1989 1150 2070 δι’
1180 1989 1284 2088 ἡμᾶς,
1312 1983 1501 2084 ἅνθρωπος

301 2110 374 2215 γὰρ
403 2111 485 2192 καθ’
514 2111 607 2210 ἡμᾶς
635 2111 761 2214 γε’γονε
793 2113 837 2192 δι’
866 2114 971 2213 ἡμᾶς·
1009 2110 1192 2217 ἀτάραχον
1218 2111 1277 2216 ἔχε
1306 2106 1370 2188 τὸν
1399 2109 1498 2197 νοῦν,

302 2234 391 2314 ὅταν
412 2234 570 2339 ἀκούσῃς
598 2235 770 2336 λε’γοντος
787 2239 980 2331 Ἀναβαίνω
1007 2234 1089 2344 πρὸς
1116 2235 1168 2316 τὸν
1188 2231 1325 2341 Πατέρα
1347 2266 1413 2336 μου
1439 2233 1499 2308 καὶ
1517 2253 1558 2314 ¹5

303 2356 446 2467 Πατέρα
472 2358 561 2466 ὁμοῖν
585 2362 646 2440 καὶ
673 2361 755 2440 Θείν
776 2395 842 2465 μιν
871 2367 932 2441 καὶ
959 2358 1040 2442 Θεὸν
1062 2357 1162 2440 ύαιῖν.
1202 2359 1332 2462 πρέποι
1359 2352 1430 2457 γὰρ
1457 2349 1502 2430 θν

302 2485 361 2566 καὶ
382 2481 484 2582 μάλα
506 2481 658 2580 εἰκότως,
676 2485 725 2567 ὡς
744 2487 827 2589 Θεῷ
851 2482 917 2584 μὲν
935 2487 994 2565 καὶ
1012 2489 1091 2592 Υὶηῖ
1114 2481 1207 2563 κατὰ
1229 2479 1345 2589 φύσιν
1365 2472 1503 2584 Πατέρα

300 2615 426 2690 καλεῖν
456 2605 521 2687 τὸν
551 2602 760 2709 γεννήτορα,
793 2608 842 2689 ὡς
879 2604 918 2687 δὲ
954 2607 1133 2714 ἀνθρώπῳ
1168 2606 1250 2686 καθ’
1285 2604 1387 2704 ἡμᾶς,
1420 2597 1504 2680 Θεὸν

301 2733 429 2813 ἑαυτοῦ
456 2728 520 2811 τὸν
544 2726 640 2810 Θεὸν
667 2725 862 2831 ὀνομάζειν.

256 3005 454 3097 ι8Ἔρχεται
479 3005 593 3096 Μαρία
620 3009 640 3073 ἡ
663 3007 867 3084 Ματδαλιινιὶ
896 3009 1145 3084 ὰπαςτὲλλουσα
1171 3004 1240 3074 τοῖς
1266 2998 1427 3084 μαθηταῖς
1453 3003 1504 3072 ὃτι
1520 3027 1560 3070 οο

504 3129 635 3220 ἑώρακε
661 3133 719 3200 τὸν
747 3133 863 3224 Κύριον
891 3133 1069 3200 καὶταῦτα
1097 3127 1187 3200 εἶπεν
1215 3133 1308 3222 αὐτῇ.

361 3300 604 3405 Θεραπεύεται
631 3301 674 3384 τὸ
702 3305 895 3408 νενοσηκὸς
921 3306 1088 3408 μάλιστα
1119 3303 1233 3410 γε’νος,
1261 3304 1355 3411 φημὶ
1387 3297 1431 3399 δὴ
1463 3294 1505 3377 τὸ

304 3431 469 3526 θηλειῶν,
487 3423 546 3507 διὸ
572 3430 638 3526 τῆς
664 3437 730 3508 τοῦ
759 3434 927 3533 Σωτῆρος
954 3430 1056 3530 ἡμῶν
1078 3429 1353 3537 φιλανθρωπίας
1381 3425 1507 3502 ἀνακε-

139 3549 571 3655 109οΔ.οφαλαιονμε’νον
602 3548 737 3654 τρόπον
764 3552 845 3632 τινὰ
875 3553 942 3655 τὴν
968 3561 1042 3635 τῶν
1072 3555 1154 3634 καθ’
1186 3555 1279 3654 ἡμᾶς
1312 3552 1504 3655 ἀρρωστη-

305 3671 429 3774 μάτων
447 3673 573 3779 ύρχῆν,
591 3676 651 3754 καὶ
667 3674 914 3773 μετατιθέντος
931 3685 1003 3762 τοῖς
1022 3677 1197 3781 δευτέροις
1215 3679 1273 3758 ἐπὶ
1292 3675 1334 3756 τὸ
1353 3675 1507 3772 ἄμεινον.
1521 3693 1560 3753 ²5

304 3794 541 3900 ιἰπαγγίλλει
557 3796 630 3901 γὰρ
647 3797 671 3897 ἡ
689 3797 850 3906 Μαριὸμ,
869 3799 924 3880 ότι
941 3803 999 3881 καὶ
1018 3799 1187 3882 θεάσαιτο
1205 3799 1251 3880 τὰ
1268 3807 1334 3879 τοῦ
1351 3793 1507 3878 θανάτου

306 3921 425 4020 δεσμὰ
449 3919 674 4028 διαφυγόντα
701 3919 765 4002 τὸν
791 3923 937 4026 Κύριον,
963 3928 1021 4005 καὶ
1049 3925 1130 4005 τίνα
1156 3924 1324 4028 λε’γοντος
1355 3921 1504 4023 ἤκουσε,

306 4043 490 4146 διεκόμισέ
506 4077 543 4124 τε
568 4052 642 4128 τοῖς
666 4051 842 4145 μαθηταῖς
870 4045 954 4132 τούς
979 4051 1044 4147 τῆς
1070 4047 1160 4152 ζωῆς
1188 4046 1320 4150 λόγους
1347 4047 1406 4125 καὶ
1434 4051 1508 4124 τῶν

307 4169 411 4250 θείων
429 4169 650 4272 εὐαγγελίων
668 4168 733 4253 τὰς
751 4169 930 4277 ἀπαρχάς.

346 4395 373 4450 6.
390 4394 526 4468 ύπαρχὸν]
543 4402 573 4462 -1-
587 4397 837 4524 ὥςνίόςὲαιὶαῖτα)
853 4399 907 4490 Ε.ι
935 4476 946 4489 .
1135 4401 1177 4456 18.
1195 4398 1262 4454 οὕτω
1274 4396 1461 4488 ριόιίνθρθπφ
1473 4395 1508 4452 Ε.

311 4481 355 4523 20.
372 4467 516 4538 μσγὺσλινι)
529 4467 676 4540 (utsupra)
716 4508 723 4522 .
833 4487 876 4538 24.
894 4493 965 4541 ημων
977 4469 1010 4526 Ε.
1120 4471 1164 4528 26.
1180 4471 1323 4544 ύπσγγελει
1335 4467 1368 4524 Ε.
