3268 5130
125 373 191 438 viii.
206 376 256 440 26.
378 374 431 437 IN
458 373 716 438 EPISTOLAM
744 374 807 438 AD
835 375 1068 439 ROMANOS.
1257 377 1321 440 219

1385 481 1450 530 οΜ.
1485 487 1488 492 “

126 550 147 585 “
166 539 295 622 Ούτως
322 539 385 618 οὖν
414 541 510 635 ύμεῖς
536 538 785 643 προσεύχεσθε
807 539 930 643 Πάτερ
949 542 1049 640 ἡμῶν
1069 541 1088 620 ὁ
1107 542 1144 618 ἐν
1167 546 1238 624 τοῖς
1263 481 1473 628 ού-ςίιί,ιιι,,]

125 673 147 707 “
165 667 295 762 ρανοῖς,
312 661 524 764 ἁγιασθήτω
552 663 594 743 τὸ
623 661 736 761 ὄνομά
754 699 833 761 σου,
853 664 987 744 ε’λθέτω
1006 665 1028 763 ἡ
1047 664 1220 760 βασιλεία
1241 696 1321 758 σου,
1334 645 1367 692 vi.
1381 659 1405 708 ⁹’
1419 657 1454 692 ¹⁰¹

127 798 148 832 ‘⁶
168 785 351 886 γενηθήτω
378 787 421 864 τὸ
450 785 592 888 θέλημά
618 822 688 867 σου
707 791 754 870 ὡς
773 790 810 865 ἐν
828 789 967 895 ούρανῴ
984 791 1043 868 καί
1062 790 1118 868 ε’πί
1137 791 1200 886 τῆς
1219 784 1321 888 >W

126 912 183 988 καί
212 907 285 988 ὅσα
311 908 448 994 τούτοις
476 913 576 991 ε’στίν
597 911 739 1018 ἐφεξῆς.
775 911 833 990 ὅτε
861 913 980 991 τοίνυν
1007 913 1210 1015 ἐγνώκαμεν
1238 911 1320 990 καθ’

93 1032 168 1120 5ὃν
186 1032 230 1113 οἰν
247 1033 375 1138 πρέποι
403 1034 537 1136 τρόπον
559 1041 740 1115 ποιεῖσθαι
768 1033 832 1118 τὰς
860 1036 1014 1134 ἱκετείας,
1032 1037 1085 1119 τίς
1108 1034 1152 1115 ἂν
1171 1033 1250 1114 εἰπέ
1262 1068 1324 1132 μοι

125 1157 264 1258 γένοιτο
292 1157 403 1260 λόγος
432 1165 505 1238 τῶν
533 1163 787 1240 ἀποστολικῶν
814 1157 1059 1262 γραμμάτων;
1093 1156 1116 1257 ἢ
1147 1157 1228 1238 ὅποι
1256 1191 1324 1258 περ

127 1281 171 1359 ἂν
197 1281 330 1375 βλέποι
352 1281 395 1361 τὸ
418 1282 476 1361 διὰ
500 1287 563 1380 τῆς
591 1291 655 1362 τοῦ
675 1281 826 1362 Παύλου
846 1285 967 1387 φωνῆς
986 1315 996 1378 ;
1029 1281 1147 1387 φαμὲν
1173 1281 1246 1378 οὖν,
1269 1279 1324 1358 ότι

126 1403 402 1508 προσευχόμεθα
430 1404 496 1504 μὲν
517 1404 582 1498 τὴν
610 1412 683 1486 τῶν
710 1409 856 1508 ἀγαθῶν
884 1405 1066 1509 ζητοῦντες
1093 1404 1247 1504 αἴτησιν,
1267 1407 1325 1482 καὶ

126 1525 199 1628 πρό
223 1561 264 1630 γε
288 1536 361 1609 τῶν
389 1529 517 1609 ἄλλων
541 1529 587 1609 τὰ
614 1535 663 1614 εἰς
690 1529 802 1636 δόξαν
831 1535 936 1624 θεοῦ,
962 1533 1020 1608 καί
1047 1527 1094 1606 τὰ
1121 1529 1169 1607 δι’
1200 1525 1252 1608 ῶν
1280 1523 1325 1606 ἂν

77 1687 114 1725 10
128 1651 266 1752 γένοιτο
292 1654 424 1748 βιῶναί
448 1687 485 1732 τε
514 1655 630 1756 ὀρθῶς
654 1657 711 1732 καί
738 1653 804 1752 τὴν
823 1651 1007 1750 εὐδόκιμον
1025 1655 1169 1750 άληθῶς
1196 1686 1325 1754 κατορ-

119 1781 247 1853 θῶσαι.
273 1775 377 1879 ζωήν·
418 1787 440 1824 “
454 1776 519 1877 τὴν
538 1777 575 1858 δὲ
600 1777 766 1881 ἀπαρχὴν
791 1786 854 1856 τοῦ
876 1775 1083 1874 Πνεύματος
1108 1775 1246 1880 ἔχοντες
1265 1779 1324 1855 καί
1337 1802 1420 1864 Supra
1431 1817 1481 1850 ver.

129 1909 150 1945 “
168 1900 268 1979 αύτοί
295 1897 510 2003 στενάζομεν
533 1904 571 1981 ε’ν
595 1905 740 1998 ἑαυτοῖς,
760 1900 940 1980 υἱοθεσίαν
958 1898 1229 2003 ἀπεκδεχόμενοι
1258 1897 1325 1999 τὴν
1338 1883 1377 1929 η’

128 2034 149 2068 “
170 2023 424 2126 ἀπολύτρωσιν
444 2033 506 2105 τοῦ
523 2025 726 2122 σῶματος·”
757 2029 814 2104 καί
835 2028 880 2108 ὡς
900 2024 938 2103 έν
956 2058 997 2127 γε
1016 2023 1131 2132 τούτῳ
1150 2030 1201 2132 τῷ
1218 2026 1324 2129 μέρει,

128 2150 164 2227 τί
193 2151 227 2228 τί
249 2145 494 2257 προσευξόμεθα
521 2147 605 2229 καθί
627 2143 678 2228 δεῖ
696 2155 754 2230 οὐκ
775 2145 918 2254 οἴδαμεν·
948 2156 977 2228 εἰ
997 2147 1069 2250 γάρ
1097 2158 1120 2194 “’
1134 2149 1325 2254 ὀφθαλμὸς
1341 2173 1419 2222 1cor.
1433 2172 1495 2236 ἰός·

77 2304 115 2362 15
130 2282 152 2317 ‘⁶
170 2271 233 2350 ούκ
253 2269 319 2352 εἶδε
340 2276 398 2351 καί
417 2273 477 2356 οὖς
495 2273 558 2352 ούκ
577 2272 708 2372 ἤκουσε
728 2277 786 2352 καί
803 2275 859 2352 ε’πί
883 2273 1029 2374 καρδίαν
1048 2274 1238 2374 ἀνθρώπου
1263 2274 1326 2352 ούκ

130 2407 152 2442 “
171 2395 293 2495 ἀνέβη,
324 2393 346 2476 ιίι
379 2397 573 2495 ἡτοίμασεν
607 2399 627 2477 ό
662 2397 755 2481 Θεὸς
787 2403 859 2482 τοῖς
892 2399 1083 2496 ἀγαπῶσιν
1120 2395 1257 2492 αύτὸν,”
1292 2397 1330 2475 τί

129 2518 340 2619 προσιόντες
368 2519 561 2619 αἰτήσομεν
578 2553 588 2613 ;
617 2517 640 2618 ἢ
659 2527 736 2602 πῶς
758 2517 803 2598 οἰν
821 2520 990 2618 εἰδείημεν
1008 2516 1032 2597 δι
1049 2517 1099 2617 μὴ
1118 2519 1325 2617 τεθεάμεθα,

131 2648 276 2739 μᾶλλον
296 2642 332 2721 δὲ
360 2644 419 2722 καί
446 2641 491 2721 τά
516 2642 674 2722 ἐπέκεινα
702 2651 763 2723 νοιῖ
783 2647 840 2722 καί
858 2650 935 2726 ταῖς
952 2640 1153 2744 ἀνθρώπων
1173 2642 1330 2745 καρδίαις

132 2767 195 2844 οὐκ
214 2766 422 2866 ἐγνωσμένα
438 2799 447 2860 ;
473 2765 559 2846 ποία
578 2769 611 2844 δ’
632 2763 676 2845 οἰν
696 2766 833 2867 γένοιτο
852 2770 909 2858 καί
928 2766 950 2864 ἡ
969 2775 1033 2846 τοῦ
1051 2767 1221 2865 σώματος
1239 2768 1328 2847 άπο·

78 2927 118 2964 20
132 2889 323 2989 λύτρωσις,
352 2887 373 2989 ἢ
402 2891 454 2972 τίς
483 2889 502 2967 ὁ
530 2889 805 2987 μεταπλασμὸς,
833 2892 1138 2994 οἰναστοιχειοῦται
1167 2888 1204 2968 δὲ
1233 2888 1329 2972 ὅπως

133 3019 181 3095 εἰς
199 3013 408 3120 ἀφθαρσίαν
426 3015 485 3092 καὶ
503 3011 625 3120 δόξαν,
645 3011 749 3097 αὐτὸς
768 3011 812 3092 ἂν
830 3013 934 3112 εἰδείη
953 3017 1010 3092 καί
1028 3012 1137 3111 μόνος
1155 3015 1176 3093 ὁ
1194 3013 1330 3092 τούτων

132 3139 302 3241 τεχνίτης.
336 3136 406 3243 ἔφη
434 3136 476 3216 δέ
500 3172 571 3217 που
598 3135 689 3237 πρός
715 3170 813 3220 τινας
841 3145 905 3216 τοῖν
935 3140 1103 3238 Σωτῆρος
1126 3137 1145 3215 ὁ
1167 3135 1330 3236 μαθητὴς
1342 3167 1379 3221 31
1394 3165 1442 3222 Μ.

136 3260 217 3342 καθί
246 3258 298 3342 δεῖ
328 3258 571 3368 προσεύχεσθαι
604 3259 654 3358 μὴ
687 3260 822 3344 εἰδότας
860 3271 881 3308 “
896 3265 1043 3356 Αἰτεῖτε,
1072 3262 1130 3338 καί
1158 3261 1200 3339 ού
1229 3271 1327 3358 λαμ·
1342 3267 1367 3394 ξ
1376 3267 1432 3316 ³⁵⁰·
1441 3267 1474 3315 iv.

134 3397 155 3432 ‘⁶
174 3383 312 3480 βάνετε,
340 3382 428 3463 διότι
456 3390 572 3466 κακῶς
598 3388 763 3477 αἰτεῖσθε,
791 3383 849 3462 ἰνα
881 3385 918 3462 ε’ν
950 3389 1028 3466 ταῖς
1059 3384 1200 3482 ἡδοναῖς
1234 3386 1331 3483 ὑμῶν
1361 3371 1366 3380 ’

80 3539 119 3597 25
135 3522 157 3557 “
175 3507 436 3608 δαπανήσητε.”
473 3509 601 3587 οὐκοῦν
630 3507 759 3608 πρέποι
789 3505 834 3585 οἰν
866 3511 923 3585 καί
954 3506 1056 3604 μάλα
1086 3506 1228 3591 εἰκότως
1259 3515 1332 3589 τοῖς

134 3629 200 3712 ὧδε
220 3631 444 3730 διακειμένοις
468 3637 576 3712 εἰπεῖν
594 3629 635 3710 τό
654 3634 697 3710 Τί
713 3629 961 3739 προσευξόμεθα
982 3631 1063 3712 ...A
1084 3625 1135 3712 δεῖ
1158 3637 1217 3712 οὐκ
1240 3627 1332 3712 οἰδα-

175 3902 199 3938 1.
216 3881 296 3939 οὕτως
307 3881 352 3938 ούν
364 3881 448 3955 ὑμεῖς]
463 3883 533 3952 ὑμεῖς
545 3882 591 3940 οὖν
603 3885 637 3939 A.
944 3901 968 3938 2.
986 3881 1219 3953 ἁγιασθήτω-γῆς
1230 3900 1284 3937 om.
1298 3884 1332 3936 A.

135 3974 162 4021 4.
181 3952 294 4026 τούτοις]
312 3960 340 4018 †
355 3955 455 4026 κείμενα
468 3956 502 4010 A.
557 3949 854 4027 ε’γνόκαμιν-Ικετιίος]
875 3953 934 4008 καθ’
954 3953 983 4008 όν
1000 3955 1092 4022 πρέπει
1110 3957 1206 4022 τρόπον
1221 3954 1333 4006 ἐκτελεῖν

136 4027 183 4080 τός
195 4025 301 4081 ἱκετείας
313 4025 457 4095 ἐγνώκαμεν
469 4026 504 4078 A.
660 4039 686 4094 5.
705 4024 761 4078 εἶπέ
772 4047 816 4092 μοι
829 4033 999 4094 assumptum
1015 4043 1047 4078 ex
1061 4025 1095 4079 A.
1237 4023 1263 4076 ό.
1282 4027 1334 4076 τῶν

134 4093 318 4149 άποστολικῶν
328 4096 485 4165 γραμμάτων
497 4098 511 4149 ό
523 4097 602 4166 λόγος
615 4095 649 4148 A.
693 4095 754 4148 ἔνθα
768 4111 816 4164 pro
828 4093 887 4146 ὅποι
899 4116 947 4164 περ
962 4096 994 4148 A.
1104 4107 1128 4162 7.
1146 4091 1242 4154 βλέποι
1254 4093 1283 4146 τό
1299 4094 1333 4147 A.

137 4165 166 4222 Μ
172 4167 241 4236 igne.
253 4165 379 4230 βλέποιτο
392 4165 444 4220 Ed.
487 4163 589 4256 φωνῆς)
607 4171 635 4229 4
650 4162 781 4232 εἰρημένον
793 4166 827 4219 A.
946 4165 972 4218 8.
991 4161 1189 4234 προσευχόμεθα
1202 4163 1236 4215 A.
1248 4183 1333 4234 προσ-

134 4235 263 4304 ευξόμεθα
277 4235 327 4290 Ed.
382 4234 544 4304 ε’κζητοῖιντες
555 4259 601 4303 την
612 4241 663 4289 τῶν
674 4235 777 4305 ἀγαθῶν
789 4235 823 4288 A.
966 4251 992 4302 9.
1010 4235 1042 4286 τὰ
1054 4233 1090 4288 εἰς
1103 4233 1182 4300 δόξαν
1194 4236 1261 4286 θεοῦ
1273 4241 1334 4286 ante

133 4309 187 4376 πρό
200 4306 350 4376 transponit
362 4307 396 4360 A.
478 4323 519 4360 10.
537 4305 626 4361 ἔσοιτο
639 4324 686 4374 pro
698 4305 799 4376 γένοιτο
813 4305 846 4358 A.
893 4305 939 4372 τὴν
952 4306 1017 4370 ζωὴν
1030 4305 1074 4372 τὴν
1087 4303 1221 4372 εὐδόκιμον
1232 4303 1334 4369 ἀληθῶς

134 4377 299 4446 κατορθῶσαι
312 4378 345 4431 A.
437 4393 478 4430 11.
497 4378 600 4448 ἔχοντες
612 4379 658 4430 τοῦ
670 4374 818 4443 Πνεύματος
830 4375 935 4429 inverso
946 4373 1039 4428 ordine
1052 4375 1084 4428 A.
1171 4389 1211 4426 12.
1226 4371 1334 4427 ἀπεκδε-

134 4445 255 4518 χόμενοι]
273 4453 300 4510 †
315 4447 357 4501 καί
370 4447 517 4514 ε’λπίζοντες
529 4447 564 4501 A.
722 4461 761 4517 17.
780 4444 843 4514 εἰμὴ
857 4447 890 4498 Α.
903 4456 929 4498 et
941 4445 977 4500 ita
989 4445 1100 4516 conjecit
1114 4443 1215 4513 Migne.
1229 4445 1270 4498 καὶ
1284 4443 1335 4500 Ed.

138 4519 179 4572 18.
199 4513 268 4588 ταῖς]
287 4523 314 4580 ÷
330 4521 380 4571 τῶν
393 4517 427 4571 A.
553 4532 595 4584 25.
614 4516 709 4588 πρέποι
723 4519 756 4570 A.
769 4517 858 4588 πρέπει
875 4515 926 4570 Ed.
982 4515 1022 4570 καί
1034 4517 1104 4585 μάλα
1117 4515 1219 4573 εἰκότως
1232 4534 1286 4571 0111.
1300 4515 1334 4571 A.

136 4589 180 4642 ιε.
199 4587 263 4641 ..oa
278 4589 309 4643 κ.
325 4587 427 4659 Migne.
440 4586 499 4658 μα·
513 4586 527 4641 ι
543 4587 574 4642 ο.
589 4587 650 4656 μμ·
665 4587 679 4642 ι
693 4587 751 4732 ιιι.Γ

703 4689 720 4732 F
765 4689 782 4736 2
