3294 5130
304 348 585 418 FRAGMENTA
607 350 789 415 coN'rRA
815 348 1162 415 SYNOUSIAS'PAS.
1262 347 1328 414 4⁷7

127 513 230 600 ,Θεὸς
258 519 317 597 καὶ
337 520 469 620 Κύριος
495 523 568 597 τοῖν
592 517 699 616 όλων,
717 523 797 625 φῶς
814 520 871 598 καὶ
891 515 962 620 ζωὴ
981 519 1039 595 καὶ
1064 515 1165 623 δόξα,
1182 515 1328 613 δύναμίς

134 669 174 714 τε
199 637 289 743 πρὸς
316 637 463 725 τούτοις·
492 640 575 740 ἡδέ
600 639 687 744 ὅπερ
712 638 805 720 οἶδεν
822 640 937 720 οὖσαν
955 639 1141 740 αὐτὴνκαὶ
1165 640 1325 718 ἀποστι-

133 768 227 839 σοιῖν
244 768 317 840 τῶν
337 762 536 843 τελούντων
561 765 599 843 ἐν
622 763 833 866 ἀνθρώποις.
871 761 958 843 ὅταν
979 765 1098 844 τοίνυν
1121 759 1328 862 μεταβολὴν

133 884 303 983 γενεσθαι
326 894 391 966 τοῦ
410 882 542 988 Λόγου,
560 885 626 985 τὴν
643 891 692 970 είς
709 884 791 967 τόδε
814 884 856 966 τὸ
877 882 1001 988 γηῖνὸν
1019 892 1129 984 σῶμα
1147 883 1325 988 διισχυρί-

99 1005 275 1106 5σωνταί
298 1041 400 1106 τινες,
417 1008 531 1110 ἤγουν
551 1009 612 1090 ότι
638 1010 678 1089 ἐκ
702 1013 766 1107 τῆς
791 1011 916 1089 ἑαυτοῦ
942 1008 1066 1091 οὐσίας
1084 1013 1194 1107 σῶμα
1221 1039 1325 1085 κατε·

134 1127 315 1211 σκεύασεν
335 1131 449 1237 ἑαυτῷ
474 1138 549 1216 τοῖς
574 1131 753 1235 ἡμετέροις
780 1131 951 1231 σώμασιν
975 1127 1140 1236 ὁμοφυές,
1159 1126 1252 1212 Θεὸς
1279 1125 1329 1206 ὦν

135 1251 157 1329 ὁ
182 1251 312 1353 Λόγος,
339 1255 632 1355 ὁμολογείτωσαν
658 1251 832 1358 πρότερον
860 1257 907 1338 ὡς
934 1252 1075 1353 ἀπίστη
1103 1260 1166 1333 τοῦ
1193 1246 1280 1330 εἶναι
1308 1249 1328 1329 ὅ

134 1374 246 1453 ἐστιν·
273 1371 320 1474 ἦν
343 1372 391 1472 δὲ,
410 1378 458 1460 ὡς
485 1375 589 1482 ἔφην,
611 1375 703 1461 Θεὸς
730 1377 789 1455 καὶ
807 1372 1045 1479 Δημιουργὸς,
1064 1371 1134 1476 ζωὴ
1161 1376 1221 1453 καὶ
1238 1379 1329 1478 φῶς,

134 1492 227 1602 δόξα
253 1531 292 1576 τε
325 1499 384 1577 καὶ
413 1497 570 1598 δύναμις·
615 1496 978 1593 διαβεβαιούσθωσαν
1006 1497 1043 1577 δὲ
1070 1495 1161 1601 πρὸς
1192 1495 1329 1580 τούτοις

80 1653 121 1695 ιο
135 1616 191 1698 ὅτι
211 1619 277 1699 τὸν
293 1627 367 1705 τοῖς
393 1628 552 1722 γενητοῖς
575 1620 758 1724 πρέποντα
781 1619 938 1726 πάσχειν
955 1619 1110 1701 ὄλισθον
1128 1620 1191 1700 ούκ
1209 1616 1325 1698 ἀλλό-

134 1773 235 1841 τριον
254 1742 362 1822 αὐτοῦ
378 1745 437 1823 καὶ
453 1741 496 1822 τὸ
517 1749 592 1829 τοῖς
608 1744 778 1850 χείροσιν,
794 1741 818 1845 ἢ
837 1743 965 1846 οἷσπερ
983 1744 1093 1840 ἔστιν,
1110 1745 1248 1840 ὁμιλεῖν
1265 1741 1329 1821 ούκ

136 1862 406 1963 ἀνεπιτήδευτον
424 1865 507 1970 ἔχει.
548 1863 644 1967 οἶμαι
672 1866 709 1946 δὲ
737 1871 809 1947 δεῖν
830 1869 1213 1968 πολυπραγμονεῖσθαι
1238 1861 1329 1967 πρὸς

136 1984 239 2084 ἡμῶν
255 1986 294 2065 τί
308 1984 350 2066 τὸ
366 1991 415 2072 είς
434 1995 540 2068 τοῦτο
562 1985 778 2088 κατωθῆσαν
795 1987 914 2069 αὐτόν·
954 1986 1024 2092 ἀρά
1041 2022 1095 2071 τις
1112 1984 1252 2087 ἀνάγκη
1270 1986 1329 2065 καὶ

137 2108 328 2214 πλεονεξία
346 2108 482 2194 πάθους
495 2109 741 2217 ἐνσκήψασα,
764 2111 877 2191 καίτοι
893 2117 970 2195 πῶς
987 2111 1029 2190 ού
1043 2109 1329 2215 φρενοβλαβείας

81 2255 121 2318 15
138 2231 202 2336 ἀφ’
221 2230 264 2331 ἧς
290 2230 333 2312 τὸ
360 2228 427 2311 ὦδε
458 2234 554 2312 ταῦτ’
573 2232 666 2339 ε”χειν
693 2232 834 2314 α’ίεσθαί
861 2265 982 2328 τινας;
1011 2233 1050 2312 εὖ
1079 2228 1152 2336 γάρ
1179 2233 1259 2312 ε’στι
1287 2230 1329 2311 τὸ

137 2351 254 2455 μεῖξιν
270 2355 379 2434 αὐτοῦ
403 2359 461 2434 καὶ
486 2354 551 2453 τὴν
569 2357 677 2436 αὐτοῦ
702 2354 816 2461 φύσιν
832 2359 1093 2454 πλεονεκτῆσαι
1119 2354 1327 2454 δυνάμενον,

137 2474 211 2554 ἐπεὶ
237 2481 315 2560 πῶς
340 2479 441 2557 ε’στιν
460 2478 480 2556 ὸ
498 2475 592 2563 Θεὸς
610 2491 631 2527 “
645 2477 687 2558 τὸ
711 2477 825 2578 ὄνομα
848 2476 890 2558 τὸ
916 2475 1004 2579 ὑπὲρ
1023 2483 1098 2557 πᾶν
1113 2475 1252 2575 ὅνομα”
1272 2478 1330 2557 καὶ
1343 2504 1479 2573 Ρυῑιῑῑη.

137 2602 211 2676 ταῖν
227 2597 408 2698 δυναμείον
427 2600 582 2703 Κύριος;
612 2602 696 2680 ἀλλ’
716 2601 780 2680 οὐκ
804 2598 942 2702 ἀνάγκη
969 2597 1044 2699 μὲν,
1063 2597 1153 2683 ἴσως
1177 2600 1331 2702 ἐροῦσιν,

136 2720 385 2823 προαιρετικὴν
403 2720 441 2802 δὲ
465 2721 603 2825 τροπὴν
631 2722 785 2802 καλέσαι
811 2719 902 2825 πρὸς
928 2730 1044 2802 τοῦτο.
1086 2721 1166 2801 ἔστι
1193 2719 1232 2800 δὲ
1258 2726 1332 2800 τῶν

82 2879 125 2921 20
137 2840 331 2948 ἀμηχάνων
348 2846 407 2925 καὶ
430 2852 535 2925 τοῦτο
559 2852 686 2926 παθεῖν
703 2843 823 2925 αὐτόν·
854 2851 931 2929 πῶς
956 2842 1028 2947 γάρ
1052 2843 1075 2942 ἡ
1103 2844 1180 2924 θεία
1206 2876 1246 2922 τε
1272 2845 1331 2923 καὶ

136 2963 313 3068 ἀκήρατος
336 2966 448 3073 Φύσις
472 2965 611 3071 αἱρετὸν
628 2966 673 3047 ἀν
690 2966 887 3069 ἐποιήσατό
910 3001 944 3048 τι
968 2972 1042 3046 τῶν
1059 2967 1100 3047 ού
1122 2965 1332 3070 πρεπόντων

135 3088 253 3192 αὐτῆς

193 3403 302 3483 Ἀλλ’
320 3401 410 3487 ἴσως
434 3404 543 3483 ἐκεῖνο
570 3404 715 3506 ἐροῦσιν
735 3404 976 3511 ἀφραίνοντες,
996 3407 1045 3490 ὡς
1067 3402 1243 3503 μετέβαλε
1267 3401 1334 3502 μὲν

83 3559 125 3622 ²5
139 3529 189 3610 είς
210 3522 330 3628 σάρκα
349 3523 442 3608 Θεὸς
466 3523 516 3604 ὧν
534 3527 554 3604 ὁ
574 3523 705 3628 Λόγος,
722 3526 822 3626 πλὴν
840 3529 908 3632 ούχ
931 3526 1036 3626 άπας,
1053 3531 1133 3608 οὔτε
1158 3525 1230 3627 μὴν
1246 3525 1333 3608 ὅλος

139 3648 184 3726 δι’
205 3645 306 3727 ὅλου·
336 3647 450 3728 καίτοι
476 3654 552 3730 πῶς
577 3648 619 3727 ού
644 3651 708 3747 τῆς
735 3648 892 3753 ἐσχάτης
918 3649 1179 3751 ἐμβροιπησίας
1205 3647 1331 3751 γίνοιτ’

139 3766 186 3849 ἀν
210 3768 388 3876 ἀπόδειξις
416 3764 577 3872 ἐναργὴς,
594 3768 637 3848 τὸ
660 3772 766 3851 ταῦθ’
787 3771 898 3854 οὕτως
926 3769 1019 3875 ἔχειν
1043 3770 1185 3851 α’ίεσθαί
1208 3803 1246 3849 τε
1274 3771 1333 3850 καὶ
1424 3771 1429 3782 “
1484 3773 1488 3780 '

139 3891 282 3993 λέγειν,
321 3888 557 3992 πρῶτονμὲν
584 3889 655 3993 γάρ
686 3891 729 3970 τὸ
758 3891 870 3997 φάναι
896 3897 1037 3988 τολμᾶν
1071 3895 1119 3976 ὡς
1147 3893 1214 3995 οὐχ
1239 3888 1334 3974 ἅπας

138 4014 219 4094 οὔτε
236 4012 308 4114 μὴν
327 4014 369 4092 δι’
390 4011 478 4092 όλου
492 4012 701 4110 μετέβαλεν,
719 4012 797 4112 ἤτοι
813 4011 951 4116 τροπὴν
968 4013 1139 4112 ὑπέμεινε,
1157 4014 1330 4116 μετρούν-

80 4183 123 4242 30
138 4171 211 4219 των
243 4136 342 4215 ἔστιν
373 4132 492 4233 αὐτὸν,
523 4133 796 4243 ἀποφαινόντων
828 4134 866 4215 δὲ
898 4139 957 4216 καὶ
987 4133 1245 4234 πεποσωμένον
1276 4139 1334 4214 καὶ

174 4337 201 4392 3.
219 4317 295 4446 δυσχ
307 4319 388 4392 incip.
399 4319 419 4376 b
430 4317 477 4375 fol.
489 4335 515 4390 9.
620 4332 645 4390 7.
664 4317 868 4391 ὁμολογεῖται-αν
880 4335 904 4374 c.
999 4334 1041 4373 ιο.
1058 4319 1174 4389 γενητοῖς
1185 4316 1333 4374 emendavi.

136 4411 266 4462 γεννητοις
298 4407 330 4445 .c.
463 4404 504 4444 11.
523 4386 616 4459 οἷσπερ
628 4389 774 4445 emendavi.
787 4389 851 4460 ὅπερ
863 4389 890 4444 b.
904 4388 993 4456 ὥσπερ
1006 4405 1029 4444 c.
1166 4403 1209 4442 ιν.
1226 4388 1332 4458 ῖχεινο.

140 4475 183 4542 13·
201 4459 403 4516 κατυθοῦσανο.
536 4475 577 4530 19.
595 4460 730 4514 καλεῖσθαι
742 4477 765 4515 c.
818 4459 901 4532 ταύτην
913 4457 941 4512 b.
1058 4472 1108 4539 ¹20.
1126 4455 1335 4540 mocifflasseiv

138 4527 245 4600 (εια)ο.
317 4545 361 4597 α4.
379 4528 711 4600 ἐκτοῦαυτοῦλόγουδα.
794 4541 835 4598 τ5.
854 4524 1193 4598 ὅλοεοιαοαδιυι.ὀλόγος
1207 4526 1333 4598 (πηὸς.
