3280 5142
307 329 351 395 62
611 329 651 395 B.
674 328 886 395 OYRILLI
916 328 1204 394 ALEXANDR.
1398 331 1463 396 xix.
1475 349 1508 411 4.

307 527 362 579 τις
379 499 439 574 καὶ
455 493 577 590 τόπος,
596 494 696 575 ἀλλά
721 495 819 594 καὶὴ
841 501 905 575 τοῦ
932 502 1092 596 γέλωτος
1121 494 1216 574 αίτία
1243 493 1505 597 προστέθειτοι·

307 617 519 723 προσῄεσαν
536 617 609 724 γὰρ
623 619 799 721 λέγοντες,
814 615 913 724 φησί
925 622 1027 724 Χαῖρε
1041 627 1056 700 ό
1071 615 1240 712 βασιλεῦς
1253 615 1314 698 ταῖν
1328 611 1505 698 Ἰουδαίων.

363 743 574 844 Ἐπυθόμην
587 742 625 824 δέ
638 749 756 841 τινῶν,
770 749 916 844 μᾶλλον
930 741 968 822 δέ
982 741 1066 822 λίαν
1085 741 1228 844 ἀρέσκει
1246 742 1333 840 τισί,
1345 739 1510 849 στέφανον

307 865 373 967 μὲν
399 864 464 947 τόν
493 867 529 976 ἐξ
560 865 712 948 ἀκαιδιῦν
738 865 805 961 τὴν
837 871 909 945 ταῖν
938 865 1297 969 είδωλολατρούντων
1321 864 1372 946 ἐτι
1400 899 1510 944 κατα-

307 991 497 1090 σημαίνειν
529 988 686 1091 πληθῦν,
719 989 1076 1094 ἀναληφθησομένην
1108 986 1236 1092 ὥσπερ
1270 995 1318 1074 είς
1355 985 1545 1089 διάδημα5

308 1119 360 1224 τῷ
389 1119 543 1224 Χριστῷ
578 1113 637 1196 διὰ
672 1113 831 1197 πίστεως
864 1117 929 1212 τῆς
959 1119 1009 1196 είς
1038 1110 1158 1211 αὐτόν,
1189 1112 1223 1192 οῖ
1251 1114 1311 1193 καί
1338 1113 1511 1196 ἀκιίνθαις

273 1237 451 1341 ῦάγόνοις
475 1273 515 1320 τε
540 1242 598 1320 καὶ
622 1237 820 1343 ἀχρήστοις
838 1235 885 1316 τὰ
908 1235 993 1336 ἔθνη
1010 1234 1263 1340 παρεικάζουσι
1282 1235 1340 1317 διά
1361 1234 1403 1316 τό
1421 1271 1510 1340 καρ-

308 1362 380 1446 πόν
409 1363 592 1458 εὐσεβείας
623 1361 717 1470 ἔχειν
746 1359 883 1459 οὐδένα,
915 1359 1114 1466 πεφυκέναι
1143 1360 1181 1440 δέ
1210 1367 1355 1460 μᾶλλον
1383 1363 1505 1461 ἐπιτη-

309 1489 405 1568 δείαν
428 1493 475 1573 είς
499 1486 611 1592 πυρὸς
635 1495 700 1567 τοῦ
721 1484 925 1591 παμφάγου
947 1483 1101 1590 τροφήν,
1120 1482 1283 1588 καθάπερ
1300 1484 1426 1584 ἀμέλει
1450 1487 1510 1565 καὶ

308 1611 373 1693 τὸν
390 1614 428 1692 ἐν
446 1613 570 1715 ἀγροῖς
590 1607 784 1716 συρφετόν,
803 1608 883 1709 ἤτοι
906 1604 974 1708 τὴν
989 1607 1122 1712 ἀγρίαν
1140 1611 1198 1688 καὶ
1216 1609 1389 1712 γεωργίας
1414 1605 1508 1692 τινῦς
1526 1637 1568 1679 ¹0

310 1737 394 1841 δίχα
426 1733 607 1845 φυομένην
634 1733 806 1815 ἄκανθαν·
844 1730 886 1813 τό
915 1730 953 1812 δέ
984 1729 1159 1835 ἀλουργές
1187 1730 1334 1838 ἀμφιον,
1362 1729 1439 1832 ἤτοι
1466 1730 1509 1812 τὸ

310 1859 443 1967 ῖμάτιιι
489 1858 532 1941 τὸ
571 1861 761 1968 πορφυροῦν,
802 1855 869 1957 τήν
906 1855 1083 1957 ἐσομένην
1128 1854 1220 1934 κατά
1265 1853 1401 1939 παντὸς
1444 1865 1509 1937 τοῦ

310 1983 451 2084 κόσμου
468 1984 662 2078 βασιλείαν
679 1980 868 2087 φάσκουσι
886 1981 1035 2081 δηλοῦν.
1074 1977 1300 2082 παραδεκτόν
1317 1977 1356 2059 δέ
1373 1975 1472 2058 ἅπαν
1488 1975 1509 2058 δ

309 2106 360 2208 μή
378 2116 442 2188 τοῦ
461 2104 581 2192 εὐθέος
604 2105 764 2186 ἐκπίπτει
789 2101 913 2206 λόγου,
932 2100 1023 2203 μήτε
1050 2101 1123 2202 μὴν
1141 2104 1190 2186 ὡς
1216 2098 1389 2202 ἀνόιαρτον
1406 2102 1510 2181 ἐίτται

279 2230 601 2330 οπεπιστευμίνον.
633 2229 698 2310 οὐκ
715 2225 926 2329 ἀπόβλητος
943 2228 1063 2308 τοίνυν
1081 2229 1145 2326 τῆς
1163 2225 1311 2329 θεωρίας
1329 2226 1348 2304 ό
1367 2223 1509 2330 τρόπος,
1525 2246 1568 2308 15

309 2353 545 2455 ἀστειοτάτην
562 2353 655 2459 έχων
671 2350 737 2453 τήν
755 2353 978 2457 ἐπιτήρησιν.

279 2597 372 2676 4Καί
402 2598 519 2667 ἐξῆλθε
550 2598 649 2664 πάλιν
681 2595 749 2666 ἔξω
774 2597 793 2664 ὁ
819 2597 972 2677 Πιλάτου,
1005 2595 1058 2662 καί
1089 2597 1176 2669 λέτει
1207 2590 1319 2660 αὐτοῖο
1344 2593 1408 2660 Ἰδε
1439 2593 1510 2669 ἀτω

362 2720 435 2802 ὑμῖν
459 2721 558 2791 αὐτόν
585 2724 662 2804 ἔξω,
688 2722 742 2788 ίνα
773 2722 877 2797 τνῶτε
908 2723 958 2790 ὄτι
988 2720 1143 2798 οὐδεμίαν
1175 2717 1281 2788 αἰτίαν
1308 2719 1449 2811 εὑρίσκω
1474 2722 1509 2786 ὲν

362 2849 462 2935 αὐτῷ.

365 2995 570 3096 Ὁμολογεῖ
593 2991 658 3093 μέν
685 2991 728 3072 τό
752 2998 928 3092 πταῖσμα,
949 2995 1007 3074 καῖ
1036 2993 1099 3073 οὐκ
1127 2991 1343 3098 αίσχύνεται.
1373 3023 1508 3090 μαστι·
1525 3035 1570 3078 εο

310 3124 430 3220 γεῦσαι
457 3115 529 3222 γάρ
552 3117 622 3224 ἐφη
640 3119 810 3215 διακενῆς,
828 3117 1013 3225 ἐπιδείξειν
1030 3115 1069 3197 δέ
1094 3119 1152 3197 καῖ
1181 3117 1299 3201 αὐτοῖς
1326 3115 1508 3217 ἐπαγγέλ-

311 3251 422 3341 λεται,
447 3240 699 3345 κατακορέσειν
726 3237 852 3344 ὥσπερ
880 3243 997 3321 αὐτοῖν
1024 3239 1090 3342 τήν
1119 3242 1295 3322 ἀτίθασον
1314 3237 1426 3344 ὀργήν
1453 3237 1512 3318 διά

276 3369 375 3464 ᾱτῆς
407 3367 518 3450 οὕτως
551 3367 703 3464 ἐλεεινῆς
734 3362 968 3464 ὑποτοπήσας
1007 3364 1100 3449 θέας·
1137 3363 1249 3464 μόνον
1278 3363 1315 3446 δέ
1346 3365 1427 3469 οὐχὶ
1453 3365 1511 3443 καὶ

310 3494 529 3568 καταιτιᾶται
554 3485 695 3588 λοιπόν,
714 3491 762 3572 ὡς
780 3493 968 3593 φονῶντας
990 3490 1130 3589 ἀδίκως,
1149 3492 1208 3569 καί
1232 3497 1339 3569 τοῦτο
1357 3491 1397 3568 ἐκ
1416 3483 1510 3590 παῤ·

309 3615 449 3720 ῥησίας,
469 3615 528 3693 καὶ
555 3610 764 3720 ἀναφανδόν
790 3619 1010 3715 παρανομεῖν
1037 3610 1312 3715 ἀναγκάζοντας,
1330 3611 1394 3693 τὸν
1415 3608 1512 3719 ᾧπέρ
1527 3661 1543 3702 2
1548 3659 1569 3718 5

310 3739 391 3818 ἐστι
415 3743 488 3817 τῶν
508 3737 605 3817 ίδίων
623 3734 743 3834 νόμων
762 3737 826 3816 οῦκ
848 3732 993 3837 ἀζήμιος
1011 3737 1034 3837 ἡ
1052 3736 1272 3840 παράβασις.
1311 3743 1514 3839 πληροῦται

311 3859 425 3962 γεμῆν
443 3862 502 3941 ἐπὶ
519 3861 684 3968 Χριστῷ,
702 3862 760 3940 καὶ
778 3857 911 3959 ἀληθές
930 3861 1094 3965 ῦποίρχον
1112 3862 1236 3964 ὁρᾶται
1261 3858 1303 3942 τό
1322 3860 1514 3963 εἰρημένον,

141 3985 242 4114 {3¹va
311 3984 366 4066 ὅτι
398 3997 421 4034 “
433 3985 573 4092 ἔρχεται
603 3985 623 4064 ὁ
655 3983 777 4088 ἅρχων
814 3991 878 4064 τοῦ
915 3981 1057 4082 κόσμου
1093 3984 1232 4084 τούτου,
1265 3987 1324 4065 καῖ
1360 3985 1398 4064 ἐν
1434 3984 1513 4081 ἐμοὶ

311 4119 334 4158 “
352 4110 492 4214 εὐρήσει
522 4108 658 4190 οὐδέν.”
698 4108 798 4211 ἀθρει
829 4108 900 4212 γάρ
933 4108 1033 4195 ὅπως
1065 4109 1139 4189 ἀνω
1173 4111 1232 4189 καῖ
1265 4105 1362 4189 κοίτω
1394 4105 1515 4188 πάντα

311 4233 529 4334 διακυκήσας
547 4235 567 4313 ὀ
585 4239 757 4331 σατανάς,
777 4230 878 4313 οὐδὲν
903 4232 998 4316 ὅλως
1023 4232 1223 4335 ἀνευρίσκει
1247 4238 1320 4312 τῶν
1338 4233 1514 4332 ἐκβεβλη-
1529 4277 1568 4336 30

281 4357 427 4454 εμένων
449 4356 547 4460 παρά
566 4363 662 4439 θεοῦ
682 4360 739 4436 καῖ
759 4363 807 4442 είς
827 4357 977 4454 δύναμιν
996 4356 1169 4459 ἀμαρτίοις
1189 4353 1515 4457 κατατεταγμένων,

351 4533 391 4572 Η.
410 4517 508 4588 ἀμφιόν
519 4540 558 4573 τοι
571 4519 604 4573 Ε.
715 4536 755 4587 14.
775 4518 868 4575 εὐθέως
881 4518 914 4572 Ε.
1030 4519 1069 4574 16.
1089 4517 1253 4589 ἐπετήρησεν]
1268 4518 1429 4588 ἐπιχείρησιν
1442 4516 1513 4574 Catt·

312 4605 356 4644 τι.
376 4589 416 4643 καὶ
429 4597 597 4659 assumptum
609 4607 642 4644 ex
656 4590 687 4646 E.
798 4607 838 4658 ²4·
859 4588 941 4674 τούτω
956 4589 987 4644 Ε.
1095 4607 1139 4662 30.
1158 4611 1201 4660 γρ.
1216 4587 1492 4660 διακυκλὴοοςδωρ.
