3268 5130
11 405 14 413 .
121 376 153 420 v.
170 374 220 420 11.
368 353 425 419 IN
448 353 710 446 EPISTOLAM
736 353 800 418 AD
827 352 1065 418 ROMANOS.
1256 354 1318 419 181
1405 453 1468 522 M]

1354 455 1394 522 [4
1438 491 1444 506 ·

9 525 11 596 ξ
120 521 347 622 φιλονεικοῦν
374 517 417 602 τὸ
440 519 485 626 ἐξ
510 521 619 600 αῦτοῦ
647 518 839 620 γενήσεται
866 517 1026 622 σπέρμο·
1062 519 1082 598 5
1111 517 1150 599 δὲ
1177 519 1320 621 ἐπείπερ

9 681 11 712 ι
118 644 224 743 ἐτίμα
249 642 312 724 τῦν
330 645 614 750 ὑπισχνούμενον
632 641 674 723 τῦ
691 642 812 724 πάντα
834 643 1010 724 δυ’νασθαι
1036 648 1243 746 κατορθοῦν,
1263 641 1321 722 διά

9 805 11 844 ι
118 764 249 846 τούτου
279 769 526 872 ἐπιμαρτυρῶν
556 772 608 876 τῷ
638 773 731 876 Θεῷ,
758 768 976 848 δεδικαίωται
1008 768 1093 870 παρ’
1122 768 1230 874 αὐτῷ,
1261 768 1320 846 καὶ

9 933 10 974 ι
120 888 227 993 γε’ρας
254 891 423 999 ἀπάξιον
443 895 507 993 τῆς
532 893 625 973 οῦιω
651 898 843 999 θεοφιλοῦς
869 890 1047 996 ἐκομίζετο
1074 890 1220 992 γνώμης
1247 897 1321 971 τῶν

86 1016 279 1120 5ἀρχαίων
311 1012 529 1116 αἱτιαμάτων
561 1014 627 1116 τήν
658 1012 872 1115 ἀμνηστίαν.
913 1014 1013 1116 πλὴν
1043 1015 1194 1096 ἐποιεῖτο
1229 1012 1353 1095 κατάδ
1369 1032 1417 1094 Η.

122 1136 264 1243 καιροῦς
291 1140 489 1248 γύμνασμα
518 1144 569 1246 τῷ
597 1140 720 1248 δικαίῳ
753 1139 847 1223 θεὸς
879 1137 922 1220 τὸ
954 1141 1015 1220 ἐπί
1040 1173 1083 1241 γε
1112 1144 1162 1246 τῷ
1192 1137 1321 1219 Ἰσαὰκ
1382 1129 1385 1136 ’

122 1260 387 1415 χρησμφδημα·
427 1264 512 1344 ἀλλ’
538 1262 583 1413 ήν
612 1269 669 1344 καὶ
697 1264 751 1344 ἐπ’
771 1265 868 1371 αῦτῷ
895 1262 1026 1348 πιστὸς
1053 1267 1111 1344 καὶ
1140 1259 1321 1368 φιλόθεος,

123 1391 171 1471 ὡς
188 1391 252 1487 τῆς
270 1387 361 1490 πρὸς
375 1384 510 1468 Θεδυ’
489 1386 633 1490 αγάπης
650 1386 835 1496 προτάξας
854 1388 966 1468 οὐδέν.
997 1386 1097 1487 πλὴν
1116 1385 1208 1467 καθά
1226 1391 1321 1492 φησι

122 1544 186 1590 του
169 1512 423 1666 Σωτῆρος
407 1546 427 1591 ο
454 1509 617 1612 μαθητής
645 1522 667 1559 “
684 1512 737 1591 Η
762 1513 887 1594 πίστις
907 1508 1079 1614 συνήργει
1103 1516 1177 1595 τοῖς
1200 1509 1366 1647 ἐργοιςθ
1368 1532 1452 1584 ὖοοῢ
1434 1549 1460 1584 ιι

68 1665 109 1709 ιο
123 1645 145 1681 “
163 1669 222 1716 και
244 1637 283 1716 ἐκ
305 1642 377 1716 τῶν
402 1635 517 1739 ἔργων
537 1635 560 1734 ἡ
582 1637 706 1721 πίστις
730 1634 963 1735 ἐβεβωάθημ
1002 1635 1075 1784 ἐφη
1103 1633 1146 1712 δέ
1164 1667 1235 1714 που
1263 1637 1321 1714 καὶ
1351 1613 1375 1648 ’

121 1755 228 1843 αι’πδς
256 1760 276 1838 5
304 1758 505 1860 θαυμάσιος
528 1764 679 1843 Παῦλος
705 1761 788 1862 περὶ
815 1767 880 1840 τοῦ
904 1759 1133 1863 προπάτορος
1159 1756 1322 1861 Ἁβραάμ

123 1893 144 1930 “
163 1884 294 1964 Πίστει
329 1881 572 1989 προσενήνοχε
608 1882 673 1963 τὸν
703 1881 833 1964 Ἰσαῦικ
864 1881 1008 1987 πειροζ
988 1916 1125 1982 μενος,
1164 1883 1222 1962 καὶ
1258 1917 1322 1962 τον
1330 1885 1451 2021 11⁷5?

123 2011 338 2109 “μονογευή
374 2005 653 2112 προσέφερεν
637 2041 657 2086 ο
694 2005 759 2092 τάς
797 2007 1014 2109 ἐπαγγελίας
1051 2004 1322 2113 ἀναδεξάμενος,

123 2141 145 2178 “
164 2129 256 2234 πρὸς
286 2129 328 2210 δν
358 2130 522 2232 ἐλαλήθη
555 2132 622 2212 Ἐν
650 2128 780 2210 Ἰσαάκ
814 2127 1041 2232 κληθήσεταί
1066 2164 1128 2209 σοι
1160 2128 1318 2233 σπέρμα·

71 2265 145 2338 15“
164 2253 404 2366 λογισάμενος
431 2252 485 2335 ότι
511 2258 570 2336 καὶ
594 2255 634 2334 ἐκ
659 2261 792 2357 νεκρῶν
816 2254 961 2357 ἐγείρειν
983 2252 1133 2339 δυνατὸς
1151 2255 1171 2333 5
1190 2253 1320 2339 θεός.”

122 2379 250 2460 οὐκοῦν
267 2379 333 2458 κᾶν
350 2383 380 2457 εἰ
408 2377 551 2480 λε’γοιτο
575 2377 685 2484 τυχὸν
713 2377 757 2485 ἐξ
778 2377 893 2482 ἐργων
912 2381 1163 2459 δεδικαιῦσθαι
1186 2378 1249 2457 διαί
1268 2411 1323 2458 τοι

122 2503 165 2582 τό
182 2509 432 2606 προσενεγκεῖν
453 2501 516 2581 τὸν
534 2501 663 2582 Ἰσαάκ
687 2501 950 2606 πειραζόμεναν,
968 2502 1053 2580 ἀλλ’
1073 2499 1194 2601 ἦνκαὶ
1217 2510 1323 2581 τοῦτο

121 2627 218 2736 αὐτῷ
236 2627 393 2710 πίστεως
410 2629 475 2724 τῆς
492 2623 721 2729 ἐδραιοτάτης
738 2622 919 2732 ἀπόδειξις
937 2623 1098 2728 ἐναργής.

258 2856 305 2924 Οῦ
331 2856 432 2935 μόνον
460 2855 507 2938 δὲ,
533 2856 619 2923 ἀλλὰ
648 2843 702 2922 καὶ
729 2852 932 2943 καυχώμενοι
958 2855 994 2920 ὲν
1021 2855 1070 2941 τῷ
1096 2853 1183 2940 θεῷ.
1337 2849 1414 2929 Κεφ.
1431 2845 1466 2913 ε’.

69 3035 110 3078 20
176 3004 224 3084 Ὀ
244 3004 376 3107 Κύριος
393 3005 495 3105 ἡμῶν
512 3005 655 3104 Ἰησοῦς
669 3003 832 3106 Χριστὸς
850 3001 917 3103 τήν
930 3001 1157 3109 ἀξιάγαστον
1175 3003 1321 3101 ἀληθιῦς
1338 2952 1430 3012 usq.

121 3137 185 3211 τοῦ
217 3133 314 3210 Θεοῦ
339 3133 398 3209 καὶ
427 3127 572 3275 Πατρός
601 3128 798 3230 ἀγάπησιν,
829 3127 875 3227 ἢν
904 3133 952 3210 εἰς
980 3127 1073 3278 ήμῦις
1101 3121 1319 3228 ἐπεδείξατο,

120 3251 332 3336 καθιστάς’
314 3257 457 3358 εναργῆ,
478 3287 541 3352 της
565 3251 656 3350 μετά
673 3250 810 3354 σαρκὸς
835 3251 1051 3349 οικονομίας
1063 3247 1105 3330 τό
1122 3247 1234 3351 πέρας
1260 3254 1319 3327 καὶ

119 3376 162 3457 τὸ
180 3378 237 3459 ἐπὶ
255 3378 308 3484 τῷ
335 3410 482 3484 σταυριρ
464 3376 621 3459 πάθος
641 3373 923 3526 παρεκόμιζεν’
893 3410 943 3460 εις
961 3371 1155 3480 ἀπόδειξιν,
1172 3368 1243 3452 ὦδέ
1266 3405 1319 3471 πη

120 3501 238 3604 λέγων
259 3510 282 3550 “
300 3499 478 3581 Οῦτω
433 3534 505 3603 γαρ
523 3497 713 3604 ήγάπησεν
732 3534 752 3579 ο
738 3497 921 3582 Θεὸς
884 3533 949 3580 τον
966 3496 1118 3596 κόσμον,
1141 3493 1236 3576 ὥστε
1255 3494 1319 3575 τόν
1290 3514 1440 3650 ,8me
1449 3515 1487 3566 iii·

68 3659 106 3720 25
120 3637 142 3674 “
162 3623 237 3706 υἱὸν
260 3626 369 3705 αὐτοῦ
396 3622 460 3705 τόν
484 3628 661 3726 μονογενῆ
690 3623 867 3721 ἐδωκεν,”
851 3659 908 3703 ινα
931 3627 1003 3706 πᾶς
1026 3623 1047 3701 5
1071 3619 1253 3701 πιστεάων
1271 3626 1318 3702 είς

120 3761 142 3798 “
160 3749 269 3830 a5r5v
295 3749 345 3849 μὴ
373 3749 564 3848 ἀπόληται,
588 3747 717 3828 ἀλλ’
693 3783 757 3853 εχη
786 3746 935 3851 ζωὴν’
900 3745 1065 3825 αιιόνιον.
1067 3742 1292 3859 ε’δίοκε
1247 3775 1320 3845 γαρ

17 3928 22 3940 -
119 3875 168 3958 ὡς
196 3876 340 3974 ἀληθῶς
369 3871 456 3975 ῦπέρ
486 3874 588 3973 ἡμῶν
618 3871 682 3951 τὸν
715 3871 805 3951 ἰ’διον
833 3868 919 3950 υἱόν·
954 3868 1251 3971 ἐκλελυτριόμεθα
1280 3863 1319 3947 δέ
1357 3897 1360 3902 ’
1435 3893 1444 3968 ᾗ

117 4001 227 4099 ἡμεῖς,
252 3994 520 4099 ἀπηλλάγμεθα
546 3996 703 4076 θανάτου
726 3997 784 4076 καὶ
810 3994 1010 4148 ἁμαρτίας·
1035 3994 1078 4072 οῦ
1102 3991 1174 4142 γάρ
1199 3989 1354 4093 ἕτερον

117 4122 213 4208 τινὸς
235 4120 340 4268 χάριν
357 4123 482 4224 γε’γονε
510 4131 531 4168 “
549 4117 687 4226 σάρξῦ
707 4116 826 4221 Λόγος
844 4120 903 4197 καὶ
921 4115 1128 4217 ἐσκήνωσεν
1146 4117 1184 4194 ἐν
1202 4113 1305 4214 ήμῖν,“
1307 4113 1390 4190 '1b.·
1382 4157 1399 4190 ι.
1413 4153 1452 4206 14

61 4285 140 4350 30⁷1
170 4248 229 4328 ἵνα
260 4245 325 4328 τὸν
350 4250 414 4346 τῆς
441 4244 578 4349 σαρκὸς
607 4245 764 4325 θάνατον
792 4238 963 4337 ἀνατλὰς,
994 4238 1222 4387 θριαμβεῦση
1249 4235 1319 4384 μέν

117 4369 232 4476 ἀρχὰς
251 4405 308 4450 και
295 4369 505 4476 ἐξουσίας,
519 4365 734 4472 καταργήσῃ
754 4365 791 4447 δέ
810 4369 868 4447 καὶ
886 4361 995 4444 αῦτὸν
1013 4361 1083 4411 “
1046 4396 1111 4442 τον
1129 4361 1172 4442 τὸ
1190 4360 1320 4464 κράτος
1332 4388 1399 4442 neb.
1409 4390 1435 4442 ιι.
1447 4401 1488 4455 ¹4·

154 4546 182 4603 6.
200 4547 230 4602 τδ
242 4555 413 4628 ιιιιιιιοριιιαι
425 4563 459 4602 ex
473 4543 507 4601 B.
646 4557 689 4618 ιη.
707 4545 783 4616 ὁριο
795 4544 830 4600 ὥς
842 4543 875 4598 B.
1013 4539 1057 4596 28.
1075 4538 1196 4610 ἐκατέρου
1210 4537 1273 4611 (uie)
1287 4537 1322 4593 B.

119 4634 165 4691 ιο·
181 4615 435 4689 amomon.
