3294 5150
311 321 376 383 286
452 319 491 384 B.
512 317 700 384 OYRILLI
726 316 990 382 ALEXANDR.
1019 317 1301 385 FRAGMENTA
1343 321 1508 406 xii.ysqq.

181 421 197 472 ⁶
225 421 263 471 ιι.

156 421 169 488 [
197 435 214 486 ⁴
274 419 287 500 1
312 481 448 587 μοίρτυς
471 482 578 566 αὐτὸς
598 483 619 561 ὃ
638 479 829 566 θεσπέσιος
850 487 1000 567 Παῦλος
1022 483 1230 586 προστιθείς
1249 517 1288 563 τε
1313 485 1371 563 καὶ
1390 481 1509 585 λέγων

175 635 299 686 ver-M·
315 605 501 714 Διαιρίσεις
519 600 555 686 δὲ
577 604 799 712 χαρισμάτων
818 611 892 695 είσί,
912 605 949 687 τδ
995 604 1010 686 ί
1032 606 1114 688 αὐτὶ
1135 609 1287 712 Πνεῦμα·
1330 613 1390 686 καί
1416 599 1506 686 διαι-

208 768 260 802 ver.
274 751 297 803 6.
312 731 413 835 ρέσεις
439 723 607 810 διακονιῶν
632 736 721 826 εἰσιν,
745 737 804 808 καί
825 737 840 808 ι’
859 726 959 815 αότδς
977 725 1106 839 Κόρας·
1144 737 1204 810 καί
1234 724 1406 834 διαιρέσεις
1424 730 1503 835 ε’νερ-

311 851 473 960 γημαίτων
499 860 586 950 είσίν,
606 861 620 934 o‘
640 846 676 934 δέ
696 851 793 936 αὖθις
814 851 899 937 Θείς
920 862 935 933 o‘
954 851 1084 956 ἐνεργῶν
1111 851 1158 934 τδι
1184 851 1303 932 πάντα
1329 853 1359 932 ἐν
1386 854 1504 932 πῖισιν.

311 974 435 1080 ῶσπερ
457 973 529 1077 γὰρ
549 979 581 1055 οἱ
606 982 678 1054 τῶν
697 977 754 1054 ε’πὶ
779 977 846 1075 γῆς
868 982 1076 1078 κρατοῦντες
1096 974 1331 1079 πραγμάτων,
1351 975 1409 1053 καί
1433 981 1539 1060 τοΐς5

309 1103 373 1198 τῆς
405 1100 595 1195 βασιλείας
625 1097 862 1201 ἐμπρέποντες
892 1095 1041 1201 θρόνοις,
1065 1097 1248 1204 διαφόροις
1277 1104 1395 1197 τιμαῖς
1424 1092 1506 1180 τοῦς

309 1228 382 1302 τῶν
409 1223 505 1302 ίδίων
530 1224 771 1303 ὑπασπιστῶν
797 1229 1022 1329 στεφανοῦσι
1049 1222 1323 1325 γνησιωτερους,
1344 1223 1456 1304 οὕτως
1483 1219 1506 1318 ἡ

310 1347 395 1449 ἁγία
425 1380 463 1427 τε
498 1349 556 1426 καὶ
589 1345 780 1444 ὀμοοιίσιος
807 1344 920 1446 Τριδς
946 1352 1020 1428 τοῖς
1048 1346 1092 1452 ἐξ
1121 1347 1242 1446 ὑγιοῦς
1269 1344 1415 1447 καρδίας
1446 1344 1506 1423 καὶ

310 1468 441 1573 φρενός
467 1471 658 1551 όλοτελοῦς
682 1471 874 1569 ἀγαπῶσιν
891 1467 1012 1565 αὐτὴν,
1032 1471 1230 1574 ἀμφιλαφῆ
1256 1467 1409 1567 διανέμει
1433 1472 1505 1546 τῶν

193 1605 296 1663 651.
310 1593 446 1671 ἄνωθεν
469 1594 616 1692 ἀγαθῶν
636 1588 702 1687 τὴν
725 1593 862 1688 κτῆσιν,
886 1591 928 1667 δι’
949 1590 1027 1673 ἑνὸς
1050 1598 1115 1670 τοῦ
1135 1588 1347 1686 Πνεῦματος
1372 1593 1420 1673 ῶς
1447 1588 1505 1669 διὰ
1522 1621 1560 1662 10

310 1720 475 1816 Χριστοῦ
502 1712 602 1814 παρὰ
628 1721 691 1792 τοῦ
712 1709 866 1815 Πατρός·
904 1711 1023 1793 πάντα
1051 1712 1124 1816 γὰρ
1151 1711 1249 1814 παρὰ
1278 1721 1341 1792 τοῦ
1360 1711 1505 1813 Πατρός

310 1838 353 1916 δι’
373 1841 464 1915 Υίοῦ
482 1838 520 1916 ἐν
540 1833 734 1934 Πνεῦματι.

201 2059 459 2144 7ναα.“Εκάοτῳ
477 2058 602 2124 δίδοται
622 2059 641 2124 ίι
666 2060 853 2149 φανέρωσις
872 2067 928 2126 τοῦ
953 2061 1140 2138 Πνεύματος
1165 2063 1247 2151 πρὸς
1270 2061 1306 2129 τό
1327 2062 1500 2150 συμφέρον·

360 2181 388 2270 ᾧ
408 2187 466 2262 μὲν
492 2186 551 2274 stip
576 2183 629 2250 διὰ
655 2189 711 2251 τοῦ
728 2185 917 2263 Πνεύματοο
941 2185 1068 2251 δίδοται
1087 2189 1182 2261 λότοο
1205 2185 1324 2274 σοφίας
1340 2191 1451 2256 κ.τ.λ.

364 2329 474 2411 Οἶδεν
507 2331 579 2434 γὰρ
614 2329 706 2412 οἶδεν
738 2330 880 2435 καιροὺς
911 2330 994 2417 τοῦς
1026 2332 1168 2440 ἑκάστῳ
1199 2333 1402 2434 πρέποντας
1431 2336 1503 2410 τῶν
1520 2357 1556 2415 15

139 2473 193 2524 0⁰¹·
206 2475 232 2524 ii·
245 2490 267 2539 3-
307 2457 390 2557 παρ’
411 2457 519 2536 αὐτοῦ
545 2454 743 2558 δρωμένων,
767 2466 788 2502 “
803 2453 887 2563 εὐῷ
912 2454 1044 2538 ποίντες
1070 2459 1162 2534 είσίν
1180 2461 1213 2534 οί
1239 2457 1414 2556 θησαυροί
1440 2459 1503 2552 τῆς

307 2589 330 2626 “
347 2581 482 2684 σοφίας
512 2582 569 2659 καί
597 2584 661 2678 τῆς
694 2579 862 2682 γνῶσεως
893 2577 1124 2683 ἀπόκρυφοι,”
1155 2579 1245 2657 κατὰ
1272 2577 1314 2657 τὸ
1342 2612 1501 2679 γεγραμ-

305 2699 424 2808 μίνον·
462 2709 550 2783 ποῖα
576 2700 689 2804 γεμὴν
709 2702 917 2805 χαρίσματα
945 2705 1004 2780 καὶ
1031 2701 1134 2780 ποῖαί
1157 2733 1248 2783 τινες
1266 2704 1303 2778 αί
1328 2702 1503 2798 διανομαί,

307 2826 365 2902 καί
396 2823 469 2922 μὴν
502 2827 559 2903 καὶ
595 2824 640 2902 τὰ
678 2831 749 2902 τῶν
788 2823 971 2922 δυνάμεων
1006 2821 1239 2926 ἐνεργήματα,
1272 2825 1503 2903 διαλευκαίνει

203 2990 254 3026 ver.
268 2977 292 3027 8.
305 2945 500 3047 λίγωντΩι
520 2944 580 3050 μὲν
607 2944 676 3053 γίιρ
700 2941 759 3025 διδι
782 2949 835 3025 τοῦ
854 2944 1052 3052 Πνεῦματος
1076 2941 1205 3026 δίδοται
1226 2945 1331 3048 λόγος
1360 2949 1501 3053 σοφίας·
1517 2992 1557 3032 20

137 3087 201 3153 Eph.
211 3091 244 3142 vi.
256 3107 294 3158 ¹9·
305 3070 442 3175 σοφίας
460 3068 498 3148 δὲ
517 3067 638 3170 λόγος,
658 3068 754 3149 κατιί
767 3102 809 3170 γε
830 3067 872 3148 τὸ
891 3069 987 3175 αὐτῷ
1005 3103 1066 3165 μοι
1085 3071 1221 3165 δοκοῦν,
1241 3069 1260 3146 ὁ
1280 3079 1301 3115 “
1315 3071 1352 3147 ἐν
1371 3069 1503 3174 ἀνοίξει

305 3202 328 3238 “
346 3199 409 3270 τοῦ
439 3190 650 3289 στόματος,”
685 3194 705 3272 ό
736 3189 923 3295 πρόχειρός
952 3226 990 3270 τε
1022 3194 1080 3271 καί
1110 3194 1231 3295 εὔρους
1262 3196 1320 3273 καί
1350 3197 1398 3277 ῶς
1428 3192 1502 3273 ἀπὸ

302 3311 484 3414 γλώσσης
509 3313 571 3393 ίδιν
588 3317 652 3412 τῆς
670 3313 764 3414 ἄγαν
782 3312 1059 3417 εὐτροχωτοίτης.
1101 3313 1205 3421 ι’ίλλῳ
1224 3311 1259 3394 δὲ
1284 3317 1389 3418 λόγος
1410 3318 1500 3418 γνῶ·

303 3462 400 3522 σεως·
440 3437 509 3515 είσί
537 3434 608 3537 γὰρ
636 3442 709 3514 τῶν
726 3438 764 3514 ἐν
786 3435 870 3533 ἡμῖν
890 3469 992 3533 τινες,
1011 3441 1044 3515 οί
1072 3433 1114 3516 τί)
1141 3435 1334 3542 πρόχειρον
1360 3438 1425 3536 μίν
1454 3443 1502 3522 είς

302 3557 435 3660 λόγους
460 3560 523 3639 οὐκ
550 3558 703 3664 ἔχοντες,
725 3561 783 3638 καὶ
808 3565 872 3637 τοῦ
898 3557 1043 3664 φράζειν
1061 3557 1217 3645 εὐκόλως
1236 3559 1413 3641 διίνασθαι
1435 3559 1502 3660 τὴν
1515 3595 1556 3656 ²5

302 3683 508 3786 παρρησίαν
536 3683 577 3761 οῦ
605 3679 817 3782 κεκτημένοι,
841 3688 966 3776 βαθεῖς
994 3681 1107 3784 γεμὴν
1137 3683 1230 3783 ἅγαν
1261 3689 1309 3768 είς
1339 3683 1501 3782 σιίνεσιν,

301 3804 562 3911 νουνεχίστατοί
583 3840 622 3886 τε
648 3805 706 3885 καί
729 3804 813 3884 λίαν
832 3803 967 3909 ίσχνως
986 3813 1059 3890 τοῖς
1077 3810 1181 3909 ίεροῖς
1199 3807 1502 3908 προσβάλλοντες

300 3926 434 4030 λόγοις,
446 3932 504 4009 καὶ
522 3935 775 4032 μυσταγωγεῖν
794 3929 932 4031 ε’τίρους
951 3926 1073 4010 οἷοίτε
1093 3927 1211 4009 καὶτὰ
1227 3935 1299 4009 τῶν
1317 3927 1501 4032 θεωρημά-

338 4121 378 4160 ιο.
397 4106 482 4160 κτίσιν
493 4107 527 4161 Α.
583 4107 639 4161 lnc.
651 4105 686 4160 'H
699 4105 760 4178 ίιγίο
771 4107 848 4174 Τριδς
865 4105 1000 4162 πλουσίως
1015 4105 1056 4160 καί
1067 4105 1191 4161 ποικίλας
1202 4105 1334 4176 χαρίζεται
1346 4107 1392 4162 τὰς
1402 4106 1500 4174 δωρεὰς

300 4174 332 4229 δι’
347 4175 384 4228 H.
537 4194 578 4232 11.
596 4181 642 4231 τοῦ
655 4188 799 4246 utrumque
811 4193 865 4230 om.
881 4175 918 4229 H.
1071 4189 1166 4246 15-17.
1185 4175 1284 4228 Partim
1298 4176 1360 4229 citat
1372 4185 1398 4230 et
1413 4175 1439 4228 H
1453 4177 1501 4247 qui

298 4244 405 4299 exhibet
415 4242 491 4300 Οίδεν
498 4247 549 4316 γὰρ
560 4247 620 4302 τοῦς
630 4247 775 4316 πρέποντας
787 4245 889 4314 καιροὺς
900 4249 951 4300 τῶν
961 4245 1100 4316 γινομένων
1111 4243 1172 4315 παρ’
1183 4245 1261 4298 αὑτοῦ
1270 4248 1285 4298 ό
1295 4245 1323 4300 ίν
1334 4242 1498 4317 ᾦ-σοφίος.

302 4330 344 4367 21.
364 4313 422 4369 luc.
435 4319 519 4386 Λόγος
530 4317 629 4387 σοφίας
641 4319 656 4370 ό
669 4317 731 4370 κστιί
742 4337 773 4386 γε
787 4314 825 4368 Η.
934 4331 977 4368 22.
996 4317 1010 4367 ὁ
1023 4332 1077 4369 om.
1092 4316 1129 4369 H.
1181 4315 1223 4368 καί
1237 4315 1500 4388 ῶς-είιτροχωτότης

298 4393 438 4455 assumpta
448 4403 480 4439 ex
496 4385 532 4441 H.
664 4403 708 4453 24.
725 4387 775 4456 γὰρ
787 4402 841 4439 om.
855 4383 892 4438 H.
946 4385 993 4453 μὲν
1005 4393 1176 4456 assumptum
1189 4403 1221 4439 ex
1235 4385 1273 4439 H.
1405 4402 1449 4458 ²5·
1467 4389 1498 4440 τὸ

298 4469 348 4521 pro
360 4456 406 4506 τοῦ
421 4453 457 4508 H.
586 4471 627 4525 27.
646 4457 686 4510 καὶ
699 4455 757 4510 λίαν
768 4453 865 4525 ἴσχνως
878 4463 1016 4524 assumpta
1029 4473 1060 4509 ex
1076 4455 1112 4509 H.
1245 4455 1323 4526 28-p.
1339 4456 1401 4521 286,
1412 4457 1438 4512 6.
1457 4458 1498 4510 καὶ

296 4525 611 4593 μυσταγωγῶν-κάκεῖνο
625 4525 661 4581 H.
674 4527 715 4580 καί
727 4525 800 4582 οὗτος
812 4524 898 4594 μέντοι
911 4527 925 4578 α’
938 4527 1017 4596 λόγος
1030 4525 1143 4581 κάκεῖνος
1157 4523 1208 4580 Ed.
