3294 5130
316 339 382 402 488
542 340 580 404 B.
605 337 793 404 OYRILLI
823 339 1086 405 ALEXANDR.
1115 339 1285 404 FRAGM.

315 513 409 612 ἡμᾶς
426 509 520 593 οἶδεν
536 513 643 599 ὄντας
661 515 797 617 σαρκὸς
815 519 873 595 καὶ
899 516 1071 613 αῖματος;
1098 513 1168 619 ἀρα
1186 515 1392 613 πνεύμασιν
1410 515 1515 592 ἀσω-

315 635 442 732 μάτοις
463 636 510 719 τά
534 637 651 717 τοιάδε
674 644 883 740 προσλαλεῖ
894 671 905 736 ;
938 639 1051 720 καίτοι
1066 646 1144 724 πῶς
1163 640 1205 718 ού
1228 639 1415 741 τερθρείαν
1435 645 1519 716 τοῦ-

314 757 358 839 τύ
374 793 418 861 γε
437 767 527 840 νοεῖν
545 758 568 861 ἢ
588 760 755 866 φράσαις
784 763 911 842 οὐκοῦν
929 765 984 868 ἐφ’
1004 762 1104 862 ἡμῶν
1122 761 1187 862 μὲν
1206 760 1327 865 σάρκα
1350 764 1449 869 φησὶ
1472 756 1519 839 τά

314 885 379 981 τῆς
396 882 532 986 σαρκὸς
549 882 682 964 ἕκτοπά
702 918 742 963 τε
760 888 820 964 καὶ
837 887 901 965 οὐκ
919 887 1166 986 άνεπίπληκτα
1184 884 1295 986 πάθη·
1335 887 1394 964 ε’πὶ
1413 885 1459 963 δέ
1475 917 1518 984 γε

314 1016 379 1089 τοῦ
404 1006 549 1089 πάντων
569 1009 670 1108 ἡμῶν
689 1013 858 1111 Σωτῆρος
875 1015 1050 1112 Χριστοῦ,
1069 1009 1254 1111 πανάγνου
1269 1042 1308 1088 τε
1329 1006 1436 1090 ὄντος
1458 1009 1553 1086 καῖ5

150 1139 264 1254 :affl
277 1128 357 1210 ἰλτῖι
384 1136 611 1231 πλημμελεῖν
629 1133 693 1212 ούκ
720 1130 866 1217 εἰδότος·
904 1134 996 1212 “οιῖ
1016 1131 1089 1236 γὰρ
1111 1133 1277 1232 ἐποίησεν
1300 1131 1516 1232 ἀμαρτίαν·”

183 1240 190 1255 ⁰
316 1253 555 1358 ἑτεροτρύπως
585 1253 631 1335 ἀν
659 1255 700 1336 τά
732 1256 838 1335 Κατὰ
866 1255 989 1360 σάρκα
1018 1263 1178 1336 νοεῖσθαι
1204 1256 1341 1359 πρέπει,
1369 1253 1413 1332 ού
1443 1251 1520 1354 γάρ

315 1381 416 1459 ἐστιν
433 1381 470 1458 ε’ν
488 1379 687 1462 ἀσθενείαις
705 1378 755 1458 ἔτι
775 1386 972 1480 σαρκικοῖς.

881 1599 944 1696 ιβ’.

371 1761 597 1861 Νευήστευκε
625 1770 714 1865 γοῦν
742 1765 800 1842 καὶ
829 1763 994 1842 ἐπείνασε
1023 1765 1082 1842 καὶ
1109 1762 1280 1863 κε’κμηκεν
1306 1763 1346 1840 ἐκ
1372 1767 1518 1862 μακροῖς
1537 1799 1573 1838 10

315 1885 527 1986 ὁδοιπορίας,
547 1885 598 1966 ἔτι
621 1919 660 1966 τε
687 1882 777 1988 πρὸς
800 1885 936 1970 τούτοις
964 1886 1173 1988 ἐσταυρώθη
1193 1919 1232 1965 τε
1255 1887 1313 1964 καὶ
1340 1885 1513 1963 ἀπέθανε·

314 2005 514 2088 συνδίδωκε
542 2007 580 2088 δὲ
606 2016 720 2088 ταῦτα
743 2014 870 2090 παθεῖν
889 2007 997 2089 αὐτὸν
1015 2011 1057 2090 ού
1075 2008 1185 2115 φύσει
1213 2007 1388 2108 θεότητος·
1421 2006 1519 2108 πάρα

315 2128 387 2232 γὰρ
405 2139 469 2212 τοῦ
493 2138 621 2212 παθεῖν
640 2133 661 2232 ἡ
680 2133 757 2214 θεία
774 2167 813 2212 τε
832 2135 891 2212 καῖ
913 2132 1091 2236 ὑπερτάτη
1112 2131 1223 2236 φύσις
1251 2138 1389 2210 νοεῖται·
1425 2131 1516 2210 ἀλλ’

316 2255 387 2361 ἰδία
402 2261 549 2352 μᾶλλον
566 2256 688 2360 σαρκί·
728 2255 848 2355 ἐπειδὴ
867 2254 906 2335 δὲ
924 2256 1053 2349 ἀνεβίω
1071 2251 1240 2355 πατήσας
1258 2250 1321 2333 τὸν
1340 2252 1514 2350 θάνατον,

315 2379 623 2484 ἀναστοιχειιύσας
661 2412 699 2458 τε
732 2377 797 2477 τὴν
834 2377 1025 2482 άνθράπου
1060 2378 1174 2484 φύσιν
1206 2380 1244 2457 ἐν
1272 2380 1386 2484 ἑαυτῷ
1422 2375 1518 2476 πρὸς
1533 2404 1572 2464 15

315 2503 526 2608 ἀφθαρσίαν
545 2505 603 2582 καὶ
627 2500 731 2604 ζωήν,
749 2504 806 2580 καὶ
832 2506 1004 2604 σαρκικῆς
1025 2503 1211 2586 ἀσθενείας
1233 2499 1388 2581 είσάπαν
1405 2501 1515 2600 ἠμοι-
1633 2483 1634 2578 ί

316 2622 433 2726 ρηκῖυς
458 2627 582 2728 ὁρᾶται
606 2621 745 2705 λοιπάν·
784 2624 951 2725 ταύτητοι
969 2627 1028 2704 καὶ
1046 2624 1146 2722 μάλα
1164 2624 1265 2723 είκὸς,
1284 2623 1398 2704 ούκίτι
1421 2622 1519 2703 κατὰ

317 2743 437 2852 σάρκα
469 2746 717 2850 γινώσκεσθαί
745 2756 862 2856 φησιν
894 2747 1013 2846 αὐτὸν,
1045 2746 1228 2828 τουτέστιν
1258 2749 1296 2826 ἐν
1326 2755 1518 2851 σαρκικοῖς

317 2872 523 2970 ἀσθενείαις,
543 2873 563 2951 ὃ
582 2877 655 2951 τῶν
673 2873 781 2954 αύτού
799 2873 1009 2977 μυστηρίων
1027 2871 1218 2977 ῖερουργύς.

885 3131 945 3236 ιγ’.
1536 3154 1577 3194 20

378 3288 603 3390 Γευσοίμενος
641 3292 679 3373 δὲ
723 3303 787 3374 τοῦ
825 3292 982 3374 θανάτου
1027 3297 1137 3398 σαρκὶ
1178 3297 1221 3374 δι’
1264 3294 1368 3395 ἡμᾶς,
1404 3295 1520 3398 ἀνέβη

320 3409 433 3492 πάλιν
460 3413 676 3513 ε’νσάματος,
704 3421 761 3497 καῖ
789 3427 877 3520 γοῦν
906 3418 992 3498 αὐτὸ
1024 3416 1069 3518 δὴ
1101 3421 1199 3499 τουτὶ
1231 3426 1304 3504 τοῖς
1334 3420 1520 3500 Ἰουδαίων

153 3553 300 3604 ammi.
322 3532 446 3635 δήμοις
469 3537 808 3639 προκαταμεμήνυκε
835 3540 953 3643 λε’γων
979 3551 1001 3590 “
1015 3540 1163 3621 Λύσατε
1186 3539 1250 3622 τὸν
1268 3540 1353 3622 ναὸν
1370 3551 1515 3640 τοῦτον,

156 3633 194 3686 ¹⁹'
322 3668 344 3706 “
362 3662 419 3738 καὶ
447 3661 485 3739 ἐν
512 3661 630 3764 τρίσιν
657 3659 800 3764 ἡμέραις
833 3664 943 3767 ἐγερῶ
971 3663 1114 3745 αύτύν.”
1158 3662 1347 3769 ἐγήγερται
1373 3664 1446 3769 γάρ
1473 3666 1518 3747 τὸ

320 3782 439 3881 λυθὲν,
469 3781 648 3863 λελύσθαι
678 3783 791 3887 γεμὴν
817 3783 883 3885 τήν
911 3787 1033 3892 σάρκα
1060 3785 1179 3894 φαμὲν
1203 3791 1262 3868 καὶ
1290 3790 1332 3868 ού
1359 3786 1425 3890 τήν
1452 3799 1519 3872 τοῦ
1535 3828 1575 3888 ²5

321 3905 444 4009 Λάγου
463 3905 588 4014 φύσιν·
627 3907 812 4013 ἀμήχανον
830 3907 911 4013 γάρ.

357 4153 382 4190 2.
401 4135 544 4207 legendum
557 4145 588 4192 ut
600 4136 654 4192 vid.
667 4137 794 4208 τερθρεία.
974 4157 1015 4196 10.
1034 4145 1080 4196 τοῦ
1092 4143 1170 4197 αὐτοῦ
1183 4142 1210 4196 ίκ
1223 4147 1269 4198 τοῦ
1280 4144 1358 4200 αύτοῖι
1370 4145 1454 4217 λύγου
1466 4145 1521 4202 b.e.

319 4206 504 4296 γοι”ιν]γίιρο.Α
583 4224 623 4300 12⁸.
638 4207 778 4300 αι’(τὸνᾙια
789 4208 843 4264 b.c.
895 4209 963 4302 πέρα
973 4210 1238 4302 γδρ]παράγε(ἰ]ο.
1325 4234 1365 4283 14.
1383 4218 1520 4273 ἐπεὶδέο.

324 4279 364 4336 18.
382 4276 529 4350 σαρκικαις]
543 4300 620 4350 σαρκι
633 4301 674 4334 και
685 4297 709 4334 c.
818 4296 861 4336 21.
875 4302 921 4335 του
933 4303 1013 4336 αυτου
1024 4305 1052 4337 εκ
1064 4305 1109 4337 τον
1121 4305 1199 4338 αντου
1211 4285 1292 4355 λόγου
1302 4285 1353 4341 b.c.
