3284 5130
127 344 180 387 xx.
197 344 248 412 13,
264 347 316 409 14.
409 329 468 394 IN
498 329 531 396 S.
556 328 578 394 J
582 327 814 396 OANNEM.
859 327 955 394 ΙιΙΒ.
978 327 1059 394 XII.
1267 327 1329 392 113

126 489 257 570 τούτου
284 496 330 598 τῇ
358 496 498 594 γυναικὶ
528 495 764 595 σημαίνοντες
796 491 937 599 οἰομένη
964 495 1235 591 μετατεθεῖσθαι
1267 489 1332 570 τὸν

127 611 275 716 Κύρων,
295 619 343 701 ὡς
362 619 426 698 ούκ
442 615 487 698 ἀν
506 618 660 718 ἠδίκησέ
672 651 726 702 τις
744 614 785 697 τό
804 616 908 719 ἅγιον
926 623 1046 716 σῶμα,
1064 611 1328 720 προσεδρευόν-
1343 622 1366 688 d

123 770 198 816 των
226 735 397 842 ἀγγέλων
425 744 485 822 καὶ
518 743 703 843 δυνάμεων
731 741 845 844 ἁγίων
873 738 995 849 κύκλῳ
1026 739 1090 820 τὸν
1120 746 1214 821 θεῖον
1245 735 1331 820 ναόν

122 870 384 966 περιεχουσῶν·
420 861 558 971 ᾔδεσαν
583 865 656 970 γάρ
678 862 742 945 τὸν
766 864 856 944 ἰ’διον
884 861 1077 964 δεσπότην.
1118 861 1269 966 ζητήσαι
1296 864 1329 944 δ’

92 983 172 1063 5άν
196 1018 262 1084 τις,
283 991 342 1067 καί
366 988 468 1088 μάλα
495 989 648 1086 εἰκότως,
676 987 736 1068 διὰ
761 989 870 1068 ποίαν
895 987 1011 1068 αἰτίαν
1034 994 1108 1072 τοῖς
1132 987 1198 1086 μίν
1218 988 1331 1091 ἀγίαις

124 1113 304 1210 μαθηταῖς
335 1109 437 1193 οὐδὲν
469 1111 760 1216 προσελάλησαν
791 1116 823 1192 οἱ
860 1109 1027 1216 μακάριοι
1060 1111 1222 1214 άγγελοι,
1251 1113 1332 1194 οὐδὲ

125 1230 201 1332 μὴν
237 1231 418 1339 ὤφθησαν
454 1236 561 1335 ὅλως,
595 1236 782 1342 φαίνονται
818 1233 856 1316 δὲ
892 1237 951 1315 καὶ
988 1243 1249 1340 προσλαλοῦσι
1285 1271 1331 1340 τη

126 1357 280 1458 γυναικί.
319 1361 468 1460 ἐροῦμεν
493 1360 566 1458 οὖν,
595 1357 650 1439 ότι
681 1354 820 1443 σκοπός
850 1355 895 1458 ἦν
925 1361 977 1466 τῷ
1007 1360 1148 1461 Σωτῆρι
1177 1363 1331 1468 Χριστῷ

126 1489 193 1561 τοῦ
214 1481 297 1563 καθ’
320 1481 446 1564 ἑαυτὸν
464 1483 664 1587 μυστηρίου
692 1479 756 1582 τὴν
773 1481 1028 1589 πληροφορίαν
1045 1487 1122 1565 ταῖς
1144 1488 1217 1563 τῶν
1236 1485 1327 1585 ἀγα-

78 1603 281 1685 ιοποῖντων
306 1603 415 1686 αὐτὸν
431 1604 726 1710 ε’γκατασπείρειν
750 1611 896 1712 ψυχαῖς,
916 1607 1069 1685 ἐτελεῖτο
1093 1602 1131 1685 δὲ
1158 1603 1331 1712 διάφορος

126 1731 193 1826 τῆς
222 1729 473 1834 πληροφορίας
499 1731 520 1809 ό
543 1727 751 1834 τρόπος,τῇ
779 1733 852 1808 τῶν
879 1728 1232 1833 πληροφορουμένων
1260 1728 1361 1836 ἔξεις

128 1852 351 1954 προσεοικώς
379 1886 418 1933 τε
447 1856 507 1932 καὶ
535 1851 694 1956 πρέπων.
741 1859 817 1937 τοῖς
839 1849 905 1950 μὲν
930 1853 993 1932 οὖν
1018 1852 1132 1955 ἁγίοις
1155 1858 1331 1953 μαθηταῖς

128 1974 221 2075 αὐτὴ
245 1982 319 2056 τῶν
338 1974 563 2081 πραγμάτων
582 1977 606 2076 ἡ
629 1975 778 2072 ἔκβασις
806 1981 852 2082 τῇ
876 1973 977 2079 παρά
1001 1983 1079 2062 ταῖς
1107 1977 1215 2062 θείαις
1242 2012 1332 2081 γρα-

130 2104 219 2203 φαῖς
245 2101 363 2181 ἐλπίδι
390 2099 645 2200 συμβαίνουσα
671 2098 763 2202 πρὸς
790 2102 1043 2207 πληροφορίαν
1066 2099 1252 2208 ἐξήρκεσε,
1273 2103 1332 2182 καὶ

82 2251 116 2311 15
129 2224 258 2303 πίστιν
291 2225 432 2305 ἐνετίθει
466 2222 533 2324 τὴν
568 2222 765 2321 οὐδαμόθεν
794 2225 1015 2330 ἀμφίβολον.
1058 2222 1332 2310 πεπιστευκότες

129 2343 204 2449 γάρ
222 2347 423 2451 ἀνεχώρουν
441 2354 518 2432 ταῖς
536 2347 654 2450 ἁγίαις
671 2354 841 2454 γραφαῖς,
862 2349 921 2427 καὶ
940 2344 985 2447 ἦν
1002 2383 1081 2433 πως
1098 2347 1150 2428 ἔτι
1167 2348 1334 2453 περιττὸν

128 2476 206 2555 τοῖς
233 2472 326 2551 οὕτω
354 2472 508 2567 βεβαίαν
526 2470 651 2577 ἔχουσι
679 2469 747 2571 τὴν
770 2471 896 2551 πίστιν
923 2473 983 2550 καὶ
1007 2469 1050 2550 τὸ
1080 2469 1138 2551 διὰ
1167 2476 1231 2573 τῆς
1260 2479 1332 2552 τῶν

129 2594 245 2696 ἁγίων
267 2595 435 2698 ἀγγέλων
456 2592 731 2676 ἐκδιδάσκεσθαι
754 2598 890 2702 φωνῆς·
925 2592 1207 2696 ἀναγκαιότατον
1228 2593 1267 2677 δὲ
1289 2595 1332 2678 τὸ

128 2721 255 2823 χρῆμα
278 2721 324 2825 τῇ
349 2723 499 2820 γυναικί,
518 2718 584 2820 τὴν
615 2716 711 2823 ἱεράν
740 2752 780 2798 τε
807 2721 866 2798 καὶ
894 2717 993 2799 θείαν
1020 2719 1084 2798 οὐκ
1111 2718 1332 2826 ἐπισταμένη

79 2881 116 2922 ιο
128 2839 289 2947 γραφὴν,
323 2843 402 2922 οὔτε
432 2841 505 2941 μὴν
534 2842 620 2923 καθ’
651 2840 771 2946 ἕτερόν
797 2875 877 2921 τινα
906 2840 1041 2947 τρόπον
1070 2838 1113 2922 τὸ
1144 2841 1241 2939 βαθὺ
1269 2848 1334 2945 τῆς

128 2962 367 3050 ἀναστάσεως
394 2967 504 3075 είδυία
531 2963 742 3070 μυστήριον.

127 3205 221 3280 Λέτει
244 3201 355 3272 αὐτοῖς
372 3206 449 3273 Ὀτι
473 3207 556 3298 ἦραν
575 3209 633 3275 τὸν
654 3207 769 3298 Κύριόν
788 3211 933 3290 μου,καί
955 3208 1013 3274 οὐκ
1032 3203 1106 3275 οἶδα
1125 3216 1187 3276 ποῦ
1210 3134 1499 3277 {ommvssom¹

181 3332 293 3399 αὐτόν.
327 3339 429 3398 ταῦτα
455 3329 592 3400 εἰποῦσα
616 3333 765 3426 ἐστράφη
790 3331 837 3401 εἰς
863 3333 903 3400 τὰ
928 3333 1044 3416 ὀπίσω,
1063 3333 1116 3400 καί
1134 3335 1254 3425 θεωρεῖ
1275 3336 1332 3404 τὸν
1348 3355 1384 3412 ¹4

176 3457 307 3525 Ἰιιοοῡν
326 3457 465 3540 ἑστῶτα,
485 3458 539 3524 καὶ
556 3460 615 3525 οὒκ
635 3458 707 3550 ᾔδει
725 3462 775 3526 ὅτι
789 3460 916 3526 Ἰιιοοῦο
935 3459 1015 3527 ἔστι.

77 3670 114 3730 ²5
188 3632 343 3727 Βραδεΐα
364 3630 431 3729 μεύ
448 3663 527 3714 πως
549 3633 598 3714 είς
621 3631 771 3710 σύνεσιν
793 3631 815 3730 ἡ
836 3628 938 3734 γυνὴ,
956 3637 1102 3731 μᾶλλον
1120 3630 1159 3713 δὲ
1184 3630 1335 3734 σύμπαν

129 3748 173 3831 τὸ
192 3756 345 3849 θηλειῶν
363 3751 476 3855 γε’νος.
513 3754 685 3852 μανθάνει
711 3754 784 3859 γὰρ
812 3757 912 3835 οὕτω
939 3753 982 3835 τὸ
1010 3756 1049 3836 ἐκ
1072 3759 1136 3856 τῆς
1154 3758 1334 3843 ὀπτασίας

130 3875 437 3975 ύποδηλούμενον,
473 3875 699 3980 ἀπαγγέλλει
730 3880 764 3958 δ’
794 3879 858 3959 οὖν
886 3877 982 3977 ὅμως
1012 3887 1076 3960 τοῦ
1106 3879 1237 3984 θρήνου
1266 3880 1365 3981 τὴνί)

128 3995 330 4103 πρόφασιν.
369 3997 488 4099 ἐπειδὴ
524 3998 562 4080 δὲ
593 4005 707 4109 Κύριον
740 4000 964 4105 ὀνομάζουσα
999 4001 1064 4082 τὸν
1095 4003 1261 4105 Χριστὸν
1290 4006 1332 4084 ού

130 4120 340 4228 κατέληξεν,
359 4124 509 4203 ε’δείκνυε
530 4122 567 4203 δὲ
586 4126 644 4204 καὶ
663 4122 722 4204 διὰ
746 4124 875 4205 τούτου
898 4124 964 4227 τὴν
983 4131 1032 4210 εἰς
1057 4124 1166 4208 αὐτόν
1183 4125 1328 4230 ἀγάπη-

73 4283 116 4342 30
129 4277 204 4342 σιν,
223 4242 383 4348 εὐλόγως
409 4245 479 4347 ἤδη
507 4248 565 4327 καὶ
587 4248 695 4347 αιἀῆς
717 4251 782 4349 τῆς
809 4254 883 4328 τῶν
904 4247 1135 4348 ποθουμένων
1158 4251 1333 4343 ἀπολαύει

129 4366 225 4452 θεάς.
264 4370 332 4476 ἀρᾷ
356 4367 428 4473 γάρ
450 4369 502 4452 τὶν
520 4373 654 4470 Ἰησοῦν,
673 4376 702 4451 εί
721 4377 779 4454 καὶ
798 4373 897 4453 οὔπω
916 4369 1079 4475 παρόντα
1097 4379 1178 4473 νοεῖ,
1197 4377 1256 4457 καὶ
1274 4375 1333 4458 διά

313 4587 355 4639 τι.
374 4569 516 4644 Ιξὴριουαι
530 4571 593 4644 (εἰς)
606 4571 640 4628 E.
905 4587 949 4648 οη.
966 4574 1157 4650 &ummah

176 4669 247 4718 τοι.
265 4671 317 4719 111.
743 4673 766 4735 ο
