3284 5130
296 319 358 382 152
595 317 635 381 B.
659 316 869 382 CYRILLI
900 315 1193 382 ALEXANDR.
1367 336 1422 377 xx.
1440 331 1492 398 29.

293 486 421 564 ούκοῦν
450 477 568 586 ε’πῄνει
596 479 872 576 πεπιστευκότα,
905 484 963 561 καί
994 482 1078 560 λίαν
1108 481 1233 584 ὀρθῶς.
1274 479 1358 562 ’ίδοις
1388 475 1418 556 δ
1447 473 1495 555 ἂν

293 615 400 687 τοῦτο
418 604 580 710 ὑπάρχον
594 602 736 703 ἀληθὲς,
756 606 814 683 καὶ
832 601 934 702 μάλα
952 606 1091 712 ῥᾳδίως.
1121 602 1213 706 πρὸς
1229 602 1301 706 γάρ
1318 599 1382 683 τὸν
1400 601 1493 680 ούτω

292 727 557 813 πεπιστευκότα
579 731 637 808 καί
656 728 882 826 διακείμενον,
902 731 959 808 ἐπὶ
976 725 1070 808 τίλει
1089 737 1155 808 τοῦ
1172 728 1382 830 εὐαγγελίου
1399 724 1498 828 φησί

127 863 248 944 Q&
294 865 316 902 “
338 851 574 955 Πορευθέντες
604 851 851 951 μαθητεύσατε
884 849 1003 931 πάντα
1035 850 1081 930 τά
1108 849 1227 950 ἕθνη.”
1259 855 1288 928 εί
1316 849 1353 928 δὲ
1382 851 1495 934 οὕτως

127 945 214 1061 ffm.
295 978 423 1082 ἔχοντα
440 976 585 1078 γνώμης
608 972 728 1056 πάντα
745 973 793 1055 τά
810 976 894 1074 ἔθνη
914 973 1095 1055 διδάσκειν
1115 975 1258 1072 κελεύει,
1276 976 1335 1053 καί
1353 1006 1490 1072 μυστα-
1509 999 1530 1058 5

294 1098 417 1203 γωγίιν
443 1098 551 1180 αὑτὸν
574 1098 748 1205 ἀνέδειξεν
771 1097 1021 1198 οίκουμενικδν,
1043 1100 1110 1203 ούχ
1136 1099 1256 1199 ἕτερον
1285 1097 1375 1196 ἡμᾶς
1399 1095 1494 1200 ἔχειν

294 1223 464 1318 βούλεται
482 1221 549 1323 τὴν
566 1224 702 1304 πίστιν.
739 1221 853 1330 Κύριος
871 1220 943 1326 γάρ
962 1220 1071 1306 ὅντως
1090 1225 1169 1302 ἐστὶ
1188 1219 1279 1301 κατά
1302 1219 1414 1324 φύσιν
1433 1222 1494 1299 καὶ

294 1348 380 1434 Θελς
400 1349 457 1427 καί
476 1346 535 1427 ὅτε
557 1348 703 1448 γε’γονεν
722 1347 923 1447 ἅνθρωπος.
959 1345 1121 1426 κατανόει
1144 1343 1217 1447 γάρ
1236 1342 1290 1423 ὅτι
1316 1340 1435 1448 χεῖράς
1452 1376 1493 1422 τε

295 1473 351 1551 καί
368 1470 481 1554 πόδας
500 1474 558 1549 καί
576 1467 736 1571 πλευρὰν
751 1467 1017 1577 ψηλαφήσαςὸ
1037 1466 1198 1568 μαθητὴς
1211 1464 1495 1571 προσκεκόμικεν

294 1588 474 1702 αὐτῷτὴν
492 1593 704 1695 ὁμολογίαν,
726 1595 790 1673 οὐκ
813 1600 861 1678 είς
884 1599 968 1674 υἱῶν
993 1591 1105 1673 δυάδα
1126 1588 1300 1688 διατεμὼν
1317 1587 1381 1668 τὸν
1396 1589 1489 1686 Ἐμ·
1512 1625 1556 1666 ιο

129 1742 203 1797 1110
215 1739 254 1797 Δ.
266 1757 285 1795 ι
294 1714 473 1815 μανουὴλ,
495 1718 578 1794 ἀλλ’
600 1716 661 1796 ἕνα
684 1714 825 1796 καὶτὸν
845 1714 952 1797 αύτδν
971 1715 1217 1817 ἐπιγινώσκων
1234 1711 1324 1813 μετὰ
1340 1710 1491 1814 σαρκός·

295 1837 345 1925 εἷς
363 1836 436 1941 γὰρ
457 1839 589 1937 Κύριος
606 1841 748 1939 Ἰησοῦς
767 1838 927 1942 Χριστὸς
947 1838 1038 1919 κατὰ
1054 1837 1119 1923 τὰς
1136 1834 1292 1943 γραφάς.

245 2095 282 2153 29
294 2072 385 2148 Λὲτει
411 2073 500 2158 αὐτῷ
527 2072 696 2140 ὁἸιισοῡο
713 2073 793 2140 Ὀτι
818 2073 973 2164 ἑώρακάς
998 2097 1049 2155 με,
1076 2071 1301 2140 πεπίστευκας·
1337 2073 1496 2161 μακάριοι

596 2195 626 2264 οί
653 2199 696 2274 μίι
721 2196 847 2266 ἰδόντες.
873 2199 927 2264 καί
953 2200 1193 2266 πιστεύσαντες.

353 2370 681 2470 Οίκονομικύτατος
718 2370 866 2477 σφόδρα
901 2379 965 2450 τοῦ
1005 2375 1171 2474 Σωτῆρος
1214 2372 1235 2450 ὁ
1277 2370 1398 2474 λόγος,
1435 2373 1494 2449 καὶ
1511 2421 1552 2480 15

295 2495 476 2594 πλείστην
501 2493 593 2595 ὅσην
610 2493 695 2593 ἡμῖν
713 2490 780 2595 τὴν
803 2493 929 2594 ὄνησιν
955 2495 1111 2595 ἐμποιεῖν
1130 2492 1258 2580 ίκανός.
1296 2491 1496 2596 προενόησε

296 2615 370 2721 γάρ
398 2618 440 2697 ού
466 2619 613 2721 μετρίως
642 2620 709 2698 κάν
736 2617 851 2726 τούτῳ
878 2624 951 2697 τῶν
979 2616 1155 2720 ἡμετέρων
1183 2622 1326 2724 ψυχῶν,
1353 2618 1496 2717 ε’πείπερ

212 2777 218 2794 ·
298 2743 399 2821 ἐστίν
429 2741 565 2844 ἀγαθὸς
593 2744 652 2821 καὶ
679 2752 702 2789 “
716 2741 852 2826 πάντας
874 2741 1089 2843 άνθρῶπους
1118 2740 1213 2822 θίλει
1241 2744 1403 2842 σωθῆναι
1437 2744 1495 2820 καί
1552 2843 1556 2852 ἱ

299 2875 321 2911 “
340 2867 388 2954 είς
412 2865 606 2966 ἐπίγνωσιν
624 2867 792 2963 ἀληθείας
812 2867 958 2962 ε’λθεΐν,”
985 2864 1076 2945 κατὰ
1094 2863 1137 2944 τὸ
1154 2867 1413 2968 γεγραμμένον.
1451 2861 1496 2942 τὸ

299 2987 345 3066 δέ
362 3021 403 3087 γε
425 2994 489 3066 τού
514 2986 694 3083 θαύματος
712 2987 823 3068 α’ίτιον
841 2988 949 3068 ε’κεῖνό
969 2991 1080 3068 ε’στιν.
1115 2987 1183 3068 ἔδει
1201 2988 1266 3085 μέν
1283 2986 1356 3092 γάρ
1373 2989 1492 3094 άνεξι·
1513 3037 1553 3075 20

263 3113 451 3208 δκακῆσαι
481 3106 647 3208 συνήθως
674 3113 782 3190 ἐκεῖνο
810 3110 953 3212 λε’γοντι
980 3117 1032 3219 τῷ
1051 3116 1182 3218 θωμᾷ,
1208 3112 1308 3192 άλλά
1336 3115 1393 3192 καί
1421 3119 1497 3196 τοῖς

298 3226 428 3334 ε’τέροις
456 3229 527 3312 σύν
555 3234 651 3340 αύτῷ
677 3239 861 3335 μαθηταῖς,
882 3240 1053 3336 υίηθεῖσιν
1081 3237 1136 3316 ότι
1163 3234 1304 3334 πνεῦμά
1331 3239 1410 3317 ἐστι
1438 3240 1497 3316 καὶ

299 3353 509 3461 φάντασμα,
523 3357 698 3464 ἐπιδεῖξαί
713 3392 752 3438 τε
771 3362 829 3438 καὶ
846 3357 949 3460 μάλα
966 3360 1159 3462 προθύμως
1177 3366 1225 3443 είς
1243 3361 1497 3465 πληροφορίαν
1547 3465 1552 3474 ⁸

300 3479 542 3579 οίκουμενικὴν
571 3483 630 3560 καὶ
660 3481 793 3567 τύπους
823 3489 895 3562 τῶν
927 3486 1026 3582 ἥλων
1058 3487 1116 3563 καὶ
1146 3487 1210 3583 τῆς
1241 3491 1401 3585 πλευρᾶς
1430 3482 1497 3583 τὴν

300 3600 496 3704 διάτρησιν,
515 3603 617 3683 ούδέν
636 3604 673 3684 δὲ
696 3605 804 3704 ἧττον
823 3609 881 3685 καὶ
906 3605 1007 3708 παρά
1027 3605 1070 3687 τὸ
1095 3606 1217 3692 είωθὸς
1236 3607 1334 3705 αὐτὸ,
1353 3610 1411 3688 καὶ
1429 3605 1495 3706 τὴν
1511 3646 1552 3706 25

299 3727 421 3830 χρείαν
440 3730 498 3804 καὶ
521 3731 660 3832 τροφῆς
681 3736 904 3835 μεταλαχεῖν,
922 3729 981 3809 ἵνα
1008 3731 1162 3829 μηδεμία
1180 3738 1367 3815 παντελῶς
1391 3765 1492 3832 περι·

299 3851 465 3948 λείπηται
493 3851 681 3956 πρόφασις
707 3860 873 3932 καλοῦσα
905 3851 996 3955 πρὸς
1025 3854 1197 3933 ἀπιστίαν
1224 3852 1308 3939 τούς
1336 3853 1395 3934 διὰ
1424 3861 1497 3935 τῶν

298 3971 469 4053 τοιούτων
502 3977 722 4079 ὠφελεῖσθαι
754 3974 988 4079 ζητήσαντας.
1039 3977 1123 4054 ἀλλ’
1153 3974 1197 4075 ἦν
1230 3980 1423 4081 ἀναγκαῖον
1456 3979 1498 4058 ού

299 4104 427 4201 μικροῦ
454 4131 550 4182 τινος
578 4096 733 4203 ἀξιῶσαι
761 4099 875 4202 λόγου
901 4104 959 4180 καὶ
984 4097 1050 4201 τὴν
1075 4105 1122 4183 είς
1152 4100 1244 4198 ἡμᾶς
1275 4102 1495 4206 ἀσφάλειαν.

271 4221 370 4299 οὲδει
393 4218 484 4324 πρὸς
502 4221 619 4330 ε’κείνιρ
638 4223 695 4300 καί
721 4221 763 4301 τὸ
780 4221 900 4324 ἕτερον
919 4227 1014 4321 ίδεΐν,
1034 4225 1127 4328 φημί
1154 4223 1198 4323 δὴ
1224 4221 1265 4304 τὸ
1292 4225 1499 4324 μηδαμόθεν
1514 4263 1554 4320 30

301 4343 455 4428 εὐκόλως
479 4346 747 4448 κατασύρεσθαι
774 4343 865 4448 πρὸς
893 4348 1066 4427 ἀπιστίαν
1094 4344 1177 4430 τούς
1203 4349 1241 4426 ε’ν
1268 4353 1341 4430 τοῖς
1367 4347 1500 4454 ἐφεξῆς

372 4535 414 4591 28.
433 4535 587 4606 ζητήσαντες
598 4538 631 4593 Ε.
852 4554 897 4610 30.
915 4540 944 4594 δὲ
957 4557 1006 4612 pro
1019 4541 1050 4611 δὴ
1064 4541 1165 4613 Migne.
1220 4543 1250 4596 τὸ
1263 4539 1323 4613 alh]
1336 4543 1383 4597 τὸν
1394 4541 1428 4599 Ε.
