3278 5130
129 358 167 424 ii.
188 374 307 446 ηερ.
379 361 433 424 IN
457 361 717 426 EPISTOLAM
744 359 806 424 AD
836 360 1086 425 HEBRAEOS.
1263 360 1326 423 395

130 527 317 608 ούσιωδῶς
342 527 363 604 6
389 525 598 628 Μονογενὴς
625 535 689 606 τοῦ
708 532 804 606 θεοῦ
823 523 942 628 Λόγος
970 527 1109 627 ἥνωσεν
1134 523 1259 604 ἑαυτὸν
1283 460 1413 628 τῇ[114
1427 458 1487 520 M.}

130 648 240 754 γηίνη
272 652 330 728 καὶ
360 651 644 757 ἀποθνησκούσῃ
671 653 791 754 σαρκὶ,
819 651 877 730 ἵνα
905 653 963 730 καὶ
991 651 1081 757 αὐτῇ
1107 648 1267 750 καθάπερ
1295 681 1330 726 τι

131 779 209 851 τῶν
227 773 411 854 ἀτιθάσων
430 772 562 875 θηρίων
580 771 782 877 ἐπιδραμὼν
800 775 820 853 6
839 773 992 858 θάνατος
1016 773 1176 879 άτονήση
1201 770 1329 852 λοιπὸν

131 893 346 996 ἡττώμενος.
385 898 427 976 ού
442 896 513 1000 γὰρ
531 896 576 997 ἦν
595 896 770 977 δύνασθαι
793 904 1018 1000 παραχωρεῖν
1036 902 1087 1004 τῷ
1105 896 1247 1003 θανάτιρ
1264 893 1330 994 τὴν

97 1017 240 1120 ὄζοιήν.
280 1026 314 1100 οὐ
336 1017 407 1128 γαρ
428 1015 532 1115 δήπου
553 1019 717 1124 αγγίλων
737 1022 1018 1126 ἐπιλαμβάνεται
1044 1020 1148 1102 ἄλλα
1165 1025 1324 1128 σπέρμα·
1342 1054 1392 1086 ver.
1409 1037 1446 1086 ¹6-

133 1177 192 1228 τοι
220 1141 390 1250 Ἀβρααμ
418 1143 699 1249 ἐπιλαμβάνεται
732 1142 795 1224 ίθεν
824 1143 951 1250 α’ίφειλε
985 1141 1081 1224 κατα
1112 1144 1231 1224 πάντα
1262 1149 1330 1228 τοῖς
1344 1185 1394 1219 ver.
1408 1179 1446 1231 η.

133 1259 303 1372 ἀδελφοῖς
326 1265 527 1370 ι’μιιοιθῆναι.
566 1272 596 1346 εί
623 1265 673 1366 μὴ
697 1267 844 1370 γε’γονεν
870 1266 1057 1369 ἅνθρωπος
1082 1269 1102 1346 6
1123 1264 1332 1366 Μονογενὴς

133 1396 200 1468 τοῦ
211 1394 306 1470 Θεοῦ
321 1387 451 1490 Λόγος,
465 1391 583 1491 ἦνωσε
601 1389 639 1470 δὲ
657 1397 802 1490 μᾶλλον
816 1390 930 1497 ἑαυτῷ
946 1388 988 1468 τὸ
1007 1390 1196 1493 ἀνθρώπου
1212 1391 1330 1493 πρόσ-

133 1545 247 1602 ωπον,
267 1513 362 1592 καθὰ
380 1519 477 1592 δοκεῖ
492 1521 565 1597 τοῖς
584 1513 797 1617 διορίζουσιν
815 1517 863 1596 ὡς
885 1516 923 1592 ἐν
940 1512 1078 1620 εύδοκίᾳ
1096 1515 1188 1619 μόνη
1206 1516 1265 1592 καὶ
1286 1520 1332 1618 τῇ

935 1634 948 1659 ⁸
1028 1637 1037 1662 '
1162 1642 1181 1659 ‘⁴
1221 1633 1327 1717 ιἰδελ·

134 1763 226 1866 φιῒς,
245 1766 389 1857 μᾶλλον
407 1760 445 1840 δὲ
463 1767 541 1845 πῶς
560 1758 604 1838 διν
623 1758 718 1842 ὅλως
743 1767 859 1839 νοοῖτο
885 1764 943 1839 καὶ
968 1759 1128 1865 ἀδελφὸς
1152 1763 1173 1840 6
1198 1761 1333 1845 παντὸς

133 1881 292 1962 ε’πείεεινα
310 1891 460 1986 γενητοῦ
477 1885 535 1962 καὶ
554 1882 785 1985 ἀσυγκρίτοις
799 1884 998 1986 ὑπεροχαῖς,
1012 1889 1089 1966 ταῖς
1109 1883 1200 1963 κατὰ
1218 1883 1333 1990 φύσιν

133 2007 245 2107 λέγω,
257 2005 324 2106 τὴν
336 2008 455 2086 κτίσιν
470 2007 713 2108 ύσερκείμενος
726 2037 737 2102 ;
758 2012 836 2088 πῶς
849 2006 1100 2104 κεκοινώνηκεν
1113 2006 1262 2105 αἵματος
1274 2011 1333 2086 καὶ

133 2128 272 2230 σαρκὸς
297 2135 327 2208 εἱ
350 2127 400 2228 μὴ
425 2129 572 2230 γε’γονεν
589 2129 661 2207 ίδια
679 2136 794 2208 ταῦτα
818 2129 928 2207 αὑτοῦ
945 2127 1038 2208 καθὰ
1057 2132 1115 2208 καὶ
1133 2130 1256 2229 ἡμῶν;
1285 2129 1333 2214 εἷς

79 2281 120 2341 ι5
135 2253 200 2331 οὖν
224 2253 295 2354 άρα
322 2254 422 2332 ἐστὶν
438 2250 526 2335 Υίὸς
554 2254 611 2331 καὶ
639 2250 771 2353 Κύριος
799 2249 925 2329 ε’νοίσει
951 2256 996 2355 τῇ
1025 2253 1108 2332 καθ’
1128 2251 1333 2334 ὑπόστασιν

134 2375 409 2480 σννενεχθέντος
426 2383 490 2454 τοῦ
511 2373 633 2476 Λόγου
650 2374 741 2475 πρὸς
759 2372 801 2453 τὸ
819 2373 1043 2475 ἀνθρώπινον
1063 2375 1200 2477 σαρκός
1217 2409 1256 2454 τε
1275 2379 1333 2454 καὶ

134 2498 285 2596 αἵματος
317 2497 619 2598 κεκοινωνηκύτος,
653 2498 884 2596 ὁμοιωθέντος
914 2531 953 2576 τε
987 2496 1078 2577 κατὰ
1109 2496 1228 2578 πάντα
1261 2505 1334 2583 τοῖς

135 2621 319 2728 ἀδελφοῖς.

316 2902 386 2968 Ἰνα
413 2902 564 2980 ἐλεήμων
592 2903 718 2977 Γὲνιιτοι
748 2901 800 2967 καί
827 2901 940 2968 ιιιοτόο
967 2902 1147 2991 ἀρχιερεύς.
1350 2922 1462 2987 17sqq.

80 3108 123 3148 ιο
197 3077 361 3173 Μωυσῆς
378 3072 444 3173 μὲν
462 3075 482 3153 6
502 3073 696 3157 θεσπέσιος
712 3072 771 3152 διὰ
793 3072 907 3154 τύπον
933 3077 990 3154 καὶ
1017 3081 1121 3159 σκιᾶς
1146 3076 1267 3174 ἐνῆκεν
1286 3080 1334 3158 εἷς

138 3198 362 3298 θεογνωσίον
380 3196 444 3276 τὸν
461 3197 616 3299 Ἰσραὴλ
642 3200 699 3276 καὶ
726 3199 789 3296 τῆς
813 3195 967 3305 ἐννόμῳ
992 3199 1216 3297 δικαιοσύνης
1235 3232 1330 3300 παρ·

139 3319 250 3426 ἔδειξε
284 3316 349 3417 τὴν
379 3317 474 3414 ὁδὸν,
500 3320 584 3398 ἀλλ’
598 3317 643 3418 ἦν
674 3317 905 3427 ἰσχνόφωνος
936 3325 994 3401 καὶ
1024 3322 1330 3423 βραδύγλωσσος·

140 3441 200 3522 διὰ
231 3449 337 3521 τοῦτο
369 3438 535 3544 γνωστὸς
562 3438 607 3540 ἦν
636 3439 679 3521 τὸ
707 3441 870 3541 τηνικάδε
904 3451 975 3528 τοῖς
1008 3443 1099 3524 κατὰ
1128 3441 1241 3545 μόνην
1269 3442 1334 3543 τὴν
1346 3483 1385 3530 οε.
1398 3479 1466 3530 lxxv.
1479 3495 1501 3528 ι.

139 3566 314 3644 Ἰουδαίαν
334 3567 353 3644 6
378 3571 451 3644 τῶν
469 3564 567 3644 ὅλων
584 3564 690 3662 Θεὸς,
712 3567 769 3644 καὶ
796 3564 867 3645 ἀπὸ
887 3565 968 3646 Δάν
988 3570 1046 3645 καὶ
1071 3566 1134 3650 ἕως
1154 3565 1334 3669 Βιρσαθεὲ

81 3729 97 3768 α
104 3723 125 3785 5
140 3690 199 3768 καὶ
226 3696 390 3786 ποταμοῦ
417 3691 477 3767 καὶ
504 3685 713 3787 θαλάσσης·
744 3686 819 3790 ὅροι
841 3687 912 3790 γάρ
942 3689 1038 3768 οὗτοι
1066 3693 1129 3788 τῆς
1153 3691 1336 3770 Ἰουδαίων

140 3815 220 3912 γῆς·
250 3812 345 3913 με’γα
374 3846 412 3890 τε
442 3809 487 3911 ἦν
514 3813 573 3891 καὶ
600 3810 876 3913 γνωριμώτατον
903 3810 948 3890 τὸ
974 3810 1086 3909 ὄνομα
1114 3813 1235 3891 αὑτοῦ.
1277 3815 1335 3892 καὶ
1347 3841 1386 3888 lb.

139 3942 246 4015 τοῦτο
264 3933 383 4014 ίδων
367 3967 387 4013 ο
405 3931 594 4039 προφήτης
613 3935 745 4013 Δαυειδ
769 3932 910 4039 ψάλλει
936 3968 1008 4014 που
1036 3969 1094 4013 και
1088 3935 1216 4037 φησι
1244 3933 1335 4037 πρὸς

139 4055 248 4138 αὐτὸν
265 4061 346 4160 περὶ
371 4064 442 4137 τῶν
464 4057 509 4164 ἐξ
533 4054 686 4159 Ἰσραήλ
706 4066 727 4102 “
738 4051 931 4154 ’Ἄμπελον
949 4056 994 4162 ἐξ
1009 4056 1196 4158 Αἰγύπτου
1222 4061 1329 4157 μετῆ·
1346 4077 1387 4126 Ps
1399 4077 1476 4126 lxxix

139 4191 162 4227 “
180 4214 257 4283 ρος,
275 4179 445 4287 ἐξέβαλες
465 4181 549 4280 εθνη
567 4214 626 4258 και
613 4178 981 4284 κατεφύτευσας’
940 4177 1083 4280 αυιήν·”
1111 4157 1371 4282 προσεπάγει9

82 4333 126 4394 30
139 4304 178 4384 δε
196 4302 343 4401 τούτοις,
360 4337 511 4409 ποταμερ
493 4299 706 4408 Εὐφράτῃ
732 4337 790 4382 και
816 4299 888 4401 μὴν
907 4337 964 4382 και
952 4301 1222 4410 θαλάσση
1178 4336 1223 4408 τη
1245 4301 1335 4406 πρὸς

176 4515 203 4569 8.
221 4515 313 4568 ίουτοῦ
326 4511 373 4568 Cr.
490 4529 530 4569 ιο.
549 4514 670 4583 δμοίωτοι
684 4512 730 4568 Cr.
786 4577 791 4588 ⁶
838 4530 880 4569 ιο.
900 4532 950 4570 ος.
965 4514 1010 4569 sol.
1026 4513 1076 4586 258
1090 4532 1115 4568 v.
1129 4513 1335 4585 ηυὶδρακιίριοι

138 4584 168 4641 δι’
180 4583 305 4656 κύριλλος
316 4583 469 4655 praemittit.

695 4690 808 4757 3¹⁶2.
