3274 5140
130 349 221 414 xviii.
235 350 353 437 37,38.
409 351 466 416 IN
498 351 809 418 S.JOANNEM.
855 351 952 418 LIB.
976 351 1056 417 XII.
1287 349 1329 412 55

1343 484 1500 544 81089A.

241 563 338 636 Εἶπεν
365 566 422 637 οὗν
450 571 581 656 αὒτῷὁ
607 573 749 639 Πιλάτοο
776 571 903 638 Οὐκοῦν
931 568 1080 649 βασιλεὺς
1107 560 1138 633 εἴ
1163 568 1221 649 οὐ,
1344 604 1383 669 37

179 737 383 841 Ἔγκλημα
401 751 553 824 ποιεῖται
571 743 664 824 κατὰ
683 749 848 847 Χριστοῦ
866 741 1132 842 τὴνάλήθειαν.
1171 738 1330 824 ἀκοόσας

1214 864 1224 894 λ
1270 863 1288 894 2

128 864 168 943 δὲ
187 864 242 944 ότι
256 875 279 912 “
290 868 341 945 Ἡ
360 865 428 967 ε’μὴ
446 871 618 962 βασιλεία
637 870 700 948 οὐκ
719 867 819 948 ἔστιν
836 867 1031 960 ἐντεῦθεν,”
1044 864 1163 972 φόβου
1181 898 1246 963 μεν
1260 866 1329 964 ηδη
1375 894 1457 959 ευριπ

128 997 196 1067 τοῦ
222 987 315 1069 κατά
340 987 406 1090 τὴν
428 990 603 1094 ἀνταρσιν
625 990 910 1072 ἀπαλλάττεται·
943 991 1071 1090 ἵστησι
1095 992 1129 1069 δ’
1149 991 1212 1069 οὖν
1234 987 1330 1085 όμως
1374 959 1476 1022 ver.36.

96 1117 180 1198 5είς
214 1114 412 1215 ὁμολογίαν
440 1123 505 1195 τοῦ
536 1113 760 1219 πράγματος,
788 1118 846 1196 καὶ
882 1120 930 1199 εἷς
967 1113 1194 1215 ἐγκλήματος
1226 1110 1329 1215 ὁρίζει

130 1236 282 1334 δυ’ναμιν
314 1235 356 1317 τό
390 1242 447 1319 καὶ
479 1239 574 1322 όλως
607 1247 724 1337 εἰπεῖν,
755 1238 810 1319 ότι
840 1240 1034 1332 βασιλείαν
1066 1237 1148 1342 ἔχει,
1181 1233 1248 1316 κάν
1279 1235 1330 1336 μὴ

130 1361 287 1462 ἐπίγειον
317 1357 405 1440 εἶναι
443 1361 709 1466 διισχυρίζηται.
763 1362 995 1443 συνελαύνων
1027 1362 1091 1440 οὖν
1121 1358 1245 1463 ὥσπερ
1282 1366 1331 1444 εἰς

129 1491 239 1564 τοῦτο
262 1483 326 1564 τὸν
343 1486 490 1585 Ἰησοῦν
508 1483 821 1589 Συνωμολόγηκας
838 1485 918 1586 ἤδη,
937 1488 1064 1592 φησὶν,
1083 1483 1137 1565 ότι
1155 1483 1332 1580 βασιλεὺς

129 1604 164 1687 εἷ
183 1607 245 1689 σά.

80 1825 305 1914 ῘοἈτιεκρίθιι
331 1827 421 1912 αότῴ
443 1828 461 1892 ό
480 1827 608 1902 Ἰκοοῦο
631 1827 677 1892 Σὺ
702 1831 806 1902 λὲτειο
830 1829 880 1894 ότι
906 1826 1055 1905 βασιλεύς.
1080 1822 1156 1901 εἰμι.
1191 1824 1257 1900 ἒτὼ
1283 1821 1366 1890 εἰσὶ)

182 1958 279 2019 τοῦτο
307 1953 496 2029 τεςέννιιμαι
524 1951 577 2018 καί
603 1949 649 2018 εἰς
676 1959 774 2019 τοῦτο
799 1953 943 2020 ἐλήλυθα
971 1949 1017 2017 εἰς
1044 1949 1101 2018 τόν
1127 1951 1258 2030 κόομον,
1276 1950 1329 2015 ἵνα

182 2079 384 2167 μαρτυρήσω
410 2084 449 2168 τῇ
478 2078 626 2170 ἀληθείη,
670 2085 734 2145 mic
762 2081 779 2147 ὁ
807 2079 853 2144 ὢν
880 2078 917 2144 ἐκ
945 2086 1002 2144 τλε
1031 2075 1187 2142 όλκθείαο
1216 2074 1330 2140 ἀκούει

182 2223 244 2278 μου
271 2209 330 2268 τῆς
357 2205 485 2288 φωνιῖι.
521 2205 607 2277 λὲτει
633 2203 724 2288 αὐτῷ
750 2202 769 2268 ό
795 2203 936 2267 Πιλάτοι
960 2200 1000 2265 Τί
1025 2201 1113 2268 ἐστιν
1136 2198 1296 2279 ἀλήθεια,
1344 2210 1382 2283 38

188 2374 270 2453 Οόκ
292 2375 447 2476 ἀρνεῖται
473 2378 537 2473 τῆς
562 2376 688 2455 ἑαυτοῦ
712 2377 905 2470 βασιλείας
930 2370 995 2468 τὴν
1013 2370 1135 2478 δόξαν,
1154 2368 1234 2449 οὐδὲ
1252 2375 1329 2452 ταῖς

79 2517 116 2578 ¹5
130 2504 196 2576 τοῦ
216 2497 381 2578 Πιλάτου
402 2503 540 2606 φωναῖς
564 2498 730 2595 ἀπονέμει
754 2497 879 2597 μόναις
904 2495 970 2595 τὴν
989 2498 1048 2575 ε’πὶ
1065 2494 1180 2602 τοότερ
1197 2495 1325 2590 βεβαί-

130 2651 236 2699 ωσιν·
277 2617 456 2715 βασιλεὺς
474 2621 547 2724 γάρ
565 2623 676 2718 ἐστιν,
696 2625 744 2705 ὡς
762 2620 865 2719 Θεὸς,
885 2623 943 2700 καὶ
965 2625 993 2699 εἰ
1017 2617 1067 2717 μή
1086 2651 1140 2702 τις
1157 2616 1329 2713 βούλοιτο

129 2743 251 2847 τυχόν·
281 2742 366 2822 ἀλλ’
385 2743 495 2851 ἔδειξε
513 2744 628 2824 πάλιν
644 2749 708 2844 τῆς
726 2745 896 2844 ἀληθείας
920 2739 987 2842 τὴν
1005 2742 1165 2840 δύναμιν,
1184 2742 1244 2820 καὶ
1262 2741 1329 2845 οὐχ

130 2865 257 2946 ἑκόντα
290 2867 456 2948 Πιλάτον
487 2868 748 2967 ἀναπειθούαης
780 2873 889 2948 εἰπεῖν
919 2875 983 2947 τοῦ
1020 2865 1226 2969 κρινομένου
1262 2862 1329 2963 τὴν

130 2989 256 3095 δόξαν·
286 2987 329 3070 τδ
356 2991 427 3095 γὰρ
455 2991 605 3094 εἴρηκας,
629 2995 755 3097 φησὶν,
778 2991 825 3072 ότι
852 2989 1023 3086 βασιλεύς
1052 2997 1120 3097 εἰμι
1149 2987 1229 3092 ἕγά.
1271 2984 1359 3068 διάο

77 3140 116 3180 ²0
129 3147 172 3214 γε
195 3148 251 3194 τοι
275 3117 367 3195 τιὸτι
391 3115 633 3218 γεγεννῆσθαί
651 3150 690 3195 τε
716 3118 774 3194 καὶ
798 3114 992 3220 ἀφικέσθαι
1015 3115 1131 3220 φησὶν
1155 3121 1202 3199 εἰς
1226 3109 1328 3193 τόνδε

129 3236 296 3337 δηλονότι
322 3237 374 3318 τδι
393 3236 526 3345 κόσμοι,
546 3238 605 3319 ότε
628 3238 774 3340 γε’γονεν
792 3238 991 3341 ἅνθρωπος,
1007 3236 1063 3316 ’ίνα
1081 3237 1272 3342 μαρτυρήσῃ
1290 3271 1327 3342 τη

127 3358 280 3470 ἀληθεία,
304 3362 500 3459 τουτέστιν,
522 3361 580 3441 ἵνα
608 3371 671 3442 τοῦ
699 3359 840 3461 κόσμου
867 3359 909 3441 τό
937 3365 1072 3467 ψεῦδος
1098 3358 1244 3467 ἐξελὼν,
1268 3360 1327 3437 καὶ

127 3483 193 3563 τόν
217 3485 262 3590 ἐξ
282 3484 422 3585 ἀπάτης
446 3484 721 3589 τυραννήσαντα
749 3484 1005 3592 καταστρέψας
1030 3485 1192 3583 δαίμονα,
1209 3490 1322 3577 βασι-

128 3607 310 3688 λεύουσαν
336 3614 409 3687 τῶν
437 3607 535 3689 όλων
562 3609 720 3717 ἐπιδείξῃ
747 3606 813 3708 την
841 3607 1026 3709 ἀλήθειαν,
1056 3606 1233 3706 τουτέστι,
1260 3605 1328 3706 τὴν

76 3757 114 3818 25
127 3733 273 3830 ἀληθῶς
291 3766 330 3811 τε
349 3735 408 3812 καὶ
427 3738 591 3838 φυσικῶς
607 3732 785 3828 βασιλίδα
805 3735 928 3839 φύσιν,
948 3729 971 3838 ᾖ
996 3735 1055 3812 καὶ
1074 3731 1117 3812 τό
1136 3730 1326 3837 κατάρχειν

127 3854 304 3934 δύνασθαι
323 3858 382 3935 καὶ
400 3863 540 3958 κρατεῖν
559 3857 711 3957 οὐρανοῦ
729 3891 768 3936 τε
787 3860 845 3936 καὶ
871 3862 938 3959 γῆς
962 3860 1020 3938 καὶ
1044 3854 1179 3938 παντός
1202 3855 1322 3960 ἀπαξ-

125 3986 254 4063 απλῶς
285 3988 349 4060 τοῦ
380 3980 640 4084 παροισθέντος
668 3986 717 4065 εἷς
756 3981 908 4084 γένεσιν,
946 3981 1009 4061 οὐκ
1046 3983 1085 4060 ἐκ
1115 3978 1326 4084 πλεονεξίας

123 4101 352 4204 πεπόρισται,
372 4104 457 4183 ἀλλ’
482 4102 563 4184 οὐδὲ
591 4102 745 4185 ἐπακτόν
771 4140 794 4205 η
823 4104 966 4211 ἔξωθεν,
990 4105 1172 4184 οὖσιωδῶς
1200 4100 1238 4181 δέ
1267 4103 1325 4181 καὶ

124 4234 291 4334 φυσικῶς
315 4228 518 4332 ἐνυπάρχον
541 4227 717 4334 φαίνεται.
756 4227 814 4308 ἵνα
839 4228 877 4308 δὲ
901 4226 1015 4308 πάλιν
1037 4224 1208 4332 ἀποφήνῃ
1231 4230 1361 4329 Χρι-ιί

70 4382 110 4441 30
123 4349 214 4436 στὸς
239 4349 294 4431 ότι
319 4354 383 4450 τῆς
407 4349 572 4431 Πιλάτου
599 4349 791 4452 δυσηκοΐας
819 4351 883 4432 οὐκ
909 4348 1067 4452 ἠγνόησε
1093 4349 1135 4430 τὸ
1160 4347 1325 4454 σκληρόν

341 4587 382 4637 24.
401 4569 553 4639 ιῄόληθείη
567 4569 599 4624 E.
1014 4566 1058 4624 26.
1077 4590 1104 4622 τε
1118 4586 1171 4623 om.
1185 4568 1217 4623 Ε.
