3278 5130
149 465 291 531 [¹14M·]

312 355 378 422 394
465 355 715 423 B.CYRII1L1
740 357 1006 423 ALEXANDR.
1030 358 1314 424 FRAGMENTA
1408 357 1445 422 ii.
1465 377 1518 436 14.

359 522 371 550 Ν
434 520 443 545 D

314 553 372 598 και
401 518 506 603 αυτὸς
535 522 554 599 ὁ
585 518 795 621 Μονογειὴς
822 529 886 601 τοῦ
913 526 1010 602 Θεοῦ
1028 519 1147 624 Λόγος
1175 521 1246 625 ζωὴ
1276 519 1368 601 κατὰ
1395 519 1521 624 φιίσιν

272 711 275 718 .
314 641 484 747 ὑπάρχων
515 644 669 747 μετέσχε
701 649 774 722 τῶν
803 644 919 724 αὑτῶν
946 647 1004 724 καὶ
1036 645 1078 724 οὑ
1109 645 1192 725 καθ’
1222 645 1343 748 ἕτερον
1368 640 1514 746 τρόπον

313 766 414 845 ἀλλὰ
443 769 708 868 παραπλησίως
735 766 794 846 ἵνα
824 766 1036 874 καταργήσῃ
1064 767 1128 849 τὸν
1154 766 1196 850 τό
1224 767 1352 872 κράτος
1379 767 1520 872 ἔχοντα

313 896 377 968 τοῦ
404 889 568 971 θανάτου.

369 1010 516 1112 Ἐπειδὴ
549 1011 621 1117 γὰρ
654 1016 721 1119 οὑχ
756 1015 880 1119 ἑτέρως
908 1012 953 1113 ἦν
981 1014 1158 1096 δύνασθαι
1194 1015 1237 1094 τὸ
1273 1012 1413 1122 θανάτῳ
1450 1016 1555 1096 καὶὸ

313 1137 436 1242 φθορᾷ
460 1139 519 1215 καὶ
543 1137 700 1245 ἁμαρτίᾳ
724 1139 987 1243 κατισχημένον
1005 1139 1281 1242 ἀνακομίζεσθαι
1302 1136 1393 1240 πρὸς
1410 1134 1454 1216 τῦ
1472 1140 1520 1216 ἐν

313 1260 439 1362 ἀρχαῖς
463 1256 633 1359 πλὴνότι
659 1260 718 1340 διὰ
742 1263 853 1359 μόνον
871 1265 1046 1364 Χριστοῦ,
1065 1266 1129 1361 τῆς
1147 1259 1448 1365 ένανθρωπήσεως
1465 1260 1519 1339 τὸ

312 1382 511 1483 μυστήριον
529 1387 578 1467 ὡς
601 1386 639 1464 ἐν
656 1389 767 1492 καιρῷ
790 1382 982 1484 καθήκοντι
1005 1392 1238 1487 πληροῦσθαι
1263 1380 1392 1464 λοιπὸν
1408 1418 1516 1484 παρ-

313 1504 432 1585 εκάλει
450 1506 569 1608 λέγων
588 1509 607 1586 ὁ
627 1506 798 1610 μακάριος
815 1509 949 1587 Δαυείδ
967 1517 988 1554 “
996 1504 1078 1586 Ἵνα
1095 1509 1140 1605 τί,
1163 1509 1282 1610 Κύριε,
1301 1507 1520 1613 ἀφέστηκας

314 1637 335 1674 “
353 1626 545 1732 μακρόθεν,
577 1633 750 1737 ὑπερορᾷς
773 1633 811 1710 ἐν
832 1632 1022 1733 εὐκαιρίαις.
1047 1634 1084 1711 έν
1112 1631 1315 1736 θλίφεσι;”
1343 1630 1518 1734 ταὺτητοι
1535 1665 1575 1706 10

313 1752 548 1852 Ἐμμανουὴλ
562 1753 742 1854 κέκληται
774 1755 815 1834 οῦ
834 1752 905 1857 γὰρ
924 1755 1128 1858 ἀφέστηκεν
1146 1755 1196 1835 ἔτι
1213 1751 1391 1857 μακρόθεν
1409 1753 1519 1833 ἀλλὰ

314 1873 357 1972 δὴ
376 1876 523 1977 γέγονεν
544 1876 763 1980 ε’γγιίστερον
779 1877 858 1977 μεθ’
879 1878 979 1977 ἡμῶν
996 1878 1185 1980 ἅνθρωπος
1203 1877 1370 1984 πεφηνὼς
1398 1879 1419 1956 ὁ
1445 1887 1518 1956 τοῦ

314 2003 411 2077 θεοῦ
429 1997 561 2100 Λόγος.
601 2003 856 2108 παραπλησίως
881 1998 954 2104 γάρ
977 2000 1061 2100 ἡμῖν
1085 2000 1247 2108 μετέσχεν
1270 2000 1421 2107 α’ίματος
1448 2011 1517 2080 καὶ

314 2123 453 2230 ταρκῦς,
482 2122 600 2224 ἐπειδὴ
629 2123 771 2232 θανάτῳ
804 2128 862 2204 καί
892 2130 1014 2231 φθορᾷ
1045 2123 1254 2228 κεκράτηται
1284 2121 1326 2204 τῦ
1355 2126 1412 2205 ἐπὶ
1443 2128 1518 2225 γῆς

314 2248 415 2346 γένος
433 2244 617 2328 τουτέστιν
635 2249 655 2326 ὁ
681 2248 878 2350 ἅνθρωπος,
896 2251 956 2327 καὶ
980 2253 1031 2356 τῷ
1050 2253 1133 2355 Θεῷ
1160 2255 1212 2355 τῷ
1235 2246 1382 2329 πάντων
1398 2244 1514 2327 ε’δόκει
1533 2274 1573 2334 15

314 2368 372 2447 διὰ
390 2366 535 2469 πολλὴν
553 2368 753 2472 ἡμερότητα
775 2374 833 2450 καὶ
851 2372 1127 2474 φιλανθρωπίαν
1145 2383 1166 2420 “
1179 2370 1513 2476 ἀνακεφαλαιώσα-

314 2503 336 2539 “
354 2499 442 2573 σθαι
460 2491 506 2571 τὰ
523 2493 643 2573 πάντα
659 2496 697 2573 ἐν
714 2496 765 2602 τῷ
784 2500 937 2601 Χριστῷ
945 2501 966 2532 ”
985 2494 1043 2574 ’ίνα
1070 2494 1200 2575 λοιπὸν
1217 2495 1377 2597 άτονήση
1395 2493 1514 2572 θάνα·

314 2648 373 2698 τος
406 2619 464 2694 καὶ
492 2619 539 2698 ὡς
567 2619 604 2696 ἐν
630 2617 762 2725 πρώτῳ
790 2625 842 2725 τῷ
870 2621 1022 2725 Χριστῷ
1048 2625 1277 2722 παραχωρῶν
1308 2619 1515 2722 εὑρίσκηται

314 2743 365 2846 τῷ
384 2745 483 2817 νικῦιν
501 2745 574 2822 τοῖς
592 2741 759 2840 ἐπιγείοις
776 2741 959 2839 σώμασιν.

371 2863 479 2941 Οὕτω
496 2859 567 2965 γὰρ
587 2864 679 2942 οῦτω
698 2868 746 2947 είς
766 2860 862 2943 ἅπαν
880 2864 980 2963 ἡμῶν
998 2861 1041 2943 τῦ
1062 2865 1164 2965 γένος
1181 2863 1203 2963 ἡ
1222 2866 1286 2962 τῆς
1305 2865 1515 2970 ἀφθαρσίας
1529 2897 1574 2937 ²0

315 2983 461 3083 δύναμις
489 2983 746 3086 κατευρὺνεται,
764 2988 823 3066 καὶ
849 2986 1074 3067 πιστοίσεται
1101 2985 1254 3092 γράφων
1274 2989 1294 3066 ὁ
1317 2985 1515 3073 θεσπέσιος

318 3113 466 3192 Παῦλος
489 3118 512 3154 “
525 3107 673 3208 Ἐπειδὴ
701 3108 744 3188 δι’
771 3109 961 3213 άνθριίποο
990 3109 1141 3194 θάνατος
1168 3113 1228 3189 καὶ
1255 3112 1297 3190 δι’
1322 3109 1516 3212 άνθριόποιι

317 3241 338 3278 “
358 3231 557 3314 ἀνάστασις
589 3238 761 3333 νεκρῶν.”
808 3232 875 3312 ἔδει
910 3231 982 3335 γὰρ
1012 3233 1080 3312 ἔδει
1113 3231 1155 3313 τῦ
1191 3232 1369 3318 πεπονθός
1401 3239 1512 3337 θερα-

315 3349 487 3431 σεύεσθαι
520 3356 578 3432 καὶ
611 3353 670 3433 διὰ
706 3360 769 3451 τῆς
806 3360 858 3462 τῷ
889 3353 1032 3464 θανάτῳ
1064 3356 1344 3458 τυραννουμένης
1374 3355 1514 3460 σαρκὸς

316 3481 573 3578 καταργεΐσθαι
605 3475 771 3557 θάνατον.
817 3479 942 3582 ὥσπερ
975 3478 1047 3582 γὰρ
1079 3480 1118 3558 έν
1148 3480 1270 3578 Ἀδὰμ
1299 3480 1509 3583 προσκροιί·
1530 3503 1572 3564 25

315 3630 420 3677 σασα
456 3598 515 3677 διὰ
552 3597 618 3699 τὴν
649 3599 861 3703 παράθασιν
892 3603 1076 3682 πέπτωκεν
1109 3601 1178 3683 ὑπὸ
1212 3602 1368 3682 θάνατον
1400 3605 1514 3688 οὕτως

316 3719 435 3819 ἐπειδὴ
463 3722 607 3824 γέγονεν
634 3720 816 3822 εὐδόκιμος
841 3726 879 3804 έν
901 3730 1055 3832 Χριστῷ
1082 3724 1140 3804 διὰ
1166 3724 1234 3825 τὴν
1251 3724 1421 3824 ὑπακοὴν,
1439 3733 1515 3805 τιῦν

315 3850 380 3922 τοῦ
405 3844 560 3925 θανάτου
583 3844 729 3950 βρόχων
747 3845 915 3953 ἐξὴρηται
940 3852 997 3928 καὶ
1023 3855 1096 3929 τῶν
1113 3848 1245 3928 ἐκείνου
1271 3846 1446 3946 δειμάτων
1463 3851 1515 3932 ὡς

182 4027 209 4053 .,
234 4027 239 4039 .
316 3965 370 4045 ἐπ’
386 3967 504 4051 αὑτοῖς
521 3969 812 4071 άνασκιρτιῦντας
825 3971 917 4069 ἡμᾶς
935 3971 1045 4050 έκεῖνο
1063 3977 1156 4066 βοῦν
1169 3981 1191 4018 “
1204 3976 1284 4050 Ποῦ
1301 4004 1363 4050 σοι
1382 3968 1514 4051 θάνατε

317 4100 338 4135 “
354 4087 396 4168 τῦ
424 4096 529 4187 νῖκος,
554 4099 624 4172 ποῦ
652 4125 723 4171 σον
751 4091 818 4198 ᾆδη
846 4092 888 4172 τὸ
917 4093 1061 4197 κέντρον
1074 4095 1104 4188 ;”
1145 4092 1216 4196 ζωὴ
1243 4093 1315 4197 γὰρ
1341 4092 1513 4199 ὑπάρχων
1530 4118 1573 4175 30

355 4373 377 4409 1.
396 4357 439 4409 καὶ
450 4357 526 4414 οῦτδς
537 4375 591 4413 om.
606 4359 676 4415 catt.
689 4370 740 4417 cet.
792 4378 818 4432 3.
830 4365 937 4431 ποριιπλ
955 4362 1129 4435 σίως]-Ι-ἦμῖν
1141 4365 1190 4436 (ita
1202 4363 1367 4435 desinentes)
1381 4363 1454 4419 catt.
1462 4373 1516 4421 oet

316 4421 342 4474 6.
362 4427 551 4496 κατεσχημένον
564 4429 610 4483 Cr.
717 4447 757 4484 12.
776 4385 1020 4558 οἶγίιστερονΞΒΑιιί
1031 4433 1190 4505 ε’γγῦστερον
1201 4445 1248 4492 aut
1260 4434 1337 4507 ι’γγιίτ
1348 4436 1377 4489 ιε’
1389 4433 1516 4490 exhibere

316 4491 422 4546 videtur
435 4495 502 4549 Cod.
515 4497 653 4568 ε’γγότερον
665 4500 770 4555 exhibet

317 4571 348 4612 ut
362 4560 465 4616 videtur
477 4586 526 4618 σου
998 4504 1132 4574 ἐξήρτητω
1148 4504 1194 4560 cr·
1305 4522 1348 4576 ²9·
1366 4503 1516 4576 legendum
