3294 5130
425 363 660 432 HOMILIAE
686 363 749 429 AD
775 363 1150 432 ALEXANDRINOS.
1326 369 1387 432 461

193 537 215 579 ει
233 527 272 610 δὲ
295 529 470 633 σιαγόνας
496 564 567 630 μου
587 533 636 614 εἰς
663 529 884 633 ῥαπίσματα,
904 527 945 608 τὸ
964 527 1002 608 δέ
1021 528 1221 634 πρόσωπον
1239 564 1308 628 μου
1327 531 1391 611 οὐκ
1405 463 1417 532 [
1430 463 1552 532 τουτο]

193 663 215 700 “
232 653 447 756 ἀπείττρεψα
469 652 541 734 ἀπὸ
564 651 737 756 αἰσχύνης
760 651 1054 751 ἐμπτυσμάτων,”
1077 651 1187 752 μηδὲν
1204 651 1311 733 αὐτὸν
1328 688 1393 734 πε-

191 775 359 856 πονθείιαι
385 782 434 861 εἰς
461 773 527 876 τὴν
554 777 683 855 οἰκείαν
711 774 826 882 φύσιν
851 773 1050 882 ὑπολάβῃς,
1073 776 1327 856 οἰκειώσασθαι
1354 776 1392 857 δέ
1428 793 1430 798 ’

193 905 338 996 μᾶλλον
355 908 419 980 τοῦ
441 901 530 980 ἰδίου
549 897 719 997 σώματος
742 897 806 982 τάς
831 895 1022 1002 μάστιγας·
1052 898 1094 978 οὗ
1116 883 1295 1001 γὰρ”ίδιόν
1313 902 1393 979 ἐστι

160 1020 236 1102 ὄτδ
265 1029 384 1120 σῶμα,
415 1022 529 1130 τούτῳ
563 1020 607 1100 ἂν
636 1019 775 1106 εἰκότως
807 1021 1085 1127 προσγράφοιτο
1116 1025 1174 1102 καί
1206 1021 1253 1102 τὰ
1285 1023 1393 1103 αὑτοῦ

192 1144 321 1243 πάντα,
339 1146 422 1251 δίχα
445 1145 555 1246 μόνης
581 1146 766 1247 ἁμαρτίας.
805 1145 933 1224 ου’κοῦν
950 1145 1135 1247 ἐπειδήπερ
1160 1145 1389 1246 ἐνανθρωπῆ-

193 1301 265 1351 σας
284 1266 329 1368 ἦν
347 1271 367 1348 ὁ
387 1269 517 1372 Λόγος,
536 1269 726 1368 μεμένηκεν
748 1266 813 1367 μὲν
832 1273 956 1352 θείκῶς
980 1268 1130 1360 ἀπαθής·
1160 1267 1392 1366 οἰκειούμενος

194 1390 233 1470 δέ
259 1393 459 1493 ἀναγκαίως
486 1391 532 1472 τὰ
559 1395 622 1489 τῆς
650 1394 776 1471 ἐαυτοῦ
802 1390 949 1493 σαρκὸς,
977 1397 1104 1470 παθεῖν
1131 1390 1273 1492 λε’γεται
1301 1391 1392 1472 κατὰ

194 1510 325 1616 σάρκα,
355 1515 468 1594 καίτοι
501 1523 564 1596 τοῦ
593 1520 721 1595 παθεῖν
752 1516 968 1617 ἀπείραστος
1001 1513 1061 1612 ὧν,
1094 1515 1176 1594 καθ’
1211 1512 1231 1593 δ
1265 1522 1392 1595 νοεῖται

140 1673 182 1714 ιο
197 1636 298 1721 Θεάς.
335 1638 400 1717 οὐκ
417 1640 601 1718 ἐννοοῦσιν
620 1637 683 1717 οὖν
707 1635 762 1716 δτι
789 1635 976 1740 τετήρηται
999 1636 1064 1738 μέν
1081 1634 1124 1717 τὸ
1144 1635 1278 1721 ἀπαθὲς
1297 1638 1393 1746 αὐτῷ

195 1762 278 1839 καθ’
309 1757 329 1839 δ
355 1761 447 1845 Θεός
478 1764 590 1858 ἐστιν,
618 1759 895 1866 προσγράφεται
925 1759 963 1842 δέ
991 1764 1049 1841 καί
1078 1757 1121 1840 τὸ
1149 1766 1276 1840 παθεῖν
1306 1759 1392 1863 ὑπὲρ

195 1884 296 1982 ἡμῶν
332 1883 424 1965 κατοί
455 1882 585 1988 σάρκα,
614 1885 696 1964 καθ’
726 1883 747 1964 δ
776 1884 870 1968 Θεὸς
901 1882 952 1964 εἰν
982 1885 1091 1990 φύσει
1121 1883 1245 1985 γε’γονε
1278 1881 1391 1990 σοίρξ,

195 2007 272 2106 ἤτοι
304 2005 440 2092 τέλειος
468 2008 667 2112 ἅνθρωπος·
697 2009 751 2091 τίς
775 2007 848 2110 γάρ
874 2005 919 2107 ἦν
946 2009 967 2087 ὁ
997 2007 1115 2109 λέγων
1142 2006 1233 2110 πρὸς
1265 2007 1328 2088 τὸν
1355 2013 1394 2089 ἐν

196 2129 356 2231 οὐρανοῖς
371 2132 517 2235 Πατέρα
535 2135 593 2210 καί
608 2129 704 2211 Θεόν
724 2143 746 2178 “
761 2131 903 2211 Θυσίαν
918 2135 975 2211 καί
988 2128 1208 2236 προσφορὰν
1221 2132 1285 2210 οὐκ
1305 2132 1389 2232 ἠθέ·
1406 2153 1544 2203 Punit-

142 2290 183 2348 15
197 2262 219 2300 ‘⁵
235 2262 365 2352 λησας,
386 2261 497 2352 σῶμα
524 2253 561 2334 δέ
588 2253 792 2357 κατηρτίσω
819 2281 889 2354 μοι·
919 2255 1201 2351 ὁλοκαυτώματα
1227 2258 1285 2334 καί
1312 2221 1496 2358 mp17’8'9'

196 2385 220 2422 “
238 2376 409 2479 ἁμαρτίας
429 2378 494 2457 οὐκ
517 2375 705 2482 ἐζήτησας·
737 2377 817 2458 τότε
841 2375 941 2459 εἰπον
959 2375 1053 2457 Ἰδού
1069 2377 1144 2477 ἥκω
1162 2385 1225 2456 τοῦ
1244 2383 1394 2476 ποιῆσαι

196 2507 219 2546 “
237 2500 258 2578 ὀ
277 2497 371 2583 Θεὸς
396 2499 438 2581 τὸ
461 2499 604 2601 θέλημά
631 2503 751 2596 σον;”
781 2501 896 2605 ὁγὰρ
921 2502 990 2608 ἐξω
1014 2501 1184 2600 σώματος
1212 2503 1260 2585 ὡς
1285 2501 1391 2598 Θεὸς,

197 2622 309 2730 ἐαυτῷ
327 2631 436 2722 σῶμα
454 2626 689 2728 κατηρτίσθαι
707 2627 835 2733 φησίν,
849 2625 907 2705 ἵνα
925 2633 1031 2706 τοῦτο
1049 2624 1137 2727 ύπέρ
1155 2625 1256 2724 ἡμῶν
1275 2659 1393 2728 προσ-

196 2747 351 2846 ενέγκας,
368 2753 420 2855 τῷ
443 2748 520 2856 ἰδίῳ
542 2746 697 2848 μώλωπι
721 2747 859 2834 πάντας
876 2749 968 2848 ἡμᾶς
985 2749 1199 2854 θεραπεύσῃ,
1219 2747 1309 2828 κατὰ
1327 2747 1393 2849 τὴν
1405 2785 1449 2837 Ea.
1460 2785 1504 2836 ιη’,
1517 2798 1541 2850 5·

141 2905 183 2947 αα
197 2877 261 2950 τοῦ
278 2869 466 2977 προφήτου
485 2872 621 2980 φωνήν.

772 3073 818 3152 V.
1405 3093 1536 3150 ιοοοο.

251 3239 522 3338 Ἀνοηταίνουσι
550 3237 587 3319 δέ
616 3239 674 3318 καί
702 3242 735 3317 οἰ
763 3237 929 3341 λε’γοντες
950 3235 1013 3318 τὸν
1030 3234 1121 3318 Υἰίιν
1143 3237 1317 3342 ἕτεροφυᾶ
1335 3241 1561 3332 καίοΜεῑοιοι.

196 3360 391 3464 ἀλλότριον
410 3366 473 3460 τῆς
497 3370 561 3442 τοῦ
581 3367 675 3441 Θεοῦ
700 3364 758 3440 καί
778 3359 922 3464 Πατρδς
946 3362 1082 3446 οὐσίας·
1114 3361 1297 3466 ἀμήχανον
1322 3361 1393 3466 γοίρ

196 3485 260 3564 τὸν
278 3487 317 3564 ἐκ
337 3490 431 3565 Θεοῦ
453 3483 545 3564 κατὰ
570 3484 694 3590 φύσιν,
713 3483 860 3565 κτιστδν
878 3481 965 3565 εἰναι
993 3487 1050 3565 καί
1074 3485 1234 3588 γενητόν·
1265 3492 1293 3566 εἰ
1321 3485 1393 3590 γὰρ

139 3659 156 3698 2
161 3651 181 3711 5
196 3616 270 3690 πᾶν
293 3607 313 3688 ἰι
338 3608 473 3711 πέφυκε
500 3609 639 3706 τίκτειν,
658 3608 850 3707 ὀμοούσιον
875 3611 987 3716 ἐαυτῷ
1014 3615 1131 3715 γεννᾷ,
1150 3608 1336 3710 γεγέννηκε
1355 3609 1393 3690 δέ

196 3730 289 3813 κατὰ
315 3729 485 3832 ἀλήθειαν
508 3730 572 3810 τὸν
589 3731 680 3811 Υἰὸν
703 3733 724 3809 ὁ
751 3729 890 3832 Πατὴρ,
907 3729 1048 3816 πάντως
1075 3767 1146 3813 που
1173 3735 1232 3812 καί
1259 3733 1388 3831 ὁμοού-

195 3890 279 3935 σιον
297 3856 409 3962 ἐαυτῷ
426 3855 646 3957 γεγέννηκεν.
677 3851 700 3955 ἰ)
719 3852 791 3955 γοίρ
810 3855 873 3932 ούκ
895 3853 1030 3935 άτοπον
1048 3855 1092 3961 ἐξ
1115 3854 1304 3956 ἀνθρώπου
1328 3856 1393 3955 μέν

196 3979 263 4084 οὐχ
280 3976 463 4080 ἑτεροειδὲς
481 3979 664 4058 τίκτεσθαι
683 3977 782 4084 ζῷον,
802 3979 860 4055 καί
881 3975 952 4074 μὴν
970 3979 1009 4057 ἐκ
1026 3977 1113 4074 βοός
1131 4011 1173 4080 γε
1193 3979 1251 4056 καί
1269 3978 1391 4058 ἵππου·

224 4101 234 4130 Ι

194 4133 303 4181 τικτει
331 4099 402 4203 γὰρ
426 4099 580 4181 ἕκαστον
604 4100 646 4180 τὸ
664 4099 755 4181 κατὰ
779 4099 893 4208 φύσιν
915 4097 1037 4200 ὅμοιον
1054 4103 1176 4208 ἐαυτῷ·
1205 4098 1270 4199 τὴν
1289 4100 1333 4181 δέ
1350 4135 1392 4203 γε

196 4299 457 4422 0dsd.replqypeffspofro
472 4297 533 4422 (ιίςΜ)
547 4316 571 4381 α.
632 4367 687 4423 ΝῚ(
740 4314 784 4423 23
802 4297 878 4422 Οιὲγο
891 4306 1040 4423 ιεηοροῑγιι
1053 4297 1231 4422 ῌοωῦἰοόοζαι
1244 4297 1393 4422 ἰτεραιὲοιι

197 4377 506 4492 οὲιίἰοίθιίἓίθιίἰ
534 4386 644 4493 m
659 4377 1393 4502 1,5311320252:¹2d22¹322310015212055¹¹2023215¹3

196 4507 317 4576 tignum,
330 4525 391 4563 cum
411 4507 517 4563 uecod.
554 4509 842 4578 arisiensi,bsignanu.
881 4507 955 4563 Haec
967 4527 1000 4564 ex
1012 4509 1124 4564 mbsol.
1141 4526 1200 4563 τοι.
1286 4525 1328 4577 24.
1347 4510 1392 4564 οὐ·

197 4581 245 4633 τοῡ
257 4595 306 4648 pro
318 4575 382 4636 εἰναι
393 4526 440 4649 θυι
452 4577 529 4650 alibi)
541 4579 569 4634 b.
606 4578 701 4635 Statim
714 4581 756 4634 καὶ
767 4581 859 4636 omisit
870 4579 970 4635 Maius.
1050 4595 1094 4650 29.
1112 4578 1253 4650 absorpto
1264 4579 1353 4651 ὅμοιον
1364 4580 1392 4636 b.
1431 4651 1434 4666 Ι
