3304 5150
312 351 377 414 316
432 349 471 412 Β.
492 348 680 413 OYRILLI
704 349 969 414 ALEXANDR.
995 349 1278 416 FRAGMENTA
1321 371 1373 412 xv.
1387 360 1426 433 51
1441 369 1511 432 sqq.

144 452 288 608 ύοίίοξ]
315 515 501 610 στοῦ,“ε’ν
519 509 549 620 ᾦ
567 517 637 592 εἱσι
656 511 786 598 πάντες
800 519 832 592 οἱ
846 517 1020 618 θησαυροὶ
1037 519 1100 614 τῆς
1114 514 1250 621 σοφίας
1263 515 1321 593 καὶ
1340 510 1514 614 γνώσεως

202 646 338 719 81M.“
356 637 596 743 ἀπόκρυφοι.”
635 635 741 721 αύτὸς
768 637 838 740 γάρ
857 639 936 717 ἐστι
960 643 1108 718 καὶτῶν
1127 638 1277 718 ἔσεσθαι
1295 638 1511 739 προσδοκω-

316 761 431 858 μένων
450 759 633 854 διανομεύς
651 763 810 862 ἀγαθῶν·
845 760 950 846 αὐτὸς
967 761 1281 865 μεταστοιχεεώσει
1297 759 1363 859 τὴν
1381 759 1512 856 κτίσιν,

146 885 221 1000 ξῇω·
234 887 285 936 ’ῑῑῑ
317 885 375 962 καὶ
404 882 653 986 καινουργήσει
674 883 716 964 τὸ
740 884 899 984 σύμπαν,
918 890 976 966 καὶ
1005 885 1211 991 ἀπαλλάξει
1239 883 1435 966 “δουλείας
1462 889 1514 966 εἰς

316 1016 338 1052 “
357 1005 422 1104 τὴν
446 1008 648 1111 ἐλευθερίαν
673 1012 735 1107 τῆς
761 1006 870 1114 δόξης
891 1015 964 1088 τών
986 1009 1118 1090 τέκνων
1142 1017 1207 1088 τοῦ
1226 1008 1359 1090 θεοῦ.”
1397 1009 1457 1087 καὶ
1480 1011 1548 1092 είὸ

314 1136 428 1209 ταῦτα
445 1131 573 1229 ἀληθῆ,
586 1137 662 1214 πῶς
678 1133 745 1210 οὐκ
763 1131 831 1211 ἔδει
848 1131 967 1232 πάντη
984 1166 1023 1212 τε
1042 1136 1100 1212 καὶ
1118 1129 1261 1214 πάντως
1278 1165 1514 1234 συνκαινουρ-

317 1257 462 1354 γεῖσθαι
481 1260 526 1359 τῇ
545 1253 659 1334 κτίσει
678 1253 740 1334 τὸν
758 1253 801 1333 δι’
822 1252 864 1334 ὃν
877 1255 1037 1353 ἡκτίσις,
1053 1252 1197 1361 φημὶδέ
1215 1250 1278 1334 τάν
1296 1253 1511 1357 ἀνθρώπους

316 1375 385 1455 ἔδει
403 1378 461 1456 καὶ
475 1377 582 1457 αὑτὸν
596 1379 751 1480 ὁρᾶσθαι
770 1376 899 1474 καινὸν,
918 1379 958 1456 ού
977 1380 1098 1484 φθορᾷ
1115 1383 1161 1481 τῇ
1177 1376 1302 1481 πρώτη
1320 1378 1513 1481 τυραννού-

225 1601 228 1608 ⁴
315 1533 433 1598 μενον,
459 1502 500 1579 ού
527 1508 714 1604 σαρκικοῖς
739 1501 880 1600 ἡδοναῖς
908 1505 956 1584 είς
981 1500 1154 1603 ἁμαρτίας
1178 1499 1512 1600 πλεονεκτούμενον,

315 1624 550 1725 ἐγηγερμένον
567 1625 604 1704 δὲ
623 1632 770 1724 μᾶλλον
787 1627 825 1704 ἐν
843 1625 1032 1731 ἀφθαρσίᾳ
1056 1658 1094 1705 τε
1117 1629 1175 1704 καὶ
1197 1627 1235 1703 ἐν
1253 1624 1435 1730 εύσθενείηι
1452 1627 1511 1704 καὶ
1530 1659 1573 1700 10

315 1748 352 1824 ἐν
370 1753 457 1851 τιμῇ
472 1751 531 1826 καὶ
547 1749 625 1854 θείᾳ
642 1782 711 1827 τινι
729 1746 819 1854 δόξῃ
836 1749 1150 1851 περιεσταλμένον.
1185 1748 1256 1853 έφη
1274 1746 1345 1850 γάρ
1363 1782 1434 1828 που
1452 1753 1512 1828 καὶ

147 1889 189 1940 Es·
200 1888 262 1938 lviii·
273 1887 296 1937 8·
316 1870 336 1948 ὁ
359 1870 553 1955 θεσπέσιος
579 1869 739 1955 Ἡσαΐας
768 1883 789 1919 “
803 1875 874 1952 Καὶ
901 1869 1186 1975 προττορεύσεται
1212 1870 1416 1973 ἔμπροσθέν
1440 1905 1513 1952 σου

314 1993 378 2093 “vj
401 1993 607 2093 δικαιοσύνη
635 2028 716 2090 σου,
741 1997 799 2074 καὶ
825 1996 848 2093 ἡ
876 1994 967 2101 δόξα
994 2003 1058 2075 τοῦ
1077 2000 1173 2075 Θεοῦ
1197 2001 1405 2097 περιστελεῖ
1428 1995 1510 2075 σε·”

317 2121 374 2196 καὶ
411 2115 482 2215 μὴν
518 2120 576 2197 καὶ
606 2117 711 2202 αύτδς
743 2119 763 2196 ό
799 2119 930 2221 Κύριος
962 2118 1062 2217 ἡμῶν
1096 2120 1239 2217 Ἰησοῦς
1268 2121 1513 2216 διεβεβαιοῦτο

316 2245 457 2348 σαφῶς,
477 2244 524 2324 ὡς
543 2244 581 2320 ἐν
600 2243 710 2348 καιρῷ
738 2243 945 2326 συντελείας
973 2250 1037 2320 τοῦ
1061 2247 1187 2325 αίῶνος
1205 2242 1332 2322 τούτου
1350 2242 1507 2333 ἀναβιώ-
1530 2271 1569 2329 15

149 2383 214 2432 Dan·
226 2382 269 2432 xii.
281 2396 303 2444 οι
316 2398 443 2444 σονται
469 2363 535 2464 μὲν
552 2370 585 2444 οὶ
611 2370 735 2468 νεκροί,
762 2376 782 2411 “
798 2370 830 2443 οἱ
854 2365 968 2466 γεμὴν
985 2365 1164 2449 συνιέντες
1189 2364 1444 2472 ἐκλάμψουσιν
1463 2368 1514 2449 ὡς

317 2489 378 2586 “vj
401 2486 611 2591 λαμπρότης
636 2496 700 2567 τοῦ
725 2486 1008 2591 στερεώματος.”
1046 2486 1146 2587 πλὴν
1166 2488 1232 2592 οὐχ
1249 2485 1388 2567 ἅπασιν
1404 2489 1509 2568 ἀδια-

315 2613 441 2714 κρίτως
469 2613 491 2711 ἡ
518 2616 581 2711 τῆς
606 2617 750 2693 τοιᾶσδε
780 2614 883 2711 τιμῆς
913 2613 971 2691 καὶ
1000 2611 1108 2718 δόξης
1137 2613 1365 2714 προκείσεται
1394 2609 1511 2716 χάρις·

315 2735 442 2836 πρέποι
461 2738 490 2814 δ’
506 2733 550 2814 ἀν
566 2743 712 2835 μᾶλλον
723 2734 928 2835 ἀπολέγδην
946 2739 1018 2818 τοῖς
1037 2741 1109 2814 τῶν
1128 2734 1255 2814 ἀλλων
1269 2735 1510 2842 ἐξηρημείιοις,

149 2871 285 2986 {zamam
316 2858 349 2938 οί
371 2861 429 2938 καὶ
448 2858 660 2965 σύμμορφοι
685 2858 861 2962 γεγόνασι
887 2868 909 2905 “
923 2862 987 2958 τῆς
1004 2859 1137 2942 είκόνος
1151 2946 1154 2952 ,
1166 2865 1229 2938 τοῦ
1247 2863 1337 2938 Υίοῦ
1366 2859 1509 2938 αύτοῦ·”
1529 2895 1570 2935 ιο

166 2952 189 3003 9’
315 2983 581 3077 ἀναβιώσανται
608 2981 763 3085 μὲνγὰρ
791 2981 1085 3084 ὁμολογουμένως
1113 2982 1159 3062 τά
1186 2980 1333 3062 πάντων
1356 2981 1513 3078 σώματα

314 3111 360 3210 τῇ
388 3111 452 3205 τῆς
483 3107 691 3211 ἀφθαρσίας
720 3103 838 3210 χάριτι
868 3105 1181 3212 κατημφιασμένα,
1212 3104 1512 3210 ἀλλαχθησονται

315 3226 353 3307 δέ
382 3233 415 3307 οὐ
442 3229 579 3316 πάντες·
620 3228 705 3308 ἀλλ’
725 3235 758 3310 οὶ
785 3225 849 3327 μέν
874 3235 1009 3336 φαῦλοι
1035 3231 1278 3327 ἀπομενοῦσιν
1306 3232 1343 3309 ἐν
1370 3231 1421 3336 τῷ
1447 3232 1513 3329 τῆς

315 3351 456 3447 ἀτιμίας
482 3349 643 3454 σχήματι
672 3355 728 3432 ἐπὶ
755 3351 854 3459 μόνην
872 3356 923 3458 τῷ
953 3356 1080 3456 χρῆναι
1106 3349 1330 3453 κολάζεσθαι,
1348 3356 1381 3432 οἱ
1407 3352 1453 3432 δέ
1468 3387 1512 3454 γε

315 3473 441 3552 δίκαιοι
455 3472 755 3577 ἀλλαχθήσονται
771 3473 872 3574 μόνοι
890 3474 981 3576 πρὸς
999 3479 1050 3583 τῷ
1067 3480 1131 3574 τῆς
1149 3477 1356 3582 ἀφθαρσίας
1371 3477 1508 3584 ἀγαθῷ,
1528 3509 1568 3572 ²5

282 3585 285 3593 ’
316 3598 375 3675 καὶ
411 3601 474 3695 τῆς
512 3599 608 3682 θείας
645 3599 752 3704 δόξης
790 3597 1149 3698 καταπλουτήσαντες
1180 3599 1245 3697 τὴν
1275 3596 1508 3702 περιστολήν.

148 3741 256 3792 νόοιο.
267 3755 304 3792 21.
317 3718 422 3840 αύτὸς
440 3729 629 3825 τοιγαροῦν
647 3724 717 3829 ἰδίᾳ
736 3721 880 3820 δυνάμει
900 3724 957 3802 καὶ
977 3724 1133 3829 ἐνεργείᾳ
1153 3728 1343 3824 θεοπρεπεῖ
1362 3730 1384 3768 “
1398 3755 1509 3820 μετα·

317 3855 339 3892 ‘⁴
356 3848 575 3947 σχηματίσει
602 3843 643 3926 τὸ
666 3852 775 3944 σῶμα
799 3848 862 3943 τῆς
890 3844 1137 3928 ταπεινώσεως
1164 3845 1265 3944 ἡμῶν
1292 3843 1513 3953 σύμμορφον

317 3979 339 4015 “
358 3971 410 4075 τῷ
441 3969 584 4067 σώματι
616 3973 680 4068 τῆς
713 3968 821 4075 δόξης
850 3969 993 4048 αύτοῦ.”
1033 3975 1137 4048 ποῖον
1169 3968 1207 4047 δέ
1236 3966 1278 4048 τὸ
1310 3974 1419 4065 σῶμα
1447 3972 1512 4068 τῆς

317 4093 563 4177 ταπεινώσεως
590 4094 713 4192 ἡμῶν;
744 4096 841 4173 τουτὶ
869 4091 910 4171 τὸ
932 4093 971 4170 ἐκ
995 4096 1071 4194 γῆς,
1091 4089 1133 4171 τό
1156 4097 1208 4198 τῷ
1235 4091 1377 4201 θανάτῳ
1406 4124 1513 4192 κατη-
1527 4133 1569 4192 30

316 4217 500 4321 σχημένον
518 4218 558 4296 ἐκ
573 4221 635 4316 τῆς
654 4215 803 4321 ἀρχαίας
820 4217 951 4314 ἐκείνης
970 4218 1069 4319 ἀρᾶς,
1084 4215 1127 4316 ἢν
1147 4214 1298 4296 λέλυκεν
1315 4213 1513 4318 ὁΧριστδς

356 4521 380 4576 7.
398 4505 439 4576 δι’]
470 4504 530 4573 λλ.
765 4523 809 4577 30.
829 4505 1033 4578 κατησχημένον]
1050 4507 1090 4563 lta
1102 4517 1128 4563 et
1140 4509 1174 4562 A.
1187 4505 1377 4579 κατεσχημένον
1389 4505 1515 4564 emendat

319 4577 422 4646 Migne.
437 4577 471 4628 cf.
484 4594 564 4645 supra
577 4592 637 4645 302,
651 4593 676 4642 5.
689 4587 745 4631 not.
1081 4621 1084 4627 .
