3274 5262
173 383 314 422 aarum

212 549 271 604 923
286 546 339 612 51),
356 549 507 612 975-977,
523 545 556 602 Μ
573 548 622 610 20,
636 549 684 610 21,
699 547 747 610 23,

213 646 323 709 36·40,
354 643 390 700 iii.
414 647 484 709 552,
512 642 548 700 of.
569 642 604 700 M
621 645 658 700 32
688 642 748 699 siue

211 741 266 798 Dei
280 759 333 816 ope
348 742 490 816 impotens
505 743 564 798 976
579 740 665 799 bod.

170 839 266 896 Arbor
278 839 362 918 nobis
373 846 403 896 et
415 838 551 895 damnum
562 847 592 896 et
606 837 748 895 revocatio

214 938 330 994 10605.

170 1037 245 1092 Arca
272 1044 357 1112 typus
386 1036 512 1120 Christi;
545 1055 655 1101 aurum,
684 1036 749 1114 5515

210 1142 289 1191 totus
314 1133 455 1208 pretiosus
478 1141 539 1191 est:
571 1133 681 1210 lignum
706 1134 747 1190 in-

213 1231 403 1306 corruptibilis
417 1238 447 1288 et
461 1231 533 1306 legis
549 1231 748 1306 repositorium

212 1329 277 1403 5515
306 1328 429 1386 Carnem
457 1328 598 1386 inhabitat
622 1328 748 1386 Verbum

213 1428 269 1484 388
286 1426 330 1483 ab
356 1426 431 1483 intra
445 1425 539 1482 velum
553 1426 618 1500 5515
630 1426 750 1483 abscon-

212 1523 289 1580 ditus
308 1523 337 1580 iu
357 1541 442 1582 carne
463 1521 543 1580 Deus
563 1523 693 1582 Verbum
709 1524 747 1581 ib.

211 1619 257 1678 bo
284 1620 420 1697 populum
442 1621 587 1696 praeeedit
609 1621 676 1698 quia
696 1640 749 1679 nos

211 1720 272 1794 agit
287 1718 364 1776 Deua
384 1718 517 1776 Christus
530 1719 569 1776 ib.
585 1719 705 1778 6-389
720 1719 748 1775 6.

170 1816 269 1874 Ariani
298 1817 434 1874 haeretici
459 1819 495 1875 19
510 1816 539 1882 6,
563 1821 601 1875 20
616 1836 642 1882 5,
668 1821 706 1876 25
721 1836 747 1881 5,

212 1917 271 1972 496
285 1933 312 1981 5,
336 1917 393 1973 521
413 1932 438 1982 5,
461 1913 501 1972 111.
513 1915 584 1984 370,
598 1918 667 1980 371,
680 1919 747 1980 583,

210 2011 248 2069 of.
263 2011 302 2069 iii.
319 2015 389 2080 367,
406 2016 464 2070 375
495 2011 615 2069 Judaeis
637 2013 748 2088 pejores

214 2112 271 2168 178
283 2129 311 2167 5.

169 2206 262 2263 Aristi
275 2206 421 2264 confertur
435 2205 568 2264 Christus
586 2211 663 2266 1096
679 2208 705 2264 b.

170 2304 259 2360 Arma
273 2303 410 2379 spiritalia
424 2322 496 2379 quae
511 2303 542 2361 M
561 2308 628 2362 101.

170 2399 317 2459 Articulus
344 2401 559 2478 grammaticus,
581 2421 679 2460 verum
705 2421 748 2460 ee-

208 2500 396 2575 junctumqus
427 2499 529 2556 definit
557 2503 595 2558 39
611 2500 639 2568 6,
666 2504 705 2558 64
720 2500 748 2572 b,

147 2642 161 2664 .
212 2599 443 2664 683511095.

170 2695 310 2752 Α5555515
321 2695 428 2752 Christi
440 2693 541 2752 Carnis
555 2693 637 2751 nobis
652 2713 747 2753 ueces-

212 2791 317 2850 sarium
332 2791 413 2848 valde
429 2794 488 2850 916
504 2811 530 2848 5.

173 2889 303 2947 Ascetica
318 2889 378 2946 sine
392 2907 488 2945 amore
503 2889 574 2946 nihil
592 2893 651 2947 754
667 2891 747 2948 cde.

172 2987 310 3045 “Audire
322 2986 340 3009 '⁹
368 2986 404 3042 de
432 2986 495 3043 Deo
527 2986 643 3059 dictum,
678 2987 749 3047 scire

214 3087 274 3142 549
290 3103 315 3142 5.

170 3191 190 3216 ”
201 3181 310 3242 Audire
320 3181 337 3204 ''
349 3200 434 3258 saepe
446 3191 464 3214 ‘¹
474 3180 614 3240 obedire''
625 3186 684 3241 557
695 3185 747 3267 (15.

169 3279 307 3337 Auricula
320 3279 436 3336 ·dextra
469 3279 648 3356 sinistruque,
678 3301 749 3357 quae

216 3380 293 3436 1018
308 3377 363 3434 56.

446 3540 472 3596 Β

170 3675 367 3731 Β555155Λτι
382 3674 420 3738 15,
434 3672 622 3749 interrogatio
636 3675 747 3732 confes·

211 3771 309 3846 sinque
337 3769 450 3845 triplex,
479 3767 588 3826 Christi
617 3770 747 3846 exemplo

207 3868 335 3926 Ι11916
369 3866 511 3943 perlectos
539 3867 625 3924 efficit
651 3866 684 3924 M
710 3871 746 3925 61

213 3967 252 4040 [p.
265 3967 348 4039 279],
367 3965 404 4022 iii.
421 3968 480 4022 422
502 3964 631 4022 remissio
650 3983 748 4039 pecca-

210 4070 306 4119 torum
335 4060 367 4118 M
400 4064 433 4118 11
484 4062 643 4137 consepulti
684 4082 749 4120 oum

211 4159 329 4218 Christo
340 4159 484 4234 quomodo
495 4158 527 4216 M
540 4164 576 4219 12
600 4159 750 4236 Baptisma

210 4265 276 4334 post
289 4257 356 4314 fidei
371 4257 579 4316 confessionem
595 4258 626 4316 M
642 4263 688 4317 11.

170 4355 356 4432 Baptismutis
375 4355 562 4414 ministerium
580 4361 645 4414 πᾶσι
659 4381 747 4430 τεταγ-

210 4455 293 4526 μίνοις
321 4455 357 4511 ria
384 4455 524 4525 ἐπισκοπὴν
552 4455 694 4513 commisit
716 4455 747 4513 S.

212 4551 314 4609 Paulus
330 4551 362 4608 M
380 4555 427 4610 50.

581 363 743 421 INDEX
785 363 972 422 RERUM.

1314 365 1373 422 615

799 544 947 619 Baptisma
970 543 1000 600 in
1029 541 1084 602 SS.
1098 543 1267 601 Trinitatem
1292 547 1327 602 17
1349 563 1375 614 5,

841 645 919 709 935,
935 641 967 698 M
987 645 1023 699 10
1059 641 1159 700 sedet
1180 641 1209 697 in
1229 639 1377 700 Christum

841 738 874 795 M
896 742 942 797 10.

800 835 947 911 Baptiema
964 840 1020 893 147
1036 854 1060 902 5,
1079 841 1135 896 159
1151 836 1180 904 6,
1198 840 1255 895 164
1270 856 1294 908 5,
1317 839 1375 896 602

840 934 889 992 65
917 934 1105 992 sanctificatio
1123 936 1229 1011 duplex
1250 936 1377 1012 corporis

840 1039 869 1089 et
883 1031 994 1089 animae
1011 1036 1067 1089 147
1083 1052 1100 1090 5
1124 1052 1140 1090 e
1155 1033 1217 1090 Deo
1230 1041 1313 1090 natos
1334 1033 1376 1090 ef·

840 1129 908 1196 ficit,
931 1131 1060 1188 Naturae
1075 1130 1196 1188 Divinae
1215 1131 1375 1207 participes,

841 1236 870 1285 et
891 1226 1030 1302 Spiritum
1051 1225 1189 1285 Sanctum
1213 1228 1243 1284 in
1269 1228 1377 1303 seipsos

840 1325 962 1383 incolam
985 1330 1044 1384 475
1061 1345 1086 1390 5,
1108 1325 1144 1383 of.
1163 1329 1241 1384 1086
1256 1345 1282 1390 5,
1308 1325 1374 1382 Ml

839 1442 898 1498 per,
915 1423 1021 1481 Christi
1038 1443 1136 1480 sumus
1151 1424 1183 1480 M
1201 1427 1239 1482 50
1254 1422 1316 1481 init.

800 1521 947 1596 Baptisma
969 1520 1092 1578 Joannie
1118 1524 1212 1579 1365
1249 1519 1376 1577 Distine-

840 1619 933 1676 tiones
954 1619 1164 1694 Baptismatum
1185 1618 1313 1676 locorum
1335 1617 1377 1674 di-

840 1717 972 1774 versitate
987 1717 1115 1774 innuitur
1132 1721 1188 1775 157
1200 1737 1225 1774 a

799 1815 986 1891 Baptismatis
1015 1815 1117 1872 modus
1147 1817 1206 1872 630
1227 1814 1277 1870 56
1312 1812 1377 1870 fidei

839 1912 980 1970 confessio
1001 1913 1040 1983 in,
1062 1933 1120 1970 non
1141 1912 1305 1970 homiuibus
1326 1910 1377 1968 sed

840 2010 905 2068 Deo
927 2011 1005 2068 facta
1021 2011 1114 2070 6836
1143 2028 1313 2084 sponsorum
1337 2009 1377 2078 in,

841 2107 958 2166 Martha
971 2109 1116 2184 exemplar
1131 2111 1190 2166 683
1206 2109 1224 2166 6
1237 2127 1263 2165 e.

799 2205 984 2280 Baptismatis
1004 2206 1144 2281 primitiae
1165 2224 1255 2280 aquae
1277 2204 1377 2263 effusio

839 2322 855 2360 e
870 2302 978 2360 Christi
989 2303 1092 2361 Latere
1110 2307 1187 2362 1074
1203 2322 1229 2360 5.

800 2400 946 2476 Baptismu
966 2400 1002 2457 ad
1019 2401 1205 2476 praeparatio,
1220 2399 1291 2457 fides
1306 2399 1377 2457 vita-

840 2518 894 2574 que
908 2499 955 2575 pia
971 2502 1046 2558 1101
1064 2499 1090 2557 d.

802 2595 976 2671 Baptismate
998 2617 1055 2654 non
1073 2598 1178 2673 egebat
1192 2593 1324 2654 Christus
1338 2595 1375 2652 iii.

843 2697 912 2752 526.

800 2790 983 2868 Baptismalis
1012 2810 1084 2868 5555
1106 2790 1251 2866 quomodo
1272 2791 1377 2848 virtute

840 2890 968 2964 praedita
988 2893 1044 2947 147
1060 2889 1086 2946 6.

801 2985 939 3061 Baptista,
949 2986 1090 3062 baptisma
1100 3006 1118 3044 5
1129 2986 1245 3044 Christo
1260 3005 1376 3062 rogans,

840 3084 1019 3159 baptismatis
1041 3085 1132 3142 sancti
1149 3084 1272 3161 gratiam
1286 3103 1376 3160 agno-

843 3184 896 3240 scit
912 3187 970 3241 475
986 3183 1042 3240 65.

800 3281 931 3358 Baptista
944 3301 1002 3338 non
1013 3280 1154 3357 Angelus,
1165 3280 1213 3337 sed
1225 3280 1378 3337 aDomino

840 3381 880 3438 ita
901 3379 1074 3444 nominatus,
1096 3378 1163 3454 quia
1183 3377 1298 3444 missus,
1314 3379 1379 3452 quia

841 3478 903 3544 Dei,
918 3497 974 3534 non
991 3495 1050 3541 sua,
1066 3477 1152 3534 verba
1165 3476 1284 3551 loquens
1299 3478 1335 3533 61
1353 3493 1377 3540 5,

841 3580 913 3635 625
948 3575 1025 3633 Laus
1045 3576 1108 3651 ejus
1129 3576 1168 3632 64
1190 3593 1217 3639 5,
1253 3573 1290 3630 iii.
1307 3576 1377 3641 459,

840 3674 985 3731 Nativitas
1002 3673 1064 3747 ejus
1081 3691 1148 3728 curn
1168 3670 1284 3728 Christo
1304 3671 1379 3727 uati-

840 3771 928 3828 vitate
947 3778 1112 3844 comparata
1136 3772 1193 3826 125
1232 3768 1377 3843 quomodo

840 3868 966 3925 minutus
1005 3869 1061 3925 160
1100 3866 1233 3934 Veritati,
1270 3865 1299 3922 id
1334 3873 1378 3923 est

841 3964 967 4037 Christo,
1002 3963 1199 4022 testimonium
1234 3963 1378 4038 perhibuit

842 4067 900 4121 244
915 4062 934 4119 b
955 4061 1111 4119 Dominum
1132 4081 1215 4119 suum
1230 4061 1377 4120 consessus

840 4169 885 4218 est
898 4160 935 4217 iii.
947 4163 1005 4218 459
1028 4159 1149 4217 officium
1162 4179 1244 4216 suum
1254 4159 1378 4234 explicat

844 4262 923 4317 110e
939 4257 1081 4333 Propheta
1092 4257 1176 4315 simul
1184 4265 1212 4315 et
1218 4256 1376 4332 Apostolus

843 4360 900 4415 113
915 4375 932 4414 5
953 4350 1096 4432 Propheta
1110 4363 1301 4432 antepartum
1319 4359 1375 4414 115

841 4473 856 4510 5
891 4453 1033 4529 quomodo
1052 4455 1141 4512 nescit
1156 4451 1301 4513 Christum
1319 4457 1375 4511 115

841 4551 908 4610 565
937 4552 1023 4609 rerba
1048 4553 1225 4610 sunitarum
1249 4563 1376 4628 repetere
