3268 5130
302 339 367 403 212
471 338 511 401 Β.
534 335 722 403 ΟΥΒῙῙιῙιΙ
748 333 1011 402 ALEXANDR.
1039 334 1321 400 FRAGMENTA
1382 333 1448 398 viii.
1462 351 1491 418 3.

146 437 277 536 [²⁶MJ]
465 499 857 531 ..212¹ae
998 497 1185 527 xxv
1373 495 1496 525 ’.ι

134 519 216 634 sgpn
226 523 269 572 ui·
301 506 390 581 σθαι
415 505 504 605 δραν
520 529 620 581 αντο·
654 507 726 608 εφη
743 534 815 603 γαρ
837 533 892 580 οτι
920 507 943 546 “
960 505 1016 579 Το
1043 532 1115 602 γαρ
1142 505 1258 580 θέλειν
1284 531 1492 602 παρσκειται

139 599 175 635 ¹⁵
301 633 324 670 “
339 657 412 723 μοι,
439 623 482 704 τό
510 623 547 703 δὲ
574 621 854 726 κατεργάζεσθαι
881 621 924 703 τό
952 621 1067 703 καλὸν
1093 622 1170 702 οὔ·”
1208 620 1493 720 πλεονεκτοῦσης

300 745 468 847 δηλονότι
489 750 554 845 τῆς
571 748 753 850 ἁμαρτίας,
772 750 831 825 καὶ
848 754 913 826 τοῦ
931 748 995 844 τῆς
1012 740 1148 848 σαρκός
1166 742 1276 845 νόμον
1294 745 1492 847 καταστρέ-

301 876 434 976 φοντος
461 874 509 954 εἷς
533 869 580 949 τὰ
600 874 710 950 οἶκεῖα
737 871 796 949 καὶ
823 870 890 973 οῦχ
919 869 1055 948 ἑκόντα.
1077 866 1141 947 τόν
1172 877 1267 949 νοῦν·
1311 866 1404 946 κατὰ
1430 865 1494 947 τὸν

300 989 466 1072 αὑτὸνδὲ
490 989 586 1090 οἶμαι
610 994 750 1073 τουτονὶ
774 991 908 1093 τρόπον
927 992 1031 1071 νοοῖτ’
1050 988 1096 1069 ἂν
1113 991 1255 1075 εἰκότως
1275 989 1313 1071 τῦ
1335 985 1528 1082 ιἰδόιατιιε

300 1117 357 1195 τοῦ
385 1117 490 1220 νόμον,
514 1124 579 1196 τοῦ
605 1149 644 1196 τε
671 1117 709 1195 έν
735 1112 927 1218 γράμμασι
953 1116 1011 1194 καὶ
1038 1112 1097 1194 διὰ
1117 1112 1314 1210 Μωυσέως,
1333 1110 1494 1216 καθάπερ

300 1237 392 1342 ἔφην
410 1238 549 1340 ἀρτίως,
571 1241 629 1318 καὶ
656 1238 776 1335 μέντοι
803 1244 867 1317 τοῦ
892 1237 1053 1343 ἐμφύτου
1079 1239 1137 1316 καὶ
1161 1239 1200 1316 ἐν
1222 1237 1315 1336 ἡμῖν,
1343 1237 1426 1316 καθ’
1450 1234 1493 1315 δν

300 1363 359 1440 καὶ
387 1359 432 1440 τὰ
459 1361 554 1460 ἔθνη,
577 1361 690 1441 καίτοι
717 1359 781 1440 τὸν
809 1357 973 1464 γραπτὸν
1000 1360 1064 1440 οῦκ
1091 1359 1219 1464 ἔχοντα
1246 1358 1364 1458 νόμον,
1382 1360 1493 1465 φύσει

300 1480 347 1562 τό
374 1492 438 1564 τοῦ
466 1483 577 1582 νόμου
604 1490 773 1564 ποιοῦντα
802 1483 974 1588 φαίνεται,
1001 1485 1059 1562 καὶ
1087 1482 1194 1581 νόμος
1223 1485 1315 1561 εἰσὶν
1342 1482 1490 1566 ἑαυτοῖς·

300 1615 322 1652 “
340 1607 572 1686 ἐνδείκνυνται
608 1605 680 1708 γὰρ
708 1603 751 1684 τὸ
787 1605 892 1708 ἔργον
920 1612 985 1684 τοῦ
1015 1603 1126 1704 νόμον
1154 1601 1318 1707 γραπτὸν
1346 1607 1385 1684 έν
1415 1611 1493 1689 ταῖς
1510 1641 1552 1683 ιο

300 1737 322 1777 “
340 1727 498 1832 καρδίαις
526 1729 672 1826 αῦτῶν,”
702 1727 796 1809 καθὰ
820 1726 1030 1831 γέγραπται.
1058 1735 1162 1808 ποῖον
1180 1727 1218 1807 δέ
1243 1733 1279 1808 τὶ
1302 1729 1340 1807 έν
1358 1730 1493 1835 ἀμφοῖν

299 1847 468 1948 ἀδύνατον,
495 1852 698 1946 βασανίσαι
724 1848 857 1952 καιρός·
897 1851 918 1929 ό
941 1849 1007 1947 μέν
1026 1850 1097 1953 γὰρ
1116 1853 1154 1930 έν
1170 1849 1361 1954 γράμμασι
1386 1847 1492 1948 νόμος

299 1971 516 2057 διδάσκαλος
539 1970 584 2073 ἦν
602 1972 793 2074 εὐκοσμίας
819 1975 877 2054 καὶ
901 1980 974 2053 τῶν
997 1975 1156 2076 ἀρίστων
1173 1971 1378 2076 εἰσηγητὴς,
1397 1975 1490 2053 δεδι-

298 2097 425 2176 καίωκε
457 2095 496 2176 δὲ
526 2104 712 2180 παντελῶς
743 2094 879 2176 οὐδένα·
919 2098 939 2176 ό
970 2094 1083 2199 γεμὴν
1112 2095 1269 2204 ἔμφυτός
1300 2099 1425 2176 τεκαὶ
1454 2097 1493 2174 έν

298 2219 394 2319 ἡμῖν,
415 2216 457 2298 δν
475 2221 533 2300 καὶ
561 2221 622 2300 ὀνο
662 2217 721 2300 ἐι
747 2222 803 2300 τοῦ
830 2219 1033 2325 πνεύματος,
1059 2219 1265 2301 ἀπονένευκε
1289 2216 1355 2318 μέν
1379 2223 1427 2304 εἷς
1448 2216 1491 2298 τὸ
1510 2248 1551 2308 15

297 2340 445 2443 ἀγαθὸν,
478 2343 625 2441 ἡττᾶται
656 2341 695 2423 δέ
726 2344 810 2422 λίαν
838 2351 902 2423 τοῦ
933 2342 1024 2446 πρὸς
1056 2342 1102 2422 τὰ
1134 2345 1266 2448 αἰσχίω
1297 2350 1493 2426 καλοῦντος

297 2464 418 2565 νόμου.
459 2466 587 2546 οὐκοῦν
613 2467 648 2546 τὶ
677 2461 845 2561 ἀδίνατυι,
864 2465 1028 2546 τουτέστι
1054 2462 1097 2546 τό
1125 2468 1311 2561 όσθενοῦν,
1333 2464 1401 2545 εἴτε
1427 2471 1492 2545 τοῦ

296 2588 334 2665 έν
361 2585 574 2692 γράμμασιν
600 2587 667 2668 εἴτε
695 2596 759 2668 τοῦ
786 2589 946 2696 ἐμφύτου
974 2589 1093 2690 νόμου,
1118 2587 1294 2669 πέπαυται
1321 2587 1379 2668 διὰ
1397 2592 1489 2690 Χρι-

296 2719 398 2792 στοῦ.
429 2711 685 2814 νενεκρωμένης
711 2709 785 2813 γὰρ
805 2709 940 2813 τρόπον
960 2711 1041 2791 τινὰ
1066 2715 1130 2811 τῆς
1157 2707 1308 2813 σαρκός,
1331 2714 1388 2791 καὶ
1416 2707 1492 2791 οἷον

295 2955 496 3055 πνεύματος
522 2957 601 3055 ἤτοι
627 2967 691 3038 τοῦ
719 2954 799 3043 νοός
831 2956 1024 3057 ἅσθειήσει
1058 2955 1175 3057 νόμος·
1217 2957 1423 3061 νενέκρωται
1453 2957 1492 3038 δέ

296 3080 376 3158 τίνα
393 3077 527 3181 τρόπον
544 3079 566 3178 ἡ
585 3082 623 3159 ἐν
640 3080 723 3179 ἡμῖν
742 3081 908 3181 ἁμαρτία,
929 3081 1015 3186 φέρε
1036 3081 1198 3181 λέγωμεν
1216 3083 1264 3165 ὦς
1282 3079 1342 3160 ένι·
1381 3080 1491 3185 ὁγὰρ

297 3207 361 3280 τοῦ
380 3205 476 3280 θεοῦ
494 3200 616 3304 Λόγος
640 3204 679 3282 ἐν
696 3203 836 3310 εὐδοκία
857 3211 922 3283 τοῦ
940 3209 1036 3284 θεοῦ
1063 3206 1123 3282 καὶ
1142 3202 1287 3305 Πατρός
1314 3205 1345 3285 ἐν
1368 3203 1487 3309 όμιιιί·

296 3356 385 3426 ματι
409 3321 534 3425 γέγονε
559 3325 685 3434 σαρκός
710 3325 898 3435 α’μαρτίας,
915 3325 975 3406 ἵνα
992 3327 1183 3432 κατακρίνῃ
1201 3324 1254 3420 riv
1272 3325 1443 3434 ἁμαρτίαν
1462 3329 1493 3408 έν

297 3445 338 3553 τῇ
360 3448 474 3551 σαρκί·
505 3445 630 3550 γέγονε
657 3446 730 3550 γὰρ
753 3449 952 3552 ἅνθρωπος,
970 3452 1087 3534 καθεὶς
1113 3449 1237 3530 ἑαυτὸν
1254 3452 1302 3533 εἷς
1329 3450 1489 3547 κένωσιν,
1510 3479 1549 3540 25

297 3567 356 3646 καὶ
374 3568 528 3666 ὁμοειδές
556 3569 620 3667 μὲν
639 3569 694 3650 ὅτι
716 3573 775 3650 καὶ
804 3571 958 3678 όμοφυές
975 3577 1049 3655 τοῖς
1076 3571 1255 3675 ἡμετέροις
1270 3572 1419 3672 στόμασι
1447 3570 1492 3654 τό

297 3689 517 3788 αὐτοῦπῶς
543 3689 589 3770 ἂν
618 3690 813 3772 ἐνδοιάσειέ
842 3727 922 3791 τις;
962 3691 1061 3793 πλὴν
1091 3692 1136 3772 τὰ
1165 3695 1230 3792 μέν
1261 3700 1334 3774 τῶν
1364 3698 1492 3776 ἄλλων

179 3841 221 3898 27
237 3838 284 3898 11.
297 3808 466 3891 ἁπάντων
483 3813 637 3912 σώματα
658 3813 790 3918 σάρκες
815 3813 859 3895 ῦυ
881 3817 1045 3919 λέγοιντο
1068 3821 1133 3916 τῆς
1150 3818 1334 3921 ἁμαρτίας,
1352 3817 1410 3897 διό
1434 3851 1492 3898 τοι

297 3931 339 4013 τὸ
365 3934 559 4038 πεφυκέναι
588 3943 707 4016 νοσεῖν
731 3943 804 4017 τῶν
825 3936 986 4019 ἐκτόπων
1003 3939 1140 4039 ἡδονῶν
1166 3939 1233 4039 τὴν
1259 3941 1414 4042 γένεσιν·
1447 3939 1493 4020 τὸ

296 4058 340 4137 δέ
352 4091 394 4159 γε
412 4062 521 4158 σιῦμα
539 4063 703 4162 Χριστοῦ
722 4062 812 4167 φαίη
834 4094 887 4145 τις
906 4061 951 4141 ἂν
969 4064 1036 4168 οὐχ
1059 4064 1231 4165 ἁμαρτίας
1249 4058 1336 4143 εἶναι
1356 4063 1489 4165 σάρκα·
1510 4093 1554 4152 3ο

295 4177 345 4278 μὴ
364 4180 513 4281 γένοιτο·
544 4183 700 4288 ὁμοίωμα
724 4181 932 4282 δὲμᾶλλον
958 4184 1084 4289 σαρκός
1110 4189 1297 4294 ἁμαρτίας·
1327 4185 1494 4267 τουτέστι

330 4413 357 4467 3.
376 4399 467 4470 νόμου]
480 4423 529 4468 μου
542 4404 620 4470 νόμον
631 4401 666 4457 A.
920 4417 947 4474 5.
965 4406 1044 4474 νόμου
1056 4407 1086 4460 τδ
1098 4406 1222 4462 ἀδύνατον
1234 4405 1372 4475 (omittens
1384 4406 1443 4474 τοῦ)
1456 4408 1493 4462 A.

295 4483 320 4536 9.
339 4468 428 4523 τδτοῦ
440 4473 517 4538 νόμου
528 4475 650 4526 ποιοῦντα
663 4472 697 4527 A.
710 4475 832 4530 ποιοῦντα
844 4475 890 4528 τδν
901 4475 979 4542 νόμον
992 4474 1043 4543 Ed.
1246 4492 1289 4543 24.
1307 4475 1495 4546 τὴνόμαρτίσν

295 4539 430 4606 κοτακρίνῃ
441 4540 548 4595 inverso
559 4541 652 4596 ordine
664 4543 698 4599 A.
848 4543 890 4599 28·
910 4546 956 4613 τῆς
967 4561 1022 4601 om.
1034 4545 1069 4602 A.
1123 4565 1154 4614 γε
1166 4560 1214 4613 pro
1226 4565 1266 4600 τοι
1278 4547 1313 4602 A.
1325 4567 1353 4603 τε
1368 4545 1400 4601 Β.
1414 4545 1464 4603 Cr.
