3284 5130
298 335 361 400 110
600 333 639 396 Β.
663 331 877 397 OYRILLI
906 331 1198 398 ALEXANDR.
1311 353 1364 394 xx.
1379 349 1427 409 10,
1444 349 1493 392 11.

297 503 435 594 βαθεῖα,
459 495 549 600 πρὸς
574 497 612 576 έν
632 531 667 577 τι
688 499 880 602 καταφέρει
910 498 952 578 τὸ
975 495 1249 598 σημαινόμενον,
1274 497 1332 577 καὶ
1359 501 1407 578 εἰς
1430 493 1496 574 τὸν

296 621 525 722 μεσαίτατον,
556 619 599 700 ἵν’
632 623 744 706 οῦτως
776 621 874 720 εἴπω,
906 630 971 704 τοῦ
1002 625 1066 722 τῆς
1097 618 1222 705 νυκτὸς
1253 619 1496 719 διαστήματος

297 745 436 849 ἔρχεται
458 742 581 824 τόπον.
622 743 765 843 οὐδεμία
790 753 981 849 τοιγαροῦν
1009 745 1032 846 ἦ
1059 744 1247 851 διαφωνία.
1274 739 1307 822 ιό
1331 741 1398 842 μέν
1422 741 1495 844 γὰρ

297 868 370 948 ἀπὸ
398 876 462 947 τοῦ
488 864 614 950 τέλους
642 871 706 968 τῆς
739 865 874 966 νυκτός,
901 870 921 947 ό
949 866 988 949 δέ
1021 866 1093 948 ἀπὸ
1122 872 1185 965 τῆς
1213 869 1328 972 ἀρχῆς
1355 863 1494 964 λαβὼν,

267 991 388 1094 ῦπρός
406 991 448 1071 τό
466 987 580 1088 βάθος
599 991 696 1094 έρπει
714 997 787 1071 τιῦν
800 993 913 1095 ὡρῶν,
925 993 983 1072 καί
1001 998 1048 1076 εἰς
1067 988 1154 1072 αὐτὸ
1174 988 1323 1090 κάτεισι,
1335 989 1528 1092 καθάπερ5

297 1115 389 1221 έφην
406 1115 544 1219 ἀρτίως,
559 1113 601 1194 τό
619 1115 848 1214 μεσαίτατον.
1626 994 1632 1221 ἰ

189 1377 234 1431 ιο,
249 1349 458 1417 ιιἈιιλλθον
481 1345 537 1414 οὖν
556 1348 655 1414 πάλιν
678 1349 761 1438 πρὸς
786 1348 923 1415 ἑαυτοὺς.
950 1345 980 1414 οἰ
1007 1346 1159 1426 μαθηταί·
1194 1347 1306 1438 Μαρία
1329 1347 1366 1415 δὲ
1388 1344 1497 1415 εἰοτιί-
1627 1244 1633 1415 ἰ

550 1497 598 1540 κει
624 1472 707 1564 πρὸς
733 1475 772 1540 τὸ
797 1469 954 1552 μνημεῖον
979 1474 1049 1543 ἔξω
1072 1472 1241 1544 κλαίουσα.
1629 1510 1635 1599 η

354 1645 601 1748 Ἀποχριῦσαν
625 1643 693 1744 ἤδη
718 1651 763 1748 τῇ
792 1653 855 1724 τοῦ
881 1649 1050 1746 Σωτῆρος
1079 1644 1181 1744 ἡμῶν
1204 1641 1405 1724 ἀναστάσει
1430 1643 1498 1744 τὴν

299 1768 551 1872 πληροφορίαν
569 1767 814 1873 συλλέξαντες
834 1773 867 1848 οἰ
891 1768 1101 1874 σοφιότατοι
1122 1771 1289 1868 μαθηταὶ,
1310 1766 1497 1871 ἱδρυμένην
1512 1795 1550 1835 10

300 1924 339 1971 τε
358 1890 487 1970 λοιπὸν
511 1893 567 1969 καί
593 1887 796 1971 ἀσάλευτον
821 1891 1005 1974 ὠδίνοντες
1028 1892 1164 1990 πίστιν,
1178 1891 1250 1971 ἀπό
1275 1925 1314 1972 τε
1335 1894 1399 1991 τῆς
1423 1896 1497 1971 τῶν

266 2013 489 2117 (Ῑδρωμένων
517 2012 711 2111 ἐκβάσεως,
740 2016 799 2095 καί
826 2019 890 2113 τῆς
918 2021 991 2095 τῶν
1018 2017 1130 2118 ἁγίων
1158 2020 1313 2120 γραφῶν
1333 2012 1494 2118 προῤῥή·

300 2171 403 2236 σεως,
423 2138 541 2218 οἴκαδε
568 2136 681 2218 πόλιν
703 2138 958 2242 ἀνεκομίζοντο,
986 2143 1044 2218 καί
1072 2138 1163 2241 πρὸς
1190 2138 1272 2222 τοῦς
1300 2137 1498 2241 σφετέρους

300 2258 391 2341 κατά
417 2295 461 2363 γε
488 2262 530 2342 τό
557 2260 648 2346 εἰκός
666 2261 972 2364 συλλειτουργοιίς
1000 2263 1203 2364 ἠπείγοντο,
1225 2261 1498 2364 διαγγελοῦντές

299 2417 338 2464 τε
363 2382 404 2465 τό
430 2391 559 2484 θαῦμα,
579 2388 636 2465 καί
659 2383 935 2488 διασκεφόμενοι
961 2385 1052 2486 μετὰ
1080 2394 1185 2466 τοῦτο
1212 2383 1279 2486 τὸν
1302 2391 1374 2465 τῶν
1398 2419 1492 2487 πρα-
1512 2415 1551 2475 ¹5

300 2508 412 2588 κτέων
444 2506 538 2589 όδόν.
588 2507 635 2588 ’ίοι
662 2509 692 2588 δ’
722 2506 767 2588 ἀν
794 2511 858 2589 ούκ
885 2509 958 2590 ἀπὸ
986 2517 1128 2590 σκοποῦ
1158 2508 1200 2589 τό
1230 2513 1289 2589 καί
1317 2507 1436 2609 ἕτερόν
1463 2542 1499 2588 τι

298 2632 504 2739 πεπράχθαι
534 2633 684 2737 νομίζειν
709 2635 794 2736 παρ’
823 2636 949 2716 αι’πῶν.
988 2638 1026 2714 ἐν
1055 2637 1183 2732 ἀκμαῖς
1214 2633 1285 2734 γάρ
1317 2631 1419 2716 ὄντος
1448 2633 1499 2714 ε”τι

301 2765 366 2837 τοῦ
403 2764 476 2838 τῶν
512 2758 696 2837 Ἰουδαίων
739 2764 862 2856 θυμοῦ,
903 2762 962 2837 καί
1001 2757 1196 2864 φονώντων
1232 2755 1390 2854 ἐκθύμως
1427 2763 1500 2836 τιῦν

301 2886 535 2983 καθηγεῖσθαι
561 2878 749 2986 λαχόντων
768 2880 859 2961 κατά
886 2881 1021 2966 παντὸς
1049 2881 1114 2982 μέν
1136 2880 1326 2983 ἀνθρώπου
1349 2878 1414 2959 τόν
1435 2889 1500 2960 τοῦ

303 3008 471 3105 Σωτῆρος
498 3005 599 3103 ἡμῶν
627 3001 866 3107 θαυμάζοντος
893 3003 1095 3108 λόγον,καί
1119 3007 1186 3104 τὴν
1209 3005 1363 3109 ἀρῤητον
1391 3005 1500 3084 αὐτοῦ
1513 3029 1553 3070 ²0

273 3129 361 3206 οκαί
399 3126 713 3228 θεοπρεπεστάτην
746 3127 1009 3231 ἀποδεχομένου
1042 3128 1190 3224 δύναμίν
1218 3162 1257 3207 τε
1290 3131 1348 3207 καί
1378 3125 1500 3234 δόξαν,

301 3250 466 3348 μάλιστα
494 3248 531 3330 δί
558 3250 634 3330 κατ’
660 3252 777 3330 αὐτῶν
805 3258 877 3330 τῶν
905 3254 1017 3354 ἁγίων
1041 3257 1224 3352 μαθητῶν·
1263 3250 1305 3331 τὸ
1333 3254 1502 3349 ἐμπεσεῖν

302 3371 444 3456 εἰκότως
470 3374 753 3475 παραιτούμενοι,
779 3373 850 3477 πρὸ
879 3376 991 3477 αὐγῆς
1018 3379 1082 3474 τῆς
1106 3375 1245 3459 τελείας
1271 3376 1500 3479 ἀποφοιτῶσι

302 3504 365 3576 τοῦ
392 3495 586 3596 μνήματος,
605 3500 653 3580 ὡς
677 3498 741 3577 οὐκ
762 3497 845 3604 ε’ξὸν
862 3496 1055 3582 ἀκινδύνως
1073 3506 1179 3579 τοῦτο
1198 3501 1296 3599 δρᾶν,
1316 3503 1345 3576 εἰ
1364 3499 1501 3604 ὁρῷντο

302 3621 382 3717 μεθ’
402 3620 546 3721 ἡμέραν,
565 3624 630 3719 τῆς
652 3628 716 3700 τοῦ
738 3621 842 3720 ἡλίου
868 3623 1060 3721 λαμπάδος
1081 3629 1155 3704 τοῖς
1182 3619 1350 3700 ἀπόντων
1374 3619 1501 3704 αὐτοῦς
1514 3645 1553 3706 ²5

302 3743 626 3841 ἀνακαλνπτούσης
645 3742 796 3842 όμμασι.
836 3749 895 3825 καί
918 3746 960 3824 οιί
983 3742 1098 3844 δήπου
1117 3745 1252 3824 δειλίαν
1270 3746 1416 3845 ε’ροῦμεν
1434 3743 1501 3842 τὴν

302 3866 477 3969 ἀνανδρον
514 3867 629 3945 αἰτίαν
666 3864 789 3971 ὥσπερ
826 3869 945 3953 αῦτοῖς
984 3873 1048 3968 τῆς
1086 3869 1198 3954 οὕτως
1232 3864 1502 3966 ε’μμελεστότης

302 3993 525 4089 καταστῆναι
544 3993 673 4097 φυγῆς,
693 3989 888 4091 οἰησόμεθα
907 3992 945 4073 δὲ
970 3999 1116 4091 μᾶλλον
1134 3999 1197 4072 τοῦ
1225 3991 1408 4095 χρησίμου
1435 3989 1502 4089 τὴν

134 4120 441 4215 Ιοεοωιιγνιῦσιυ
468 4120 544 4196 ταῖς
572 4119 645 4192 τῶν
667 4114 779 4216 ἁγίων
803 4120 939 4221 ψυχαῖς
962 4119 1180 4196 ἐντεθεῖσθαι
1207 4113 1306 4217 παρὰ
1324 4119 1502 4215 Χριστοῦ,

304 4238 392 4338 ἀωρὶ
420 4235 629 4318 κινδυνεύειν
647 4239 710 4318 οὐκ
739 4238 986 4341 ἐπιτρέποντος
1013 4238 1094 4323 τοῦς
1123 4239 1222 4342 οἵπερ
1242 4237 1399 4337 ἔμελλον
1416 4237 1497 4317 έσε·
1515 4269 1556 4328 30

137 4387 201 4514 χιιι
213 4386 240 4437 ii.
304 4364 392 4439 σθαι
422 4363 485 4459 τῆς
513 4361 717 4460 οἰκουμένης
749 4365 939 4465 φωστῆρες
971 4366 1028 4444 καί
1059 4361 1284 4442 διδάσκαλοι.
1329 4361 1397 4442 ἔδει
1429 4359 1502 4466 γὰρ

519 4568 559 4624 15.
578 4555 781 4624 διασκεψάμενοι
795 4555 828 4610 Ε.
1066 4571 1109 4629 25.
1129 4558 1175 4612 τοῦ
1187 4572 1240 4610 om.
1255 4555 1287 4609 E.
