3296 5138
273 343 333 399 650
684 341 849 401 INDEX
890 341 1077 402 RERUM.

272 511 363 578 Filius
376 521 514 596 templum
528 521 626 579 triduo
641 520 724 580 155115
739 522 848 580 resedi·

312 619 397 676 ficsre
414 627 519 694 potest,
533 619 581 695 qni
598 620 736 677 mundum
750 619 849 678 diebus

311 733 363 773 sex
386 715 522 774 iustruxit
537 719 594 776 142
609 717 658 774 65
699 716 850 792 respiciunt

311 823 362 870 uut
379 832 429 888 per
442 814 528 872 fidem
547 823 596 872 snt
616 833 668 892 per
681 814 848 890 dogmatum

311 909 480 968 Divinotum
494 911 712 988 exquisitionem
727 913 784 971 152
798 931 823 970 n

269 1007 456 1066 liliusverbs
470 1009 561 1067 Putris
575 1009 636 1068 Sos
647 1011 776 1068 uominst
787 1013 846 1068 964

310 1105 331 1163 b
366 1124 418 1163 cur
438 1107 536 1164 Homo
553 1111 633 1167 1007
650 1127 668 1164 5
702 1107 847 1183 quomodo

309 1210 414 1261 unctus
425 1211 455 1261 et
469 1205 582 1279 quando
595 1205 633 1264 iii.
649 1208 718 1265 462.

270 1299 358 1358 Filius
379 1301 418 1360 Se
445 1319 529 1376 ssepe
556 1301 729 1376 humilietur,
751 1305 845 1364 homi·

308 1416 378 1456 num
399 1415 481 1456 more
501 1398 620 1474 loquens
642 1403 739 1473 5265,
755 1403 845 1462 5291)

308 1514 393 1572 saepe
412 1496 503 1554 mixtu
523 1496 657 1571 loquitur,
673 1499 775 1572 psrtim
792 1499 843 1557 Di-

307 1594 373 1650 vine
386 1593 489 1670 purtim
503 1593 625 1652 humane
637 1597 696 1654 808
706 1615 732 1663 5,
748 1601 843 1666 8095,

308 1692 367 1748 954
380 1690 432 1760 de,
448 1693 507 1749 960
516 1691 544 1760 b,
561 1693 654 1764 9655,
669 1697 729 1752 969
741 1695 768 1766 d,
784 1699 844 1756 970

306 1806 358 1857 55,
374 1791 433 1847 974
443 1807 469 1854 e.
485 1789 606 1854 97765,
622 1792 681 1848 978
690 1791 717 1863 d,
733 1791 770 1850 iii.
783 1795 842 1852 586

307 1883 424 1958 egitque
442 1883 479 1942 iit
498 1887 558 1942 586
596 1885 688 1943 Putris
700 1888 842 1948 Voluntas

307 1983 367 2038 527
376 1981 421 2038 bn
453 1981 559 2040 Secum
572 1983 686 2041 Putrem
699 1984 795 2053 hebet,
810 1997 842 2046 ut

304 2077 335 2135 in
356 2077 468 2136 Natura
491 2079 589 2138 endem
612 2084 697 2140 5275
729 2092 759 2141 et
778 2093 841 2142 tan·

304 2194 388 2250 qoem
406 2176 484 2234 Deus
500 2186 530 2236 et
548 2185 685 2254 tunquam
705 2179 804 2239 Homo
823 2201 841 2240 e

304 2273 388 2332 Putre
402 2283 513 2332 metus
527 2277 587 2334 889
598 2293 623 2332 s,

260 2370 351 2430 ¹Filius
366 2372 449 2430 Putre
463 2373 712 2432 consubstantialis
728 2373 839 2433 etiamsi

302 2487 356 2546 pro
383 2470 466 2528 nobis
493 2479 597 2528 unctus
620 2474 676 2529 117
714 2490 731 2529 ιι
752 2473 837 2531 Putre

302 2566 432 2625 Perfecto
445 2568 591 2626 Perfectus
605 2567 763 2644 Plennsque
779 2573 835 2628 118

302 2663 416 2722 Natura
426 2663 559 2732 Snnctus,
568 2665 679 2723 etiamsi
690 2666 836 2724 descendit

301 2761 331 2819 in
356 2761 454 2838 Ipsum
477 2762 600 2838 Spiritus
625 2761 748 2822 Ssuctus
768 2767 835 2835 119,

304 2863 364 2918 120
401 2860 506 2918 nullius
533 2879 641 2937 egenus
665 2879 723 2936 qus
744 2861 834 2928 Deus,

300 2957 388 3016 tomo
401 2959 529 3016 omnium
546 2977 656 3034 egenus
668 2959 761 3016 fuctus
777 2963 834 3018 129

300 3073 317 3114 e
343 3066 373 3114 et
387 3055 561 3127 1555555155,
574 3056 764 3131 Omnipotens
775 3061 833 3116 499

942 525 1226 595 sensissemus
1245 524 1388 599 5555161115
1396 526 1483 586 515551

941 630 971 680 et
985 620 1165 698 impossibilis
1178 621 1217 678 iii.
1233 623 1305 688 460,
1319 625 1376 681 461
1413 641 1481 698 pus-

941 737 993 777 555
1020 719 1105 777 simul
1131 728 1162 776 et
1188 727 1322 794 opesstns
1349 721 1391 778 iit
1416 726 1478 781 474

940 833 1042 892 mem
1059 817 1090 873 iu
1110 833 1195 874 55555
1210 816 1326 875 Deitute
1345 818 1478 894 impensi-

939 911 1135 980 61115111510,
1147 917 1209 973 518
1236 915 1478 990 curprotmro

939 1017 1074 1086 precatus
1098 1011 1266 1087 gratiaque
1289 1013 1353 1088 egit
1378 1015 1478 1090 6899

938 1109 1075 1179 νομοθέτῃ
1087 1109 1229 1166 sccundus
1242 1110 1280 1167 iii.
1294 1113 1363 1168 442.

897 1203 960 1262 lilii
974 1223 1046 1282 ergo
1057 1223 1112 1262 nos
1122 1223 1203 1264 umor
1209 1205 1366 1272 Perfectus,
1375 1207 1476 1266 Pessio

938 1304 997 1361 719
1025 1302 1151 1360 omnies
1165 1303 1250 1361 Putre
1263 1304 1300 1361 sd
1314 1313 1475 1363 5555155555

935 1417 987 1474 per
1011 1399 1115 1458 Filium
1135 1403 1236 1472 8245,
1258 1403 1317 1460 947
1335 1419 1361 1468 5,
1383 1399 1418 1459 lt
1432 1405 1474 1461 49

936 1491 977 1575 [p.
990 1500 1050 1556 250
1064 1493 1130 1577 fin]
1143 1516 1207 1555 cum
1222 1496 1307 1556 Pstre
1321 1499 1396 1556 Unio
1409 1516 1473 1557 crc-

935 1592 1045 1652 tissims
1058 1595 1228 1654 concordiae
1241 1596 1318 1654 inter
1336 1615 1391 1654 nos
1403 1615 1473 1655 uos·

934 1699 996 1748 trae
1022 1699 1110 1767 typus
1136 1695 1196 1750 osc
1216 1691 1293 1750 seo
1330 1685 1486 1754 sonorum

934 1789 1061 1846 omnium
1084 1789 1167 1847 nobis
1187 1788 1253 1847 lons
1273 1788 1471 1867 primiti-eque

934 1885 972 1944 iii.
988 1889 1057 1945 592.

893 1981 981 2040 Filius
1007 1991 1039 2041 ut
1064 1983 1162 2042 llomo
1182 1983 1258 2042 diem
1286 1986 1470 2046 novissimum

932 2080 1023 2138 nescit
1033 2081 1072 2138 iii.
1082 2082 1142 2139 469
1152 2099 1217 2157 syr..
1228 2085 1296 2154 584,
1307 2085 1365 2141 585
1385 2083 1471 2144 5581-

931 2175 961 2235 bi
979 2185 1011 2235 et
1021 2177 1100 2236 Pstri
1117 2177 1324 2238 consentionem
1338 2189 1468 2240 nostrum

930 2276 1015 2333 offert
1024 2275 1064 2334 iii.
1074 2278 1134 2335 468
1164 2275 1249 2334 55615
1257 2277 1351 2336 Putris
1362 2281 1468 2336 umoris

929 2373 1041 2431 initium
1058 2375 1136 2434 1002
1147 2393 1174 2443 5,
1192 2377 1272 2432 1008
1285 2375 1337 2432 nb
1354 2375 1404 2450 [ci.
1417 2394 1467 2434 su·

928 2489 980 2546 pn
991 2491 1017 2546 p.
1026 2473 1086 2530 628
1095 2470 1171 2545 1515]
1195 2470 1279 2528 nobis
1289 2490 1323 2529 en
1334 2491 1407 2548 quse
1418 2472 1468 2548 lp-

928 2569 986 2626 siuc
1000 2569 1051 2628 dst
1067 2571 1146 2627 1010
1159 2587 1185 2634 5,
1205 2571 1321 2642 10885,
1340 2568 1378 2626 iit
1395 2572 1467 2637 984,

929 2669 987 2725 393
1001 2675 1099 2724 nostin
1113 2683 1167 2723 suc
1179 2666 1286 2724 1551555
1300 2669 1378 2726 1088
1387 2686 1413 2734 5,
1426 2666 1466 2725 111.

928 2767 997 2830 979.
1014 2767 1083 2830 982,
1098 2765 1158 2823 999
1191 2764 1232 2822 its
1245 2765 1359 2822 Putrem
1373 2763 1465 2823 Suum

926 2869 1066 2927 nostrum,
1094 2859 1188 2922 Deum
1217 2869 1349 2919 nostrum
1373 2860 1466 2920 Suum

926 2959 1013 3016 efficit
1035 2961 1114 3018 1088
1136 2959 1196 3025 od,
1220 2961 1301 3018 1089
1354 2959 1466 3018 suimus

925 3065 1038 3116 nostrus
1058 3056 1160 3114 liberat
1173 3055 1212 3116 iii.
1227 3059 1297 3114 475.

299 3171 317 3211 5
343 3153 421 3210 Deus
431 3173 502 3224 esse,
511 3153 625 3229 555565
636 3154 732 3212 Homo
742 3154 835 3212 155155
884 3153 973 3212 Filius
998 3163 1028 3213 et
1051 3155 1163 3231 gutiae
1190 3154 1322 3230 cupidine
1346 3160 1378 3210 et
1397 3171 1465 3229 sup

298 3269 356 3308 non
370 3251 474 3308 desinit
488 3255 578 3310 9295
608 3251 663 3308 nisi
678 3252 757 3310 Deus
770 3253 832 3309 Nu·

297 3357 373 3413 turs,
393 3367 445 3423 per
459 3348 686 3406 lncsmstionem
707 3350 833 3424 seipsum

298 3463 357 3502 555
390 3445 566 3503 humiliasset
599 3445 650 3502 sed
679 3446 832 3506 exultasset

923 3253 999 3328 plinii
1018 3261 1098 3310 metu
1116 3252 1153 3309 nd
1168 3252 1253 3310 fidem
1271 3251 1388 3310 deducit
1403 3255 1463 3310 154

923 3351 943 3407 d
977 3351 1013 3408 nd
1027 3349 1218 3408 obedientium
1233 3353 1294 3409 295
1306 3368 1334 3416 c,
1357 3350 1419 3408 236
1433 3367 1460 3415 5,

923 3447 959 3506 ol.
970 3451 1029 3507 294
1045 3447 1098 3519 be,
1114 3449 1177 3506 896
1189 3466 1216 3506 c.

299 3546 367 3608 121,
385 3546 442 3602 172
453 3562 479 3609 5,
497 3545 558 3600 529
568 3561 593 3615 5,
607 3543 645 3600 iii.
661 3546 720 3603 990
734 3545 833 3602 existit
882 3545 971 3604 Filius
985 3545 1081 3603 omnis
1094 3544 1203 3620 impiet,
1218 3543 1321 3602 555155
1340 3551 1460 3602 mmm-

296 3641 326 3698 in
348 3641 440 3713 Putre,
458 3649 593 3716 tunquam
613 3641 691 3700 color
710 3641 740 3699 15
763 3642 831 3719 igne

299 3739 543 3813 lmefi

255 3836 344 3895 Filius
357 3836 525 3897 lncsrnctus
543 3837 681 3896 51555515
698 3847 832 3913 operetur

295 3953 354 3992 non
368 3935 429 3993 sine
443 3953 527 3993 cume
541 3953 592 3992 sus
605 3934 644 3992 iii.
658 3937 727 4006 591,
742 3939 811 3995 592.

922 3661 987 3719 que,
1002 3661 1094 3718 neque
1114 3641 1258 3700 infernum
1271 3641 1389 3700 Deitnte
1401 3640 1462 3699 Suc

921 3759 1042 3798 vacuum
1065 3739 1200 3814 relinquit
1222 3739 1260 3797 75
1275 3757 1300 3810 5,
1321 3738 1460 3797 111677-

924 3840 984 3896 589
1029 3835 1170 3895 exinsniti
1193 3855 1253 3894 non
1281 3835 1377 3912 potuit
1403 3833 1460 3893 nisi

920 3943 988 3993 ente
1000 3935 1105 3992 Plenus
1120 3935 1201 3994 1089
1215 3934 1270 3991 bc.

255 4041 274 4066 '⁸
289 4033 377 4091 111155
411 4031 561 4090 1ιοιιιίυἰι”
597 4031 732 4090 Divinum
764 4051 829 4090 num
880 4032 953 4090 Pilio
973 4051 1033 4090 non
1052 4031 1168 4108 propris
1188 4039 1287 4107 utpote
1304 4030 1384 4090 Dece
1401 4032 1459 4090 hu·

293 4129 419 4188 humano
439 4127 589 4206 conjungit
610 4131 700 4188 2995
729 4148 829 4204 possus

293 4227 607 4302 5515515551511496
629 4245 653 4294 5,
676 4230 746 4293 497,
769 4230 828 4286 668

292 4325 315 4383 b
346 4333 377 4382 et
396 4343 483 4400 quum
503 4323 734 4390 5515149751,
757 4325 827 4392 498,

255 4459 259 4470 ·
292 4431 322 4479 ct
344 4421 410 4497 quin
429 4421 519 4480 voluit
539 4423 616 4480 Deus
631 4420 714 4478 Pster
729 4425 825 4488 8595,

292 4521 361 4585 854,
371 4519 439 4588 882,
449 4523 534 4578 8855
564 4518 728 4576 Passionem
743 4537 824 4594 prue-

920 4128 1460 4205 55555555651155551555555555515

920 4227 1014 4288 stit
1047 4227 1191 4302 quomodo
1204 4225 1459 4292 intemmvenit

920 4325 968 4400 qui
986 4323 1092 4400 ubique
1113 4333 1158 4382 est
1173 4327 1222 4396 77,
1242 4322 1278 4382 cf.
1293 4325 1352 4382 941
1369 4323 1398 4394 d,
1418 4323 1458 4381 iii.

920 4425 978 4482 401
1015 4421 1113 4480 onnia
1132 4422 1186 4480 scit
1206 4429 1240 4480 ut
1258 4421 1340 4479 Deus
1355 4423 1457 4488 1755,

920 4519 957 4578 ci.
971 4522 1028 4578 179
1043 4538 1068 4586 5,
1085 4521 1144 4578 462
1158 4519 1210 4578 cd.
