3268 5130
125 357 191 421 viii.
206 378 258 444 30.
377 359 431 423 IN
455 358 716 424 EPISTOLAM
742 358 806 422 AD
834 357 1069 424 ROMANOS.
1260 359 1322 421 221

1353 459 1364 522 [
1377 471 1407 522 ν
1421 457 1459 506 M·
1472 455 1485 522 ]

125 521 297 628 ἁγιασμῷ
315 525 501 604 πολιτείαν
520 528 577 604 καί
595 523 699 627 ζωήν.
737 521 861 625 ὥσπερ
880 521 952 625 γάρ
970 522 1086 603 εἰκόνα
1108 531 1171 602 τοῦ
1194 530 1326 626 χοικοῖι,

126 647 312 725 τουτέστιν
339 647 470 746 Ἀδιίμ,
499 647 564 746 τὴν
592 650 630 728 ἐν
659 649 827 750 παρακοῇ
854 681 893 725 τε
926 650 983 726 καί
1015 649 1202 750 ἁμαρτίαις·
1235 647 1328 750 ζωὴν

126 766 218 849 εἰναί
234 779 364 880 φαμεν,
383 774 476 852 οὕτω
499 777 557 851 καί
582 770 698 853 εἰκόνα
720 779 784 850 τοῦ
809 771 1028 873 ἐπουρανίου,
1047 769 1212 852 τουτέστι
1230 777 1323 874 Χρι-

127 902 230 991 στοῦ,
259 893 323 973 τὸν
356 892 539 998 ἁγιασμόν
568 899 626 976 καί
658 892 724 996 τὴν
752 895 937 974 δικαίωσιν
968 898 1024 973 καί
1053 893 1119 992 τὴν
1149 894 1321 995 ὑπακοήν.

93 1018 209 1098 5ὅσοι
239 1020 357 1098 τοίνυν
384 1019 697 1120 προεγνῶσθησαν
725 1021 773 1102 ὡς
791 1017 956 1114 ἐσόμενοι
985 1016 1076 1096 κατά
1101 1018 1242 1121 καιροὺς
1264 1024 1328 1118 τῆς

127 1147 293 1243 Χριστοῦ
321 1139 410 1243 ζωῆς
437 1141 651 1250 σιίμμορφοί
671 1177 708 1221 τε
728 1145 786 1222 καί
804 1147 953 1241 μιμηταί
972 1140 1063 1221 κατά
1084 1176 1124 1242 γε
1143 1142 1185 1220 τὸ
1207 1146 1323 1246 ἐγχω-

125 1272 214 1368 ροῖιν
233 1271 278 1371 τῇ
298 1269 504 1372 ἀνθρωπίνῃ
523 1267 643 1371 φύσει,
662 1266 757 1346 οὗτοι
778 1269 835 1346 καί
855 1266 1053 1366 κέκληνται.

129 1507 195 1572 Οῡο
222 1505 258 1572 δὲ
286 1507 461 1597 προώρισε,
489 1512 624 1574 τούτουο
652 1510 706 1573 καί
734 1509 883 1576 ἐκάλεσε·
916 1509 968 1571 καί
996 1510 1052 1574 οδε
1081 1508 1225 1588 ίκάλεσε,
1253 1509 1326 1574 τού·
1342 1537 1380 1594 3ο

165 1656 240 1698 τουο
260 1633 313 1698 καί
330 1633 533 1700 ἐδικαίωσεν·
571 1635 628 1700 οδε
647 1632 682 1698 δὲ
701 1632 886 1712 ἐδικαίωσε,
905 1633 1038 1698 τούτουο
1058 1631 1107 1698 καί
1126 1633 1291 1702 ἐδόξασεν.

76 1841 114 1882 ιο
185 1803 405 1908 Ειίοίφορμον
434 1810 498 1906 τῆς
530 1806 700 1889 ἀπιστίας
731 1805 773 1885 τὸ
800 1809 924 1910 χρῆμα
950 1805 1134 1886 ποιεῖσθαί
1158 1840 1257 1890 τινας
1284 1804 1326 1885 τὸ

128 1926 274 2011 ἀπεικὸς
297 1929 407 2027 οὐδὲν,
425 1930 470 2036 ἐξ
495 1930 647 2026 ἀμαθίας
666 1931 988 2032 συνηρπασμένονς
1013 1935 1070 2010 καί
1089 1931 1261 2031 λέγοντας
1282 1936 1327 2009 Εἰ

128 2051 189 2136 οὓς
215 2050 319 2136 αὐτὸς
337 2052 500 2156 προέγνω
522 2054 613 2133 κατὰ
637 2051 810 2155 πρόθεσιν
836 2055 893 2131 καί
923 2053 1134 2154 προώρισεν,
1153 2053 1249 2134 οὗτοι
1269 2057 1326 2132 καί

128 2175 328 2274 κέκληνται,
347 2177 438 2280 πρὸς
465 2178 557 2276 ἡμᾶς
585 2175 666 2260 τοὺς
695 2179 794 2256 οὕτω
823 2176 1103 2260 πεπιστευκότας
1132 2179 1244 2257 οὐδέν·
1285 2178 1327 2256 οὐ

128 2298 201 2402 γάρ
220 2335 274 2378 τοι
300 2300 512 2400 κεκλήμεθα,
531 2303 611 2380 οίίτε
637 2298 708 2398 μὴν
728 2303 997 2402 προωρίσμεθα·
1027 2300 1119 2403 πρὸς
1143 2301 1203 2384 οὓς
1222 2305 1322 2403 ἐροῦ-

76 2463 113 2522 ¹5
128 2458 205 2522 μεν,
225 2423 278 2502 ὅτι
297 2425 317 2502 ό
335 2431 448 2504 ποιῶν
465 2423 548 2507 τοῖις
566 2425 701 2526 γάμους
714 2430 767 2532 τῷ
786 2429 848 2531 νίῲ
867 2427 985 2520 αὑτοῦ,
1004 2423 1086 2506 τοὺς
1104 2424 1170 2522 μέν
1188 2423 1325 2508 οἰκέτας
1338 2446 1363 2496 S.
1373 2447 1468 2527 ροισι.

128 2545 341 2627 ἀπέστειλεν
368 2555 575 2649 συναγεῖραι
602 2547 684 2630 τοὺς
713 2549 957 2646 κεκλημένους,
979 2553 1011 2625 οἰ
1039 2548 1076 2626 δέ
1104 2548 1166 2626 οὐκ
1195 2547 1326 2647 ἤθελον
1337 2529 1398 2562 xm.
1408 2527 1430 2570 ²'
1443 2527 1466 2576 ³'

126 2672 256 2750 ἐλθεῖν·
284 2673 455 2769 εἰσῆλθον
481 2671 518 2750 δέ
544 2672 617 2768 μετ’
638 2671 788 2755 ἐκείνους
812 2677 845 2751 οἰ
871 2673 998 2770 κλητοί
1022 2673 1096 2749 κατ’
1118 2673 1210 2751 ἰδίαν
1233 2671 1324 2770 πρό·

129 2799 243 2890 θεσιν,
272 2795 480 2893 πέττλησται
516 2795 553 2874 δέ
592 2797 703 2880 οὕτως
739 2799 759 2875 ὁ
798 2795 948 2901 ννμφάιν
975 2801 1049 2874 τῶν
1081 2795 1327 2893 ἀνακειμένων.

128 2915 230 2998 οιίδέν
258 2918 320 2997 οὖν
349 2919 419 3020 ἄρα
446 2926 518 3000 τοῖς
546 2913 735 3000 ἐθέλονσιν
762 2921 880 3000 ἐλθεῖν
907 2919 1070 3012 ἐμποδὼν
1098 2921 1222 3021 ὁρᾶται
1251 2923 1324 3000 κεί-

75 3078 116 3119 ιο
129 3071 251 3141 μενον·
284 3045 399 3122 ἀδικεῖ
424 3041 461 3121 δέ
490 3043 615 3123 οὐδένα
642 3041 684 3122 τὸ
711 3041 863 3142 σύμπαν
882 3044 904 3143 ἡ
922 3043 1138 3146 πρόγνωσις,
1158 3045 1237 3124 οὔτε
1255 3043 1327 3143 μὴν

128 3165 274 3266 ὁνίνησί
297 3200 407 3249 τινας.
442 3169 517 3245 ἐπεὶ
542 3165 786 3246 διδασκόντων
805 3172 833 3246 εἰ
856 3167 906 3267 μὴ
932 3173 989 3246 καί
1015 3168 1114 3246 αὐτοί
1139 3166 1323 3268 προεγνῶ-

129 3296 290 3389 σθησαν,
310 3294 343 3369 οἰ
367 3296 443 3373 ταῖς
466 3290 657 3374 ἀπειθείαις
675 3290 900 3397 ἐξυβρικότες
917 3290 981 3370 τὸν
999 3289 1197 3389 κεκληκότα
1216 3291 1325 3371 Θεόν·

128 3415 232 3496 ἀλλά
263 3416 321 3496 καί
349 3416 538 3514 κέκληνται
565 3414 630 3509 μέν
658 3419 716 3496 καί
749 3416 1038 3516 εἰσπεπηδήκασί
1063 3450 1155 3501 τινες
1186 3423 1235 3502 εἰς
1263 3415 1329 3497 τόν

127 3539 258 3642 γάμον,
285 3537 385 3637 πλὴν
412 3541 454 3618 οὐ
481 3537 677 3640 γεγόνασιν
694 3541 864 3638 ἐκλεκτοί,
883 3539 962 3620 οῠδέ
981 3540 1219 3620 δεδικαίωνται
1248 3539 1328 3620 οάδέ

74 3693 114 3754 25
130 3663 395 3770 ἐδοξιίσθησαν·
439 3662 497 3742 διά
528 3663 635 3743 ποίαν
666 3664 806 3761 αίτίαν;
850 3663 905 3744 ότι
938 3661 988 3763 μὴ
1016 3664 1328 3765 πρεπονσαν,τοῖς

129 3784 260 3890 γάμοις
285 3785 521 3891 ἠμφιένννντο
546 3785 697 3886 στολήν.
730 3787 854 3873 ἄλλως
872 3822 911 3866 τε
930 3791 987 3866 καί
1004 3787 1112 3866 αὐτὸν
1130 3784 1328 3889 εὑρήσομεν

129 3909 195 3990 τὸν
230 3911 364 4012 Κύριον
400 3909 500 4010 ἡμῶν
535 3911 680 4008 Ἰησοῦν
717 3911 882 4012 Χριστὸν
920 3909 1128 4016 ἀναφανδὸν
1165 3910 1329 4012 εἰρηκότα

171 4119 194 4158 1.
212 4103 309 4160 εἰκόνος
321 4103 383 4170 (εἰς)
397 4104 430 4158 A.
539 4121 564 4158 τ.
576 4126 605 4158 τε
617 4112 785 4173 assumptum
799 4121 830 4156 ex
843 4113 863 4157 t.
876 4112 926 4157 cet.
1045 4123 1071 4171 4.
1086 4105 1126 4157 καί
1139 4104 1185 4171 τὴν
1196 4103 1329 4157 δικαίωσιν

130 4173 173 4227 καί
185 4176 231 4241 τὴν
242 4172 367 4245 ὑπακοήν]
381 4175 427 4243 τὴν
439 4173 609 4242 δικαιοσύνην,
622 4175 668 4242 τὴν
680 4173 792 4242 ὑπακοήν
804 4183 823 4228 t.
836 4183 887 4228 cet.
1116 4191 1156 4226 10.
1177 4175 1233 4228 lnc.
1247 4174 1329 4229 Οίιδέν

129 4243 218 4312 μέντοι
237 4247 267 4298 τὸ
285 4245 396 4308 ἀπεικὸς,
409 4246 558 4315 είκίφορμον
569 4248 615 4312 τῆς
631 4245 753 4299 ἀπιστίας
767 4247 798 4298 τὸ
811 4247 896 4315 χρῆμα
908 4243 1040 4298 ποιεῖσθαί
1050 4265 1120 4300 τινος
1132 4244 1161 4311 ἐξ
1172 4243 1280 4311 ἀμαθίας
1293 4246 1327 4300 A.

134 4331 177 4368 12.
194 4318 342 4382 προώρισεν
354 4317 387 4368 A.
399 4317 553 4386 προαίρεσιν
566 4315 617 4369 Ed.
666 4317 705 4368 κοί
719 4317 763 4368 alt.
777 4324 946 4384 assumptum
959 4332 990 4368 ex
1004 4315 1038 4369 A.
1126 4314 1328 4369 1.τοδςοθπω

130 4388 333 4442 πεπιστευκότας
344 4386 419 4440 οὐδέν
432 4385 482 4440 hoc
494 4385 587 4440 ordine
601 4387 633 4440 A.
646 4385 720 4440 οὐδὲν
733 4395 793 4440 ante
805 4387 864 4442 τοὺς
876 4395 1055 4454 transponunt
1064 4384 1096 4439 Β.
1108 4332 1157 4439 EA
1216 4384 1256 4438 16.
1269 4383 1327 4454 ἤθε’-

131 4459 219 4522 λησιιν
230 4457 265 4511 A.
490 4474 530 4525 ¹9·
549 4456 625 4510 οὐδέν
637 4457 670 4510 A.
684 4454 738 4510 οὐδ’
755 4455 785 4510 Β.
800 4455 851 4510 Ed.
904 4456 954 4524 ἀρα
966 4457 1020 4511 τοῖς
1031 4456 1065 4509 Α.
1077 4455 1117 4527 ἀρ’
1131 4457 1216 4511 αὐτοῖς
1230 4456 1262 4510 Β.
1277 4456 1329 4512 Ειί.

133 4541 177 4580 22.
196 4529 332 4582 σεσωκότιι
345 4545 393 4597 pro
406 4529 545 4594 κεκληκότα
558 4528 591 4580 A.
763 4543 806 4593 24.
825 4526 883 4580 οὖδέ
889 4523 983 4650 ἐρυθ]
997 4526 1028 4580 οιί
1041 4528 1074 4582 A.
1129 4528 1187 4583 οίιδῖ
1201 4528 1245 4582 alt.
1260 4525 1327 4582 A.B.

130 4595 186 4650 οὐδ’
201 4595 253 4651 Ed.
411 4595 455 4652 τό.
474 4596 616 4666 εὑρήσομεν
631 4597 663 4652 A.
677 4598 830 4669 εὑρίσκομεν
843 4597 875 4651 Β.
932 4637 939 4652 .
