3284 5130
144 357 219 425 xix.
235 381 287 450 23,
302 383 353 447 24.
431 366 485 430 IN
515 366 549 431 S.
573 365 832 432 JOANNEM.
878 366 975 432 LIB.
998 365 1078 431 XII.
1316 363 1358 426 8⁷

206 531 227 598 τί
261 533 370 622 τραφιί
404 541 565 628 πληρωθῇ
598 537 787 611 ιίλὲτουσα
818 533 1122 626 Διεμερίσαντο,τά
1156 531 1265 610 ἱμάτιά
1296 553 1358 608 μου

206 657 350 742 ὲαυτοῖο,
379 661 433 727 καὶ
460 662 515 729 ἐπὶ
543 663 600 731 τὸν
628 659 798 741 ίματιομόν
827 685 888 741 μου
920 662 1039 743 ἔβαλον
1069 669 1197 752 κλῆρον·
1237 657 1267 725 οἰ
1298 658 1357 735 μὲν

207 783 266 853 οὖν
293 788 492 876 στρατιῶται
517 793 616 856 ταῦτα
642 789 812 859 ἐποίησαν.

215 961 447 1061 Διενείμαντο
474 959 540 1060 μέν
564 971 592 1043 οἱ
619 961 820 1072 στρατιιῖτιιι
850 959 896 1044 τάι
922 970 987 1043 τοῦ
1016 964 1184 1065 Σωτῆρος
1213 955 1355 1064 ίμοίτιιι,

115 1089 420 1187 ὅθηριοπρεποῦς
444 1085 653 1191 ἀγριότητος
679 1089 738 1166 καὶ
763 1091 827 1186 τῆς
853 1085 1003 1187 ἐνούσης
1025 1087 1143 1169 αὐτοῖς
1167 1085 1360 1185 ἀπανθρω-

151 1209 243 1292 πίας
271 1213 330 1290 καὶ
356 1219 462 1291 τοῦτο
490 1208 684 1294 δεικνύντες
708 1219 871 1311 σημεῖον.
918 1212 957 1291 έν
979 1211 1049 1291 έθει
1076 1206 1146 1312 γάρ
1174 1241 1251 1290 πως
1278 1207 1390 1286 ἐστὶν

154 1341 234 1417 τοῖς
262 1341 459 1419 κολασταῖς
485 1335 617 1436 ἥκιστα
644 1332 710 1434 μέν
737 1336 908 1437 ἐπαλγεΐν
935 1341 1013 1419 ταῖς
1039 1340 1113 1413 τῶν
1137 1330 1360 1433 κατακρίτων

155 1456 427 1560 ταλαιπωρίαις,
457 1459 701 1564 ἀπηνέστερον
733 1458 773 1540 δὲ
809 1459 832 1560 ἢ
865 1463 1049 1563 προσῆκεν
1081 1453 1161 1537 ἔσθ’
1192 1452 1251 1534 ὅτε
1284 1460 1360 1539 τοῖς

156 1582 483 1684 προστεταγμένοις
511 1585 705 1686 ὑπηρετεῖν,
724 1585 783 1662 καὶ
810 1590 885 1667 ταῖς
914 1589 987 1662 τῶν
1008 1577 1227 1686 πασχόντων
1252 1581 1359 1660 ε’παν-

105 1733 145 1775 10
159 1703 342 1809 δρίζεσθαι
373 1713 589 1815 συμφοραῖς,
617 1710 676 1788 καὶ
704 1704 829 1811 ὥσπερ
856 1705 937 1788 τινά
965 1711 1101 1809 κλῆρον
1127 1701 1360 1802 καθικόμενον

159 1837 210 1915 είς
236 1829 374 1927 αὐτοὺς,
402 1831 446 1938 ἐξ
471 1833 666 1932 ἀναγκαίου
694 1865 734 1911 τε
767 1834 826 1911 καὶ
859 1831 1009 1930 νομίμου
1041 1827 1166 1932 λόγου,
1195 1825 1260 1908 τὸν
1286 1834 1359 1907 τῶν

159 1956 310 2054 ἱματίων
341 1960 522 2036 ποιεῖσθαι
557 1954 817 2061 σφετερισμόν.
870 1961 918 2040 είς
950 1953 1106 2065 τέσσαρα
1137 1952 1258 2034 τοίνυν
1287 1954 1356 2030 διε-

159 2079 286 2165 λόντες
327 2078 405 2186 μέρη
445 2077 492 2159 τά
531 2079 790 2182 διηρπασμένα,
829 2078 928 2159 σῶόν
961 2113 999 2159 τε
1041 2081 1099 2159 καὶ
1141 2073 1359 2177 ἀδιάτμητον

158 2212 312 2308 τηροῦσι
338 2203 402 2285 τὸν
429 2205 501 2284 ἕνα.
552 2202 804 2308 διαῤῥηγνιίναι
830 2202 902 2306 γάρ
930 2204 972 2283 οὐ
1000 2207 1097 2284 δοκεῖ
1120 2199 1162 2282 τὸ
1189 2199 1239 2301 μῆ
1267 2211 1393 2282 παν-δ

108 2335 273 2416 ιετελῶς
302 2330 465 2432 ἀχρειοῦν
486 2327 623 2428 ἀρέσαν
649 2329 779 2411 αὐτοῖς·
809 2325 996 2430 κληρωτὸν
1018 2335 1207 2430 τοιγαροῦν
1234 2323 1354 2424 ἐποιή-

158 2487 278 2533 σαντο
308 2455 434 2555 δῶρον.
488 2452 531 2531 οὐ
562 2449 634 2555 γάρ
667 2451 830 2556 ἐνεχώρει
861 2450 1076 2558 ψεύσασθαι
1109 2451 1264 2552 λέγοντα
1294 2447 1359 2529 τὸν

159 2574 327 2681 Χριστὸν
349 2575 409 2656 διὰ
431 2580 495 2676 τῆς
520 2583 584 2657 τοῦ
607 2575 821 2682 ψάλλοντος
847 2579 969 2681 φωνῆς
992 2585 1015 2623 “
1029 2575 1288 2678 Διεμερίσαντο
1311 2571 1358 2653 τά
1403 2577 1444 2709 fg·
1458 2577 1510 2628 ¹¹ss

161 2711 186 2748 “
205 2698 328 2799 ίμάτιά
359 2734 429 2799 μου
457 2702 603 2796 ἑαυτοῖς,
631 2701 689 2778 καὶ
721 2701 779 2780 ε’πὶ
810 2697 874 2779 τὸν
901 2696 1097 2798 ἱματισμόν
1122 2732 1192 2797 μου
1225 2697 1360 2792 ἔβαλον
1439 2678 1445 2692 ⁰

162 2834 187 2871 “
204 2824 370 2927 κλῆρον.”
399 2825 501 2906 ταυτὶ
518 2821 584 2923 μέν
601 2822 664 2902 οὖν
682 2819 826 2903 ἀπαντα
845 2827 1130 2927 προανεφωνεῖτο
1154 2821 1357 2927 χρησίμως,

109 2947 206 3026 πῖν’
243 2950 412 3049 εἰδείημεν
446 2948 545 3048 ἡμεῖς
582 2953 659 3032 ταῖς
700 2953 773 3026 τῶν
809 2944 1033 3050 πραγμάτων
1066 2943 1242 3040 ε’κβάσεσι
1278 2941 1361 3027 τούς

161 3071 297 3173 λόγους
318 3068 608 3172 συμβάλλοντες,
626 3068 749 3173 ὅτιπερ
774 3068 878 3153 αὐτός
903 3071 1042 3150 ε’στινὸ
1067 3067 1360 3172 προηγγελμένος

161 3196 263 3302 ἥξειν
283 3230 322 3277 τε
350 3195 437 3297 ὑπὲρ
465 3195 567 3296 ἡμῶν
594 3195 632 3273 έν
658 3199 704 3300 τῇ
731 3196 814 3274 καθ’
837 3195 931 3294 ῆμάς
958 3191 1073 3291 εἰκόνι,
1095 3195 1152 3274 καὶ
1180 3191 1269 3296 ὑπὲρ
1297 3198 1382 3304 τῆςΙ

161 3317 334 3401 ἀπάντων
364 3319 453 3423 ζωῆς
487 3317 652 3398 τεθνάναι
690 3317 999 3420 προσδοκώμενος.
1053 3318 1095 3397 οὐ
1126 3315 1197 3421 γάρ
1230 3315 1274 3416 δή
1306 3303 1390 3402 τιςε

161 3444 323 3546 οἰήσεται
351 3453 434 3524 νοῦν
463 3441 564 3548 έχων,
592 3444 640 3527 ὡς
666 3439 840 3546 ἠνέσχετο
870 3441 915 3520 ἀν
942 3444 1000 3521 καί
1030 3439 1136 3525 αὐτὸς
1166 3443 1186 3520 ὁ
1216 3438 1357 3544 Σωτὴρ,

109 3593 149 3656 ²5
162 3568 256 3650 κατὰ
282 3567 349 3671 τῆν
375 3573 448 3649 τῶν
469 3565 650 3646 Ἰουδαίων
677 3566 885 3663 ἀσυνεσίαν,
908 3565 1072 3669 διυλίζειν
1099 3564 1163 3646 τὸν
1190 3564 1356 3664 κώνωπα,
1403 3549 1525 3682 {fflss

161 3695 329 3779 τουτέστι
355 3695 402 3777 τά
429 3692 545 3776 λετττά
571 3697 692 3774 τεκαὶ
718 3689 916 3798 ίσχνότατα
940 3697 1013 3771 τῶν
1031 3688 1253 3790 παθημάτων
1269 3724 1359 3792 προ-

162 3828 376 3930 αναφωνεῖν,
405 3823 453 3904 ὡς
482 3820 541 3898 καὶ
572 3821 636 3916 τῆς
667 3823 739 3896 τῶν
767 3814 915 3913 ἱματίων
942 3818 1146 3915 μεμνῆσθαι
1174 3816 1357 3912 διανομῆς,

161 3946 368 4027 καταπίνειν
387 3941 425 4023 δὲ
450 3939 575 4046 ὥσπερ
600 3939 665 4042 τῆν
683 3939 858 4040 κάμηλον,
876 3938 1042 4019 τουτέστι
1063 3936 1109 4018 τὰ
1134 3936 1278 4039 μεγάλα
1303 3940 1362 4015 καὶ

162 4073 347 4175 ὑπερφερῆ
376 4074 448 4149 τῶν
475 4063 717 4165 τολμημάτων
746 4069 795 4146 είς
826 4063 997 4156 ἀσέβειαν
1024 4062 1066 4140 οὐ
1096 4068 1242 4141 πολλοῦ
1268 4092 1362 4143 τινος

106 4226 150 4285 30
164 4195 322 4303 ἀξιῶσαι
339 4190 462 4296 λόγου,
480 4181 831 4295 προκεχρησμῷδηκε
849 4183 887 4266 δὲ
905 4185 981 4284 μετ’
1001 4185 1140 4263 ἐκείνων
1158 4185 1215 4262 καὶ
1233 4189 1358 4261 ταῦτα·

201 4417 228 4456 2.
246 4400 361 4464 ἔβαλλον
372 4396 405 4452 Ε.
577 4412 656 4465 4-ρ.
667 4393 710 4462 89,
720 4404 753 4462 25
766 4389 808 4444 bis
820 4387 927 4445 exhibet
941 4387 1083 4460 (nonnulla
1093 4389 1184 4442 tamen
1197 4383 1360 4454 diversitate)

165 4471 199 4528 Ε.
237 4469 312 4525 Haec
326 4467 358 4538 Ε,
372 4467 406 4536 Ε,
418 4473 547 4522 notantur
555 4486 564 4529 ι
583 4463 691 4536 quando
704 4461 727 4517 E
740 4463 828 4516 solum
841 4469 949 4515 notatur
961 4466 1001 4512 est
1008 4456 1047 4582 ᾖ
1059 4462 1087 4513 et
1101 4457 1143 4526 Ε,
1286 4475 1312 4522 4.
1332 4456 1360 4508 δι’

183 4559 215 4597 ro
226 4542 274 4611 μὶν
286 4540 328 4610 Ε,.
443 4554 470 4609 9.
488 4533 722 4606 προηττημένοις
735 4533 766 4587 Ε.
779 4529 995 4602 προτεταγμένοις
1182 4541 1222 4599 15.
1241 4527 1362 4598 ἀχριιαῦν

164 4561 199 4670 Ε.
212 4613 309 4684 ἀχροῦν
322 4608 374 4666 Ed.
446 4606 488 4663 16.
506 4609 551 4662 τδν
563 4606 677 4676 Χριστὸν
688 4603 798 4676 λέγοντα
810 4603 916 4658 inverso
928 4599 1021 4656 ordine
1035 4599 1077 4667 Ε,.
