3280 5142
121 343 189 410 xix.
205 357 255 428 15.
416 343 474 409 IN
506 345 539 410 S.
563 341 820 412 JOANNEM.
864 343 962 410 ΙιΙΒ.
985 340 1065 410 XII.
1283 339 1325 406 77

123 510 358 612 ὑπερκεῖσθαι
374 509 510 594 παντὸς
527 512 683 612 ἐπιγείου
700 511 924 614 πράγματος.
965 511 1004 592 τί
1025 508 1097 615 γάρ
1118 507 1212 606 ίσον,
1230 505 1269 588 τί
1288 506 1326 588 δὲ

122 634 189 712 οῦκ
209 629 363 714 ’ἔλαττον
380 640 471 716 Υίοῦ
488 668 527 714 τε
546 639 641 716 Θεοῦ
659 638 718 715 καὶ
736 635 942 731 βασιλέως;

120 849 364 939 Ἀπεκρίθησαν
392 848 422 916 οἱ
449 847 611 942 ἀρχιερεῖς
639 851 707 918 Οὐκ
733 851 850 940 ἔχομεν
877 851 1013 932 βασιλέα
1039 847 1067 917 εἰ
1094 849 1138 929 μιλ
1170 779 1491 940 Καίσαράαωὸὖι

181 1022 449 1104 Ἀπελάκτισεν
469 1025 508 1104 ε’ν
529 1022 668 1110 τούτοις
695 1025 715 1103 ὁ
740 1025 968 1127 ήγαπημίνος
984 1025 1155 1128 Ἰσραήλ,
1177 1027 1236 1104 καὶ
1263 1027 1327 1123 τῆς

92 1144 219 1251 ὅπρδς
256 1146 352 1228 Θεὸν
389 1147 515 1256 φιλίας
550 1146 759 1255 ἀναφανδὸν
796 1146 999 1258 ἐξάλλεται,
1037 1151 1096 1230 καὶ
1131 1145 1224 1230 κατά
1259 1145 1327 1249 τήν

126 1273 318 1356 Μωυσέως
365 1271 490 1381 φωνήν
533 1273 814 1375 ἐγκαταλίλοιπε
861 1273 957 1353 θεὸν
997 1273 1061 1354 τὸν
1100 1270 1328 1375 γεννήσαντα
1371 1269 1450 1385 ξξξξ
1456 1335 1497 1387 18·

125 1393 248 1494 αὐτὸν,
286 1407 309 1444 “
326 1400 385 1479 καὶ
424 1391 560 1501 Κυρίου
596 1404 660 1478 τοῦ
695 1402 833 1497 βοηθοῦ
872 1398 981 1478 αὐτοῦ
1022 1398 1087 1478 οῦκ
1127 1395 1325 1497 ε’μνήσθη.”
1372 1401 1486 1516 ξοξῑθῑ·

127 1523 231 1625 ἄθρει
265 1520 339 1626 γάρ
374 1521 471 1608 ὅπως
500 1533 523 1570 “
541 1521 627 1630 ὄψις
662 1521 797 1627 πόρνης
828 1522 992 1626 ε’γεῦετο”
1029 1522 1125 1629 αὐτῷ
1156 1519 1249 1602 κατά
1285 1517 1489 1601 τάῦΗῑνάῑῑ·

126 1647 389 1750 γεγραμμένον,
409 1645 759 1752 ξξάπηναιοχιίντησε
786 1643 878 1751 πρὸς
903 1645 1072 1744 πάντας,”
1092 1648 1259 1749 ἀπείρηκε
1286 1644 1328 1726 τὸ
1374 1611 1397 1662 ³⁸

79 1768 219 1850 ιοίδιου
247 1771 428 1877 καύχημα,
459 1774 518 1852 καὶ
554 1770 618 1852 τὸν
649 1773 775 1852 ἑαυτοῦ
810 1767 992 1872 δεσπότην
1023 1770 1219 1877 ἠρνήσατο.
1271 1772 1329 1851 ε’πὶ

128 1895 269 1981 τούτοις
294 1897 411 1980 αὐτοῖς
436 1898 559 2002 ᾐτιᾶτο
584 1895 643 1976 διά
668 1899 790 2002 φωιής
808 1897 978 1997 Ἱερεμίου
999 1895 1118 1998 λέγων
1136 1897 1195 1976 καὶ
1212 1894 1329 1976 πάλαι

130 2018 225 2107 Θεός
243 2019 367 2100 “”Οτι
394 2018 592 2125 πορεύθητε
619 2025 668 2105 είς
696 2016 828 2120 νήσους
851 2021 1029 2119 Χεττιεὶμ,
1047 2023 1107 2100 καὶ
1128 2025 1177 2105 εἰς
1201 2018 1329 2123 Κηδάρ

129 2153 151 2190 “
169 2145 424 2243 ἀποστείλατε,
442 2147 500 2226 καὶ
524 2150 639 2248 γνιῦτε
664 2149 694 2224 εί
719 2142 944 2251 ἀλλάξανται
969 2144 1054 2246 ἔθνη
1078 2142 1179 2228 θεοὺς
1201 2144 1329 2243 αι’ττῶν,

128 2278 151 2314 “
169 2275 230 2348 καὶ
257 2269 355 2350 οῦτοι
382 2271 447 2351 οὐκ
475 2272 545 2350 είσὶ
573 2269 659 2349 θεοί·
708 2269 728 2347 ὁ
756 2266 795 2347 δὲ
824 2265 914 2354 λαός
945 2301 1016 2368 μου
1044 2267 1235 2376 ἠλλάξατο
1263 2267 1330 2369 τήν

79 2402 150 2482 15⁴⁴
170 2392 284 2500 δόξαν
311 2395 451 2491 αῦτοῦ,”
470 2396 527 2474 καὶ
553 2391 667 2475 πάλιν
685 2390 878 2499 “Ἐξε’στη
907 2395 927 2473 ό
954 2391 1103 2496 οὐρανός
1130 2396 1187 2475 ἐπὶ
1214 2395 1329 2503 τοάτιρ
1373 2386 1464 2515 ξξζξξ

128 2527 151 2564 “
170 2521 230 2598 καὶ
257 2517 403 2626 ἔφριξεν
419 2520 477 2600 ἐπὶ
500 2523 626 2599 πλεῖον
647 2513 805 2624 σφόδρα,
825 2515 921 2619 λε’γει
939 2515 1084 2619 Κύριος,
1105 2516 1160 2597 ότι
1183 2517 1247 2598 δάο
1271 2523 1330 2600 καὶ

129 2650 152 2688 “
169 2641 312 2745 πονηρά
346 2643 515 2743 ε’ποίηιτεν
548 2643 568 2721 ὁ
604 2642 694 2726 λαός
730 2669 812 2741 μου·
852 2640 913 2740 ε’μέ
945 2640 1180 2745 ἐγκατέλιπον
1209 2642 1331 2746 πηγὴν

130 2775 152 2814 “
173 2767 301 2852 ὕδατος
320 2767 420 2871 ζωῆς,
439 2769 497 2848 καὶ
516 2764 660 2874 ὤρυξαν
678 2768 814 2850 ἑαυτοῖς
834 2764 990 2850 λάκκους
1012 2765 1361 2870 συντετριμμένουςο
1453 2869 1456 2876 ,

129 2899 152 2936 “
171 2889 206 2970 οί
231 2892 274 2970 οῦ
300 2889 516 3000 δυνήσονται
541 2892 636 2996 ὕδωρ
660 2889 857 2995 συνίχειυ.”
886 2895 960 2970 τιῦν
977 2887 1050 2994 γάρ
1073 2890 1202 2994 ἑτέρων
1219 2893 1332 2972 ε’θνῶν

80 3057 117 3098 ιο
129 3020 204 3094 τῶν
234 3013 303 3094 ἀυά
333 3023 461 3097 πᾶσαν
490 3015 604 3096 ὄντων
633 3013 700 3115 τὴν
731 3012 938 3114 οἰκουμένην
969 3018 1034 3114 τῆς
1066 3017 1156 3100 ἰδίας
1189 3015 1332 3116 πλάνης

130 3139 248 3247 ἀπρὶξ
277 3138 495 3247 ἐξημμεῦωυ,
518 3137 709 3244 ’ἀραρότως
743 3173 782 3220 τε
815 3139 1039 3242 ἀγαπώντων
1068 3138 1129 3225 οῦς
1160 3138 1331 3238 ἐνόμισαν

130 3261 219 3344 εἶναι
239 3264 351 3363 θεοῦς,
369 3267 429 3345 καὶ
451 3267 493 3345 οῦ
517 3265 602 3344 λίαν
620 3262 865 3370 εῦμετάφορον
883 3269 932 3348 είς
950 3261 1159 3344 ἀπόστασιν
1178 3264 1333 3369 ἐχόντων

131 3386 301 3487 διάνοιαν,
330 3389 412 3469 οὔτε
442 3386 514 3489 μὴν
541 3387 697 3472 εὐκόλως
730 3393 778 3472 είς
810 3387 930 3490 ἑτέρας
961 3386 1232 3488 μεθισταμένων
1258 3399 1330 3468 λα·

128 3511 259 3615 τρείας,
292 3512 524 3613 ἀπεπήδησεν
556 3513 576 3593 ὁ
607 3509 763 3615 Ἰσραὴλ
800 3517 845 3618 τῇ
881 3520 946 3592 τοῦ
984 3513 1170 3614 Καίσαρος
1208 3509 1334 3592 ἑαυτὸν

79 3674 117 3736 25
129 3635 349 3739 προσνέμων
372 3639 477 3742 ἀρχή,
504 3640 562 3717 καὶ
589 3634 657 3737 τὴν
681 3645 745 3717 τοῦ
771 3641 867 3716 θεοῦ
895 3637 1089 3733 βασιλείαν
1112 3636 1330 3716 ἀπεδύσατο.

129 3758 315 3863 τοιγάρτοι
353 3765 411 3841 καὶ
441 3759 592 3866 σφόδρα
625 3763 766 3845 δικαίως
798 3766 875 3846 ταῖς
907 3768 972 3840 τοῦ
1008 3759 1194 3862 Καίσαρος
1229 3758 1369 3860 ἐδόθηά

130 3885 270 3988 χερσὶν,
290 3883 331 3964 οῦ
357 3888 415 3964 καὶ
439 3887 477 3965 ἐν
495 3887 623 4000 ἀρχαῖς
639 3883 705 3986 τὴν
723 3886 894 3994 ἐξουσίαν
912 3882 1208 3991 καταδεξάμευος,
1230 3881 1335 3967 αῦτός

129 4042 171 4088 τε
195 4007 351 4089 διόλωλε
378 4016 505 4109 κακῶς,
524 4009 689 4109 ὑπέμεινέ
709 4044 747 4090 τε
773 4014 836 4108 τῆς
862 4008 980 4116 χώρας
1006 4007 1071 4110 τὴν
1089 4007 1334 4115 ἐξανάστασιν

129 4135 192 4213 καὶ
219 4131 267 4212 τά
293 4134 331 4212 ἐκ
359 4141 424 4213 τοῦ
450 4132 611 4234 πολέμου
639 4132 739 4233 πάθη
770 4137 828 4213 καὶ
858 4131 922 4218 τάς
955 4131 1172 4232 ἀνηκέστους
1202 4129 1335 4215 ἐκείνας

76 4300 119 4360 30
130 4254 340 4365 συμφοράς.

1377 2017 1452 2068 Ib.ii‚

1377 2097 1415 2142 το,
1427 2096 1465 2132 11.

171 4551 214 4608 13.
232 4535 390 4626 ἀλλάξονται
403 4537 436 4594 E.
450 4537 555 4613 Migne.
566 4538 761 4610 ἀλλάλιιξονται
774 4539 837 4610 (εἰς)
851 4537 922 4594 Aub.
1101 4549 1143 4610 17.
1161 4535 1289 4610 πονηροὺς
1302 4535 1334 4592 Ε.

132 4623 178 4664 20.
196 4607 244 4679 τήν
255 4625 305 4681 pro
315 4631 367 4666 ταν
380 4608 412 4665 Ε.
520 4627 564 4682 23.
581 4611 770 4682 μεθισταμένης
784 4609 816 4667 Ε.
