3278 5130
318 329 383 390 340
492 326 531 389 B.
556 323 742 390 CYRILLI
769 323 1032 390 ALEXANDR.
1060 325 1343 391 FRAGMENTA
1429 326 1473 390 iv.
1486 347 1522 404 4.

165 437 219 502 [⁹²
232 435 294 499 M]
375 480 521 599 Ἐπειδὴ
560 500 606 580 δέ
634 505 750 606 φησιν
783 503 803 579 ό
835 499 1074 603 μυσταγωγός
1106 499 1268 609 Καθάπερ
1297 501 1368 584 ἀντὶ
1409 505 1523 610 κυρίου

154 641 297 752 ξυναιτία
322 623 523 730 πνεύματος,
550 625 612 702 καί
636 633 659 670 “
672 624 731 703 Οῦ
759 623 796 703 δέ
824 621 865 704 τό
888 632 1027 722 πνεῦμα
1048 627 1193 727 Κυρίου,
1211 625 1420 728 έλευθερία,”
1451 629 1522 724 τῆς

172 717 193 768 ⁷¹
320 753 392 826 τῶν
423 746 579 825 ἀνοσίων
611 750 793 849 αἱρετικῶν
825 746 1069 852 συκοφαντίας
1102 749 1165 828 οῦκ
1197 747 1406 854 ἀνεξόμεθα,
1441 757 1521 833 τοῖς

320 876 477 971 γενητοῖς
503 870 706 970 ἐναρίθμιον
727 875 907 950 ποιεῖσθαι
934 870 976 949 τὸ
996 875 1156 967 Πνεῦμα·
1186 877 1215 950 εί
1238 870 1310 974 γάρ
1331 872 1415 953 ἔνθα
1443 907 1520 953 που

320 996 398 1072 ἐστὶ
426 991 468 1073 τὸ
489 998 647 1091 Πνεῦμα,
665 997 737 1073 ἐκεῖ
760 1027 832 1073 που
855 993 1002 1077 πάντως
1026 997 1084 1074 καὶ
1108 995 1131 1094 ἡ
1157 993 1331 1103 ἐλευθερία,
1350 1003 1427 1080 πῶς
1450 999 1554 1082 οῦκ5

320 1115 504 1218 ἐλεύθερον
523 1114 614 1194 κατὰ
639 1116 752 1223 φύσιν
776 1117 899 1212 έστίν;
929 1123 957 1197 εὶ
980 1117 1019 1197 δὲ
1042 1126 1159 1214 τοῦτο,
1178 1120 1236 1196 καὶ
1253 1127 1327 1198 τῶν
1344 1124 1407 1219 τῆς
1426 1123 1517 1199 δου-

319 1241 417 1324 λείοις
440 1239 513 1318 ἀνω
538 1247 648 1319 κεῖται
674 1240 825 1342 μέτρων·
858 1246 1007 1339 Πνεῦμα
1032 1239 1104 1344 γάρ
1122 1243 1200 1320 ἐστι
1219 1250 1282 1321 τοῦ
1302 1241 1447 1344 Πατρός
1472 1242 1524 1348 ἐξ

320 1365 429 1443 οῦτοῦ
446 1368 567 1462 διῆκον
585 1367 641 1443 ἐπὶ
660 1363 726 1462 τὴν
744 1365 863 1444 κτίσιν
881 1367 919 1444 έν
937 1369 1101 1472 Χριστῷ.

154 1559 307 1645 Κεφ.δ’.4
344 1558 397 1626 Εἰς
424 1561 460 1627 τὸ
488 1559 530 1635 μῦ
561 1560 695 1633 οὐτάσαι
724 1557 832 1626 αὐτοῖο
860 1561 916 1625 τὸν
943 1563 1111 1647 φωτισμὸν
1138 1569 1194 1626 τοῦ
1222 1561 1407 1636 εὐοττελίου
1434 1570 1495 1628 τῆς

484 1685 582 1752 δόξεις
610 1690 666 1749 τοῦ
695 1685 841 1772 Χριστοῦ,
868 1687 904 1752 ὅς
930 1686 1017 1752 ἐστιν
1045 1683 1142 1751 εἰκὼν
1169 1693 1226 1752 τοῦ
1254 1688 1350 1758 Θεοῦ.
1537 1719 1574 1758 ιο

375 1830 521 1928 Ἐπειδὴ
554 1830 658 1929 ἡλίου
691 1830 791 1929 δίκην
823 1831 865 1911 τὸ
903 1831 995 1934 ἱερὸν
1024 1830 1229 1931 ἀναλάμπει
1259 1833 1424 1936 κήρυγμα
1457 1837 1519 1913 καὶ

152 1978 234 2042 snpra
246 1979 280 2028 iii.
320 1953 643 2060 ἀνακεκαλυμμένῳ
661 1953 848 2060 προσώπῳ
865 1961 936 2037 πᾶς
955 1954 1086 2038 πιστὸς
1105 1965 1126 2002 “
1137 1952 1204 2054 τὴν
1222 1954 1332 2062 δόξαν
1349 1957 1485 2056 Κυρίου
1495 1959 1517 1984 ”

154 2045 192 2092 ω’
320 2074 596 2179 κατοπτρίζεται,
617 2077 680 2155 οῦκ
707 2077 751 2155 ἀν
779 2111 832 2161 τις
859 2083 932 2157 τῶν
950 2076 1040 2181 όρθῦι
1069 2077 1299 2183 φρονούντων
1323 2079 1389 2179 τὴν
1407 2087 1520 2160 τινῶν

320 2199 476 2295 ἀμάθιαν
505 2205 556 2306 τῷ
586 2199 668 2308 θείῳ
697 2200 923 2306 καταγράψει
951 2201 1162 2303 κηρύγματι.
1205 2201 1244 2281 τί
1270 2201 1342 2304 γάρ
1372 2208 1402 2282 εί
1430 2200 1519 2309 ε’ξῦν

319 2325 444 2405 εἰδέναι
461 2325 689 2402 ἀποσείονται
712 2321 778 2422 τὴν
793 2331 932 2427 γνῶσιν
950 2332 1056 2405 τινῶν
1073 2325 1327 2428 πεπωρωμένοι
1349 2323 1412 2405 τόν
1429 2333 1519 2406 νοῦν
1536 2367 1574 2422 15

319 2449 363 2555 ἐξ
387 2446 526 2546 ἀπάτης
549 2451 782 2547 διαβολικῆς;
816 2449 899 2526 ἀλλ’
925 2449 961 2527 οἵ
983 2483 1025 2550 γε
1051 2454 1114 2547 τῆς
1140 2450 1271 2528 ε’κείνον
1296 2451 1519 2552 δνστροπίας

319 2572 481 2670 ἀμείνους
498 2570 614 2675 σοφοί
630 2604 667 2648 τε
687 2574 744 2649 καὶ
760 2571 1022 2676 νουνεχέστεροι
1040 2569 1314 2671 πεπλουτήκασι
1332 2570 1398 2672 τὴν
1415 2579 1515 2673 γνῶ-

319 2730 393 2774 σιν.
436 2692 506 2797 ἀρα
533 2692 605 2795 γάρ
633 2698 662 2772 εί
692 2691 889 2796 βαρβάρων
917 2694 1015 2778 τινάς
1045 2693 1235 2799 εἰρηκότων
1263 2698 1323 2775 καὶ
1351 2700 1426 2778 τοῖς
1451 2699 1519 2794 τῆς

320 2820 482 2901 δουλείας
500 2816 704 2896 ῦποθέντων
719 2817 826 2924 ζυγῷ,
841 2819 1018 2920 προσθείη
1037 2853 1090 2902 τις
1111 2819 1229 2922 ἕτερος
1247 2825 1321 2902 τοῖς
1342 2823 1391 2902 εἰς
1408 2826 1521 2899 τοῦτο

318 2949 477 3022 πεσοῦσι
501 2941 744 3042 ταλαιπωρίας
768 2947 841 3020 τῶν
859 2939 1145 3040 συμβεβηκότων
1163 2943 1282 3025 αῦτοῐς
1303 2939 1369 3041 τὴν
1389 2943 1515 3021 ἀπαλ-
1536 2981 1577 3020 οο

320 3064 451 3166 λαγήν·
494 3061 570 3142 εἶτα
601 3066 664 3161 τῆς
692 3064 891 3164 ἐλευθερίας
917 3067 1040 3145 ἐκεῖνοι
1067 3064 1256 3167 προθέντες
1283 3065 1330 3145 τὰ
1357 3061 1522 3168 ῦπόζυγα

320 3194 470 3284 κεῖσθαι,
489 3186 694 3292 ἀνεξίτητον
718 3196 876 3267 ποιοῖντο
901 3186 967 3286 τὴν
991 3188 1195 3294 συμφοράν·
1234 3186 1438 3268 αἰτιάσαιτό
1462 3223 1522 3273 τις

320 3310 398 3389 εἰπέ
415 3343 476 3406 μοι
497 3305 560 3388 τόν
576 3309 755 3410 προθέντα
780 3309 993 3416 φιλαγάθως
1016 3315 1079 3410 τῆς
1097 3313 1295 3413 ἐλευθερίας
1313 3313 1431 3394 αῦτοῖς
1450 3309 1522 3410 τὴν

321 3434 440 3512 ἀδειαν
469 3430 492 3533 ἢ
521 3439 666 3530 μᾶλλον
697 3434 848 3516 ἐκείνους
883 3435 1104 3530 δυσβουλίας
1135 3431 1340 3540 γράψεται;
1387 3435 1523 3513 οῦκοῦν

320 3557 519 3659 προύθηκεν
536 3553 601 3654 μὲν
620 3557 727 3634 ότιῦν
749 3555 846 3635 όλων
865 3555 957 3639 Θεὸς
980 3564 1052 3640 τοῖς
1079 3554 1244 3636 ἐθέλουσι
1268 3555 1449 3637 πιστεύειν
1468 3560 1522 3641 είς
1538 3593 1581 3653 25

320 3676 383 3756 τόν
401 3677 500 3774 Υίόν,
519 3677 562 3758 τὸ
580 3683 705 3785 γυμνῷ
722 3683 778 3759 καὶ
797 3680 1120 3787 ἀνακεκαλυμμένῳ
1137 3681 1325 3789 προσώπῳ
1343 3681 1522 3759 καταθεεί-

320 3808 461 3881 σασθαι
488 3800 555 3901 τὴν
578 3802 689 3908 δόξαν
714 3804 831 3883 αῦτοῦ·
866 3804 1127 3906 διημαρτήκασι
1155 3803 1193 3883 δὲ
1220 3807 1282 3903 τῆς
1310 3803 1455 3908 χάριτος
1483 3810 1523 3884 σί

359 3969 418 4018 1-4.
438 3950 658 4018 ἐπειδὴ-πνεῦμα
669 3967 723 4006 om.
738 3949 775 4005 Η.
903 3951 966 4018 4-8.
987 3951 1054 4006 Vide
1066 3951 1131 4005 haec
1143 3951 1260 4006 exhibita
1271 3968 1352 4022 supra
1364 3951 1397 4005 ad
1410 3952 1460 4005 loc.
1474 3951 1522 4021 (p.

321 4036 383 4092 337,
398 4019 495 4092 21-27)
509 4039 541 4075 ex
556 4020 592 4086 H,
606 4021 652 4092 qui
668 4029 756 4074 tamen
769 4021 850 4075 ethic
863 4021 909 4092 (ut
925 4021 1013 4092 saepe)
1028 4023 1128 4090 repetit,
1142 4022 1337 4092 aliquantulum
1350 4021 1522 4090 abbrevians,

321 4093 344 4145 εί
356 4093 440 4146 τοίνυν
452 4093 517 4146 ὅπου
530 4093 559 4144 τὸ
572 4094 676 4158 Πνεῦμα
688 4091 739 4145 ε’κεῐ
750 4093 791 4145 καὶ
802 4092 944 4161 ε’λευθερίο,
956 4093 1048 4146 οῦκοῦν
1058 4091 1196 4160 ἐλεύθερον
1207 4094 1236 4146 τὸ
1247 4095 1346 4160 πνεῦμα
1358 4093 1421 4145 κατά
1433 4091 1523 4161 φύσιν

322 4163 379 4218 ἐστι
398 4163 439 4216 καὶ
452 4163 501 4231 ἔξω
512 4167 562 4216 τῶν
574 4164 618 4230 τῆς
637 4161 753 4217 δουλείας
771 4163 829 4216 ἐστὶ
846 4162 946 4230 μέτριον
957 4163 998 4215 καί
1013 4163 1120 4232 γενητὸν
1130 4165 1180 4234 οὐχ
1194 4163 1313 4232 ὑπάρχει,
1324 4161 1394 4215 ἀλλά
1407 4163 1522 4216 συντάτ-

321 4254 391 4287 τεται
403 4234 434 4300 τῇ
447 4232 566 4286 ἀνωτάτω
578 4233 619 4284 καὶ
631 4231 759 4305 ε’λενθέρῳ
772 4231 833 4300 (sic)
845 4231 935 4302 φύσει·
953 4235 1052 4300 πνεῦμα
1064 4233 1104 4302 (7)
1119 4232 1156 4286 Η.
1285 4233 1312 4286 8.
1331 4232 1417 4300 διῆκον
1430 4231 1469 4285 H.
1482 4233 1521 4286 cf.

322 4319 442 4424 ffimsp.
453 4301 514 4424 3216,
527 4302 609 4424 1⁵·ng
622 4300 682 4370 ἧκον
692 4301 754 4424 Edi
818 4317 911 4368 11—24.
925 4300 1039 4425 (οὖηοῦν)
1050 4303 1130 4424 ίηοὶιὶο
1143 4301 1347 4427 supgeditato‘fi
1408 4301 1449 4356 18.
1463 4305 1523 4426 wig

323 4373 902 4564 {ndsvffiffegeegligufflffi‘rssnfirrlb9‘sisyn.
913 4389 953 4442 ¹9⁸
982 4389 1114 4497 egeffss
1127 4381 1399 4513 Ἢθτόῡπθθρτθίοτο
1411 4387 1519 4497 εθιθιίθί-

337 4527 383 4563 Um
415 4527 437 4564 lC
451 4527 504 4566 om.
549 4550 555 4567 .
1355 4533 1358 4538 “
