3280 5142
135 325 278 408 xvii.24.
325 329 380 394 IN
411 330 445 394 S.
470 329 729 396 JOANNEM.
776 330 960 396 LIB.XI.
1007 329 1216 396 CARXII.
1317 329 1336 390 7

136 493 518 540 ις’κλὶν
665 493 1148 530 ἰπνοῖς*

177 529 277 575 αυτοι
296 532 361 578 τον
380 502 476 579 Θεον
495 503 661 601 οψονται.
708 531 784 577 ειτα
803 530 891 582 τινες
908 531 952 576 αν
970 531 1038 577 ειεν
1057 530 1089 576 οι
1109 530 1175 596 την
1192 497 1339 597 καρδιαν

137 615 281 722 ἔχοντες
310 619 482 724 καθαρὰν,
501 626 531 700 εί
553 619 604 720 μὴ
624 623 745 701 ἐκεῖνοι
774 619 818 720 δὴ
842 620 984 705 πάντως
1013 626 1046 701 οί
1068 626 1113 726 τῇ
1134 617 1225 722 πρὸς
1244 615 1340 698 Θεὸν

136 741 260 822 ἐνύσει
288 749 334 851 τῇ
364 747 406 824 δι’
430 749 521 826 Υἱοῦ
548 747 586 825 ἐν
606 745 799 844 Πνεύματι,
828 747 1072 852 φιλοσαρκίας
1100 744 1166 842 μέν
1193 740 1338 848 ἁπάσης

137 866 449 970 ἀναχωρήσαντες,
486 867 617 969 ἡδονὴν
652 866 690 947 δέ
728 872 776 952 ὡς
809 867 1027 972 ποῤῥωτοίτω
1063 866 1130 968 τὴν
1161 863 1339 965 κοσμικὴν
1351 887 1505 944 a1005A.

105 990 385 1091 5ποιησοίμενοι,
404 995 462 1072 καί
487 989 553 1092 τὴν
575 991 641 1092 μέν
662 993 792 1073 οἰκείαν
814 988 940 1094 ὥσπερ
962 989 1203 1096 ἀρνησάμενοι
1227 986 1335 1094 ζωὴν,

138 1114 326 1201 ἀναθέντες
353 1116 391 1198 δέ
413 1115 506 1223 μόνῃ
534 1123 579 1222 τῇ
607 1116 755 1218 θελήσει
782 1124 847 1196 τοῦ
866 1116 1088 1216 Πνεύματος,
1113 1120 1278 1219 καθαρῶς
1300 1148 1339 1194 τε

138 1240 196 1316 καὶ
224 1238 433 1342 ὁλοτρύπως
465 1238 764 1339 πολιτευσάμενοι
797 1245 848 1346 τῷ
872 1245 1035 1347 Χριστῷ,
1064 1235 1185 1323 ὁποῖός
1213 1272 1266 1323 τις
1294 1235 1340 1336 ἦν

139 1364 195 1440 καὶ
215 1365 236 1442 ὁ
258 1369 418 1460 Παῦλος,
437 1366 473 1444 ἐκ
503 1368 647 1463 πολλῆς
674 1359 769 1465 ἄγαν
795 1367 858 1462 τῆς
886 1361 1036 1463 ἐνούσης
1060 1364 1156 1471 αὐτῷ
1181 1359 1336 1464 καθαρό-

138 1517 244 1584 τητος
262 1487 304 1566 οὐ
326 1489 539 1572 καταδείσας
563 1491 670 1568 εἰπεῖν
692 1497 712 1534 “
726 1491 878 1595 Χριστῷ
894 1489 1205 1589 συνεσταύρωμαι·
1232 1485 1280 1589 ζῶ
1300 1481 1338 1564 δέ

89 1620 160 1688 1o“
179 1610 296 1690 οῦκέτι
314 1608 395 1713 ἐγὼ,
415 1609 458 1718 ζῇ
477 1611 515 1692 δέ
539 1614 577 1692 ἐν
595 1614 671 1710 ἐμοὶ
691 1609 889 1714 Χριστός.”
927 1610 1044 1692 ἀκούω
1068 1610 1106 1692 δέ
1133 1616 1191 1690 καί
1218 1610 1338 1714 ἐτέρου

138 1733 234 1818 τινὸς
265 1740 338 1814 τῶν
375 1736 488 1837 ἁγίων
519 1734 733 1844 ψύλλοντύς
762 1770 801 1815 τε
834 1739 893 1815 καὶ
924 1736 1096 1838 λε’γοντος
1133 1746 1154 1784 “
1176 1735 1338 1839 Καρδίαν

139 1869 159 1903 “
179 1857 341 1961 καθαρὰν
366 1861 493 1940 κτίσον
515 1863 553 1939 ἐν
570 1863 658 1960 ἐμοὶ,
679 1861 699 1938 ὁ
718 1858 823 1957 θεὸς,
842 1863 899 1940 καὶ
924 1867 1065 1957 πνεῦμα
1091 1859 1188 1944 εύθές
1215 1860 1336 1962 ἐγκαί-

138 1993 160 2028 “
178 2016 285 2063 νισον
311 1985 349 2062 ἐν
376 1990 449 2068 τοῖς
475 1982 636 2086 ε’γκοὶτοις
664 2018 746 2081 μου·
781 1980 831 2083 μὴ
861 1985 1067 2091 ἀποῤῥίψῃς
1096 2019 1141 2083 με
1170 1981 1243 2064 ἀπὸ
1275 1991 1339 2064 τοῦ

138 2116 159 2152 “
178 2105 380 2208 προσώπου
393 2142 474 2204 σου,
489 2109 547 2188 καὶ
565 2106 607 2188 τὸ
624 2105 774 2207 Πνεῦμοί
791 2141 862 2187 σου
876 2106 917 2188 τὸ
930 2105 1063 2209 ’Ἂγιον
1077 2107 1127 2209 μὴ
1142 2107 1372 2214 ἀντανέλῃςῑ)

1383 1473 1440 1525 Gal.
1453 1473 1479 1526 ii.

1385 1554 1424 1592 20.

1382 1731 1425 1781 1³2.
1435 1731 1453 1781 1.

1385 1810 1472 1858 ιι-ι4.

90 2265 125 2324 ¹5
138 2241 160 2276 “
179 2232 240 2311 ἀπ’
261 2233 358 2330 ἐμοῦ·
397 2231 531 2317 ἀπόδος
554 2265 615 2331 μοι
638 2231 704 2332 τὴν
722 2230 947 2332 ἀγαλλίασιν
971 2239 1035 2312 τοῦ
1060 2234 1240 2335 σωτηρίου
1257 2265 1340 2330 σου,

139 2365 160 2402 “
178 2360 238 2434 καὶ
264 2355 441 2454 πνεύματι
467 2357 664 2464 ἡγεμονικῷ
691 2353 866 2463 στήριξύν
893 2357 974 2455 με.”
1018 2357 1241 2459 ἀγαλλίασιυ
1268 2355 1341 2461 γὰρ

138 2481 321 2582 σωτηρίου
340 2480 390 2559 ’τὸ
412 2486 561 2579 Πνεῦμα
589 2487 702 2578 καλεῖ,
731 2479 792 2560 ἅτε
821 2477 948 2579 δήκαὶ
976 2480 1139 2586 ῦποίρχον
1165 2478 1341 2586 πρόξενον

140 2610 254 2708 χαρᾶς
272 2602 338 2701 μέν
362 2604 597 2704 ἀτελευτήτου
616 2607 674 2683 καὶ
692 2607 882 2704 διηνεκοῦς,
902 2604 1089 2705 ἡγεμονίας
1110 2600 1146 2682 δέ
1168 2607 1231 2702 τῆς
1250 2601 1342 2683 κατὰ

139 2734 268 2809 παθῶν
296 2733 370 2808 πῶν
398 2729 436 2807 ἐν
465 2726 593 2836 κόσμιρ
619 2725 844 2832 παρεκτικόν·
890 2732 1039 2826 Πνεῦμα
1068 2727 1140 2830 γάρ
1167 2729 1247 2807 ἐστι
1277 2735 1342 2808 τοῦ

91 2884 126 2922 20
142 2852 234 2932 κατὰ
258 2850 432 2951 ἀλήθειαν
463 2853 655 2953 σωτηρίου,
685 2849 851 2932 τουτέστι
877 2855 1058 2954 Χριστοῦ.
1104 2849 1343 2955 πολυτρόπως

140 2975 256 3078 γεμὴν
284 2973 466 3079 ὀνομάζων
489 2973 588 3072 αύτὸ,
606 2978 665 3055 καὶ
690 2975 840 3077 καρδίαν
862 2976 1077 3077 προσείρηκε
1100 2975 1261 3079 καθαρὰν
1284 2979 1343 3056 καὶ

140 3109 282 3198 πνεῦμα
309 3097 483 3180 ἐκάλεσεν
512 3098 620 3196 εύθές,
646 3096 707 3179 ἅτε
736 3095 780 3196 δὴ
808 3098 872 3178 ούκ
900 3097 1055 3204 ἐχόντων
1084 3100 1249 3199 εύθυτενῆ
1277 3099 1344 3200 τήν

142 3226 302 3328 καρδίαν,
340 3222 513 3324 σκαμβὴν
551 3221 589 3303 δέ
624 3229 771 3322 μᾶλλον
807 3224 866 3302 καὶ
903 3223 1199 3326 διεστραμμένην,
1236 3226 1284 3307 ὡς
1321 3223 1491 3316 ἀείναος.

142 3350 305 3454 ψάλλων
333 3350 439 3453 φησὶ,
466 3353 540 3427 τῶν
567 3349 667 3427 οὔπω
699 3345 1000 3448 προσενωθέντων
1027 3349 1079 3454 τῷ
1107 3349 1191 3454 θεῷ
1218 3346 1343 3428 καὶέν

91 3507 129 3568 ²5
142 3472 282 3579 μεθέξει
318 3468 519 3574 γεγονότων
548 3474 612 3570 τῆς
648 3469 815 3572 εὐλογίας
847 3475 1012 3572 Χριστοῦ
1041 3474 1105 3569 τῆς
1132 3471 1192 3551 διὰ
1220 3471 1340 3552 Πνεύ·

143 3631 266 3694 ματος.

198 3721 265 3805 Ὠς
288 3721 327 3800 ἐν
354 3719 540 3827 κεφαλαίῳ
558 3725 749 3821 τοιγαροῦν
768 3723 887 3817 είπεΐν,
907 3716 1088 3824 ἐξαίρετον
1115 3726 1189 3804 τοῖς
1216 3721 1342 3800 ἑαυτοῦ

145 3847 336 3948 γνωρίμοις
358 3845 623 3943 ἀπονεμηθῆναι
647 3841 714 3941 τὴν
737 3840 844 3946 χάριν
868 3839 1049 3943 ήθίλησεν
1072 3845 1092 3922 ὁ
1119 3841 1258 3945 Σωτήρ,
1276 3840 1344 3940 τὴν

144 3971 184 4048 ἐκ
201 3977 265 4050 τοῦ
284 3970 446 4048 συνεῖναί
469 4001 507 4046 τε
530 3968 625 4073 αὐτῷ
652 3967 711 4046 καὶ
740 3968 828 4069 ὁρᾶν
855 3963 908 4060 τήν
937 3961 1035 4074 δόξαν
1054 3968 1175 4046 αὐτοῦ·
1205 3964 1343 4068 ήγιιπή-

95 4125 131 4182 30
144 4101 228 4176 σθαι
258 4093 303 4174 δέ
327 4100 423 4199 φησι
451 4095 509 4171 καὶ
539 4091 601 4198 πρδ
634 4088 837 4184 καταβολῆς
869 4093 1007 4196 κίσμιν,
1038 4088 1276 4194 ἀρχαιοτάτην
1306 4091 1344 4168 ἐν

143 4218 282 4302 τούτοις
312 4217 350 4297 εὖ
381 4216 485 4318 μάλα
516 4213 651 4298 δεικνῦς
684 4210 750 4314 τὴν
779 4223 843 4296 τοῦ
877 4216 959 4294 καθ’
990 4211 1116 4293 ἑαυτὸν
1144 4215 1345 4316 μυστηρίου

184 4523 225 4562 ιο.
239 4501 343 4588 ,ἀκούων
354 4504 388 4559 E.
552 4500 646 4574 13-16.
663 4500 779 4592 μνη-ἀρ’
792 4499 855 4568 ἐμοῦ
867 4507 928 4570 post
940 4497 1065 4570 ατήριξόν
1075 4522 1107 4571 με
1120 4507 1301 4572 tranuponunt
1313 4497 1346 4556 Ε.

148 4577 281 4648 Georgms
293 4575 407 4647 Trapez.
580 4589 624 4628 20.
643 4595 691 4630 κατ
712 4571 815 4644 M1gne.
