3284 5130
298 305 341 370 88
605 305 646 371 Β.
670 304 882 371 CYRILLI
912 303 1208 369 ALEXANDR.
1307 304 1372 368 xix.
1387 321 1438 388 23,
1453 319 1506 380 24.

299 474 444 572 πρῶτον
461 467 528 572 μέν
545 470 604 551 ἵνα
621 468 868 573 γινωσκωμεν,
888 468 943 550 ότι
963 467 1057 554 Θεὸς
1075 468 1166 550 κατὰ
1184 465 1300 575 φύσιν
1319 466 1503 571 ὑπάρχων,

300 598 374 673 τῶν
397 593 549 675 ἔσεσθαι
573 591 787 692 μελλόντων
805 592 986 696 ἠγνόησεν
1005 591 1117 690 οὐδὲν,
1135 589 1211 672 εἶτα
1237 590 1329 696 πρὸς
1351 588 1503 682 τούτοις,

133 715 358 798 1003Α.αἰνα
386 717 611 816 πιστεύωμεν
638 716 748 799 αὐτὸν
775 721 921 819 άληθῶς
950 713 1039 798 εἰναι
1068 715 1133 798 τὸν
1159 712 1503 819 προκεκηρυγμένον,

301 839 360 921 διοί
387 848 540 922 πολλῶν
563 841 662 923 ὅσων
683 849 757 924 τῶν
781 843 834 924 ἐπ’
855 843 952 951 αὐτῷ
978 841 1244 942 τετελεσμένων
1266 839 1325 920 ἐπὶ
1351 837 1418 938 τήν
1439 841 1503 936 τῆς

302 965 471 1066 ἀληθείας
487 965 684 1067 ἐπίγνωσιν
701 966 973 1072 ποδηγούμενοι.
1517 997 1536 1056 5

358 1095 403 1170 Εἰ
421 1089 460 1170 δὲ
478 1094 534 1171 δεῖ
547 1125 583 1172 τι
600 1089 714 1172 πάλιν
732 1093 790 1171 καὶ
815 1093 874 1173 ε’πί
897 1096 944 1196 τῇ
968 1097 1041 1172 τῶν
1060 1089 1208 1191 ἱματίων
1225 1091 1375 1194 διανομῇ
1398 1120 1497 1188 περι·

300 1213 554 1320 σκεψαμείιους
572 1221 691 1314 εἰπεῖν,
712 1212 732 1294 δ
751 1219 810 1295 καί
828 1213 972 1311 βλάβος
989 1214 1055 1317 μὲν
1073 1214 1163 1295 οἴσει
1182 1218 1370 1296 παντελῶς
1388 1209 1500 1304 οὐδὲν,

300 1337 423 1440 ὀνήσει
451 1339 489 1420 δέ
516 1337 610 1445 τάχα
637 1335 721 1424 τοὺς
747 1338 1025 1445 ἐντευξομένους,
1044 1341 1114 1443 έρῶ
1142 1336 1186 1438 δή
1214 1339 1415 1417 καὶτοῦτο.
1453 1340 1502 1419 εἰς

299 1461 466 1566 τέσσαρα
489 1465 579 1568 μέρη
604 1461 650 1544 τοί
675 1471 740 1544 τοῦ
763 1467 931 1565 Σωτῆρος
956 1462 1132 1548 διελόντες
1158 1459 1290 1560 ἱμάτια,
1309 1459 1503 1563 ἀμέριστον

301 1595 454 1691 τηροῦσι
486 1585 550 1667 τὸν
580 1588 651 1685 ἕνα,
683 1591 747 1687 τῆς
780 1584 974 1692 ἀφράστοιο
1005 1588 1140 1693 σοφίας
1172 1593 1238 1665 τοῦ
1271 1589 1502 1684 Μονυγενοῦς
1520 1617 1558 1658 ιο

301 1710 540 1814 διοικουμένης
571 1710 696 1813 ὥσπερ
728 1743 763 1790 τι
794 1713 852 1790 καί
887 1709 946 1791 διοί
980 1710 1108 1791 τούτου
1144 1715 1293 1810 σημεῖον
1325 1712 1503 1807 μυστικῆς

301 1836 511 1934 οἰκονομίας,
529 1835 573 1914 δι’
593 1833 634 1936 ἧς
657 1833 788 1932 ἔμελλε
807 1832 852 1914 τὰ
870 1833 1037 1937 τέσσαρα
1054 1838 1118 1934 τῆς
1137 1831 1340 1932 οἰκουμένης
1357 1831 1498 1912 ἀνασώ-

299 1957 426 2062 ζεσθαι
443 1957 544 2061 μέρη.
581 1959 794 2062 ἐμερίσαντο
811 1956 884 2062 γάρ
904 1958 1014 2037 οἱονεί
1031 1991 1108 2041 πως
1134 1958 1194 2036 καὶ
1211 1956 1413 2058 άμερίστως
1430 1957 1501 2061 ἔχει

264 2081 344 2166 br&
362 2082 529 2184 τέσσαρα
547 2084 611 2180 τῆς
629 2082 833 2182 οἰκουμένης
854 2081 944 2182 μέρη
969 2079 1011 2162 τὸ
1037 2079 1140 2185 άγιον
1159 2080 1271 2163 ὅντως
1295 2087 1359 2161 τοῦ
1378 2076 1501 2182 Λόγου

297 2206 520 2310 περίβλημα,
548 2206 714 2285 τουτέστι
741 2203 783 2284 τὸ
811 2212 921 2303 σῶμα
948 2206 1069 2287 αὐτοῦ.
1117 2200 1500 2308 κατακερματιζόμενος
1515 2237 1555 2296 15

296 2328 368 2434 γὰρ
390 2332 428 2410 έν
446 2337 520 2414 τοῖς
546 2331 629 2410 καθ’
650 2329 721 2427 ἕνα,
741 2331 800 2409 καὶ
824 2325 892 2429 τήν
910 2329 1065 2410 ἑκάστου
1091 2326 1217 2436 φυχήυ
1236 2327 1391 2432 ἁγιάζων
1409 2325 1500 2428 μετὰ

294 2461 360 2534 τοῦ
378 2453 548 2553 σώματος
567 2450 627 2534 διιί
651 2458 715 2553 τῆς
740 2453 829 2538 ἰδίας
847 2452 985 2557 σαρκὸς
1007 2455 1027 2533 ό
1049 2451 1271 2555 Μονογενὴς,
1291 2449 1500 2554 ὁλοκλήρως

296 2579 355 2658 καὶ
379 2579 579 2682 άμερίστως
605 2579 642 2657 έν
661 2575 759 2661 όλοις
784 2578 886 2658 ε’στίν
904 2574 953 2661 εἰς
978 2573 1150 2682 ὑπάρχων
1167 2579 1349 2680 πανταχῆ·
1388 2575 1496 2675 μεμέ-

295 2736 419 2806 ρισται
436 2700 508 2806 γὰρ
525 2703 689 2801 οὐδαμῶς
711 2699 802 2781 κατὰ
826 2697 892 2801 τήν
909 2709 974 2780 τοῦ
994 2700 1148 2781 Παύλου
1166 2696 1303 2806 φωνήν.
1333 2698 1501 2800 τοιαύτην

297 2825 381 2924 ἡμῖν
397 2833 462 2906 τοῦ
480 2825 557 2904 κατ’
578 2822 687 2904 αιἰτὸν
703 2825 904 2926 μυστηρίου
922 2821 988 2923 τήν
1007 2824 1158 2922 δύναμιν
1176 2824 1234 2902 καὶ
1259 2821 1281 2922 ἡ
1306 2831 1371 2903 τοῦ
1389 2820 1500 2922 νόμου
1516 2853 1556 2894 20

297 2945 524 3055 καταγράφει
556 2945 656 3027 σκιά.
707 2947 873 3029 διετόπου
905 2947 977 3051 γὰρ
1007 2946 1261 3047 λαμβάνεσθαι
1293 2943 1357 3027 τὸν
1386 2945 1500 3048 ἀμνόν

299 3068 390 3151 κατὰ
411 3068 476 3152 τὸν
494 3072 591 3177 αὐτῷ
618 3070 801 3174 πρέποντα
829 3071 964 3176 καιρὸν,
983 3070 1240 3170 λαμβάνεσθαι
1264 3068 1307 3148 δέ
1325 3106 1412 3170 πως,
1433 3073 1501 3177 οὐχ

270 3193 442 3303 οέκάστερ
470 3193 562 3274 κατὰ
589 3192 754 3303 κεφαλὴν
773 3195 887 3294 ἀμνὸν
904 3195 977 3296 ἕνα,
995 3195 1072 3275 κατ’
1092 3191 1245 3275 οἰκονδέ
1272 3201 1419 3293 μᾶλλον
1440 3199 1499 3276 καί

135 3325 218 3379 Exod.
302 3316 394 3398 κατὰ
412 3317 568 3419 πληθύν·
604 3317 839 3425 συλλήψεται
857 3319 941 3423 γὰρ,
959 3322 1087 3426 φησίν,
1108 3317 1260 3402 ἕκαστος
1275 3315 1339 3398 τὸν
1358 3321 1500 3420 γείτονα

135 3409 180 3444 ΧΠ.
211 3428 218 3443 ι

193 3407 209 3458 ⁴
304 3445 362 3523 καὶ
379 3441 442 3523 τὸν
453 3442 615 3542 πλησίον
628 3443 747 3523 αι’ττοῦ.
768 3447 826 3522 καὶ
837 3444 1041 3548 μερίζεσθαι
1052 3442 1118 3543 μὲν
1129 3445 1222 3524 οὕτω
1236 3440 1438 3523 κεκέλευκεν
1452 3449 1499 3528 εἰς
1516 3476 1554 3537 25

303 3567 465 3651 πολλοὺς
487 3563 552 3645 τόν
573 3563 696 3665 ἀμνὸν,
716 3567 881 3647 ἀλλ”ἵνα
908 3565 958 3669 μή
983 3564 1097 3649 πάλιν
1115 3566 1160 3674 ἐξ
1183 3566 1280 3648 οἰκον
1298 3564 1387 3669 πρὸς
1404 3564 1501 3648 οἰκον

302 3689 619 3788 ἀποκομισθέντων
646 3689 755 3769 αὐτοῦ
781 3696 855 3769 τῶυ
877 3697 990 3793 κρεῶν
1017 3687 1316 3794 καταμερίζεσθαί
1337 3725 1414 3776 πως
1442 3690 1501 3772 διοί

341 3918 400 3973 1-3.
418 3897 656 3968 ὅτι-πιστεύωμεν
668 3897 737 3967 (scil.
750 3897 784 3954 ab
797 3921 876 3969 -ωμεν
887 3899 921 3956 ad
935 3923 1015 3970 -ωμεν
1025 3901 1191 3971 transiliens)
1204 3919 1258 3956 om.
1272 3901 1314 3970 Ep
1390 3921 1416 3970 4.
1435 3901 1501 3958 ὅσον

303 3967 749 4042 Εμόσονειιὸσωνιιιιιιιιιεαδιιιι
763 3969 806 4038 Εη.
913 3971 939 4028 6.
958 3969 990 4042 δή
1004 3972 1046 4041 E..
1146 3973 1217 4044 8-19
1230 3973 1294 4028 citat
1306 3971 1375 4028 Cod.
1389 3971 1499 4029 coislin.

302 4044 386 4099 Ρατίι.
401 4053 450 4124 ττη
465 4038 602 4110 (δοιοδγο.
614 4057 667 4094 sec.
679 4038 746 4108 xiv‚)
759 4040 806 4096 fol.
819 4043 867 4097 118
880 4061 906 4098 υ.
1043 4061 1069 4115 9.
1088 4043 1217 4100 διελόντες
1228 4044 1260 4099 τδ
1272 4047 1318 4098 τοῦ
1330 4045 1446 4114 Σωτῆρος
1458 4045 1499 4097 in·

301 4132 379 4169 verso
392 4111 485 4168 οιδιιιο
497 4127 521 4164 ιι.
535 4109 604 4164 eod.
617 4109 700 4166 Coisl.
711 4111 795 4166 invito
808 4111 890 4168 Cord.
1050 4131 1093 4170 11.
1111 4113 1286 4185 διοικουμένης
1297 4131 1321 4169 ιι.
1335 4113 1402 4168 eod.
1417 4113 1499 4170 Coinl.

303 4183 385 4240 Cord.
399 4183 420 4238 F
432 4200 487 4254 mg.
500 4181 736 4252 διοικονομουμένης
751 4182 779 4236 F.
793 4182 845 4238 Ed.
899 4187 976 4239 τοῦτο
990 4181 1072 4238 cord.
1245 4201 1286 4239 12.
1304 4184 1369 4255 με’ρη
1381 4193 1442 4239 ante
1454 4187 1500 4253 τῆς

302 4262 481 4326 transponunt
493 4271 518 4308 a.
531 4251 600 4308 cod.
614 4251 696 4306 Coisl.
711 4252 792 4306 Cord.
846 4253 1020 4322 διασώζεσθαι
1032 4254 1121 4310 iidem.
1251 4271 1295 4326 13.
1314 4255 1453 4325 ι’μερίσοτο
1467 4255 1499 4311 E.

302 4325 343 4379 καί
354 4325 433 4378 οίονεί
443 4344 498 4380 πως
509 4323 614 4378 inverso
626 4321 719 4376 ordine
733 4321 801 4376 cod.
815 4323 897 4380 Coisl.
962 4322 1016 4396 κοί]
1031 4325 1054 4378 εἰ
1066 4327 1107 4380 καί
1119 4344 1143 4380 a.
1266 4342 1306 4392 14.
1324 4325 1442 4399 τέσσαρα
1454 4329 1500 4418 της

300 4393 447 4464 οἰκουμένης
458 4393 514 4460 ἰιουΙ
521 4393 615 4448 ordine
628 4390 698 4446 cod.
711 4391 793 4447 Coisl.
806 4392 889 4451 Cord.
937 4399 983 4450 τοῦ
996 4398 1082 4465 Λόγου
1094 4415 1149 4452 om.
1162 4395 1231 4450 cod.
1243 4395 1327 4451 Coisl.
1410 4399 1451 4452 18.
1463 4420 1501 4454 εις

300 4465 439 4519 omem.
453 4461 521 4516 cod.
535 4462 619 4518 Coinl.
672 4467 804 4535 πανταχοῦ
816 4481 841 4521 a.
950 4482 991 4536 19.
1009 4469 1122 4524 τοῦοιῐι.
1136 4467 1205 4523 cod.
1219 4466 1303 4523 Coisl.
1392 4483 1435 4538 25.
1454 4471 1501 4524 τδν

299 4543 469 4606 assumptum
481 4549 513 4587 ex
527 4533 560 4588 E.
