3274 5262
159 349 215 390 nux
562 334 722 396 INDEX
766 337 952 396 RERUM.
1295 335 1355 393 637

198 518 369 593 possidebat,
380 519 453 576 male
466 518 576 593 optavit
590 522 731 578 975-977
822 529 854 578 ut
881 519 1042 597 philosophi
1069 517 1228 594 superiores
1255 515 1354 576 existi·

199 616 352 674 voluntatis
367 617 492 674 habenas
507 616 630 675 &tanae
644 617 732 674 tradi·
823 617 893 676 mari
908 618 1041 676 studeant
1055 619 1114 676 686
1129 617 1155 674 b.

197 713 239 771 dit
256 717 333 773 1012
349 715 405 772 ab.
782 715 934 774 Laetitiam
960 715 1068 773 Christi
1089 716 1204 780 hahere,
1227 731 1280 770 nos
1304 730 1356 787 pro

155 810 272 869 Judicat
292 812 384 886 sequi
406 830 464 868 non
482 813 561 870 venit
582 812 618 869 ed
639 812 732 870 lucem
822 814 940 872 aliorum
972 813 1128 871 salvatione
1162 811 1290 870 similiter
1323 827 1357 865 ec

201 913 257 967 155
272 910 350 967 cde.
823 911 888 986 Ipse
902 912 1062 987 expendere
1077 913 1136 968 886
1151 910 1208 968 eb.

156 1007 317 1065 “Judicsre
332 1007 487 1065 secundum
502 1008 645 1066 carnem”
664 1008 732 1084 quid
782 1009 903 1067 Laetitia
950 1009 1077 1084 perfectu
1118 1015 1148 1066 et
1194 1005 1358 1082 imperfecta

198 1108 256 1163 512
269 1105 312 1164 de
334 1105 461 1181 judicare
471 1106 626 1164 secuudum
637 1105 731 1164 Deum
823 1108 882 1165 886
897 1126 922 1165 c.

196 1203 234 1261 ib.
250 1204 277 1260 d.
782 1204 938 1262 “Laetitia
965 1203 1094 1262 salutarie
1120 1201 1201 1260 Tui'’
1231 1200 1356 1277 spiritus

156 1300 176 1359 J
180 1301 293 1359 udicaut
317 1301 407 1358 malos
429 1301 448 1357 ii
470 1301 517 1375 qui
538 1301 611 1359 bene
633 1301 732 1357 vivunt
823 1302 946 1359 Sanctus
962 1305 1039 1361 1005
1054 1302 1082 1360 b.

197 1398 229 1456 M
245 1404 283 1458 55
303 1400 363 1475 [pp.
374 1402 443 1466 262,
460 1401 504 1474 3].
781 1399 905 1474 Lapides
920 1399 1019 1470 sancti,
1033 1398 1165 1476 Apostoli
1181 1401 1239 1457 322
1254 1416 1287 1458 e..

156 1497 176 1555 J
180 1497 306 1554 udicatus
331 1497 391 1571 jam
419 1495 590 1565 incredulus,
616 1495 675 1570 ipse
702 1494 732 1550 in
782 1497 876 1572 Lapis,
902 1497 1032 1554 Christus
1052 1496 1153 1554 asab
1187 1496 1294 1553 electus
1318 1493 1357 1551 iii.

197 1596 319 1671 seipsum
348 1594 518 1652 seutentiam
546 1594 639 1650 serens
667 1611 731 1650 oum
824 1598 892 1653 447.

197 1693 271 1749 Eum
285 1692 343 1761 Qui
358 1711 415 1749 uon
434 1691 562 1766 judicare
577 1691 667 1748 voluit
686 1709 731 1748 re·
782 1693 925 1769 Lapideae
943 1691 1082 1768 Decalogi
1105 1691 1217 1749 tabulae
1236 1709 1285 1748 cor
1304 1691 1356 1748 Ju-

196 1800 276 1848 euset
294 1794 350 1848 154
362 1809 388 1857 e,
407 1794 464 1848 155
480 1809 507 1846 a.
822 1792 958 1849 dacorum
991 1790 1132 1866 lapideum
1165 1789 1359 1865 praefigurant

155 1888 261 1947 Judicii
291 1889 351 1946 dies
374 1892 413 1946 83
428 1907 453 1958 c,
482 1892 541 1946 234
555 1907 581 1954 e,
614 1889 732 1954 lille,
824 1887 909 1948 M89
924 1889 972 1949 fin.

197 1987 234 2045 oi.
250 1988 319 2052 236,
335 1991 393 2044 237
410 2006 436 2052 e,
458 1985 585 2053 auehe,
605 1990 664 2045 297
680 1985 732 2058 de,
782 1987 893 2062 Lapsus
926 2006 1030 2063 parvus
1068 1986 1179 2062 scriptis
1214 1985 1359 2062 perlongis

199 2089 288 2142 alae
333 2084 439 2142 Jndicii
459 2084 515 2150 die,
537 2083 626 2159 plebis
648 2084 731 2141 obtu·
823 2103 968 2150 concessa.
978 2103 1057 2143 error
1065 2084 1198 2160 frequens
1206 2085 1359 2160 gravisque

196 2183 270 2239 ratio
289 2182 449 2240 sacerdotes
470 2201 528 2239 non
546 2181 678 2257 purgabit
691 2181 731 2238 iii.
824 2182 885 2239 sine
899 2183 1079 2240 excusatione
1094 2182 1130 2240 iii.
1149 2186 1216 2241 490.

199 2285 268 2338 473.
783 2278 922 2335 latrones
941 2279 1077 2344 crucifixi,
1091 2279 1266 2337 ludaeorum
1282 2279 1359 2338 Gen·

155 2378 299 2435 Judicium
320 2377 517 2452 ignorantibus
538 2377 642 2442 mitius,
665 2394 732 2450 cog·
824 2376 950 2451 tiumque
964 2385 1050 2452 typus
1067 2379 1143 2434 1059
1159 2377 1210 2434 be.

198 2475 379 2532 noscentibus
401 2473 497 2530 danus
512 2478 570 2532 352
586 2493 612 2542 e,
631 2477 689 2532 353
705 2491 730 2542 a,
783 2474 923 2532 Laudatis
955 2473 998 2532 sui
1030 2474 1148 2532 omniuo
1175 2473 1359 2532 intolerabilis

199 2577 257 2631 373
272 2593 298 2636 a,
315 2575 371 2630 411
389 2573 442 2630 ah.
464 2572 530 2628 Vide
543 2570 641 2647 Plaga,
658 2571 731 2646 Sup·
825 2574 883 2630 242
899 2572 926 2638 (1,
944 2575 1021 2630 1022
1036 2591 1062 2631 a

196 2672 325 2747 plicium.
783 2669 885 2727 Lazari
899 2688 1011 2727 sorores
1024 2669 1110 2728 fidem
1125 2688 1181 2727 non
1195 2668 1358 2726 habuerunt

156 2769 325 2827 Juramenta
351 2767 507 2825 cavendum
537 2769 595 2825 724
614 2766 669 2834 bc.
694 2765 731 2824 iii.
824 2767 979 2843 perfectam
993 2770 1051 2826 676
1065 2786 1091 2825 c.

199 2870 267 2923 447.
784 2865 924 2922 Lazarum
939 2884 956 2923 e
970 2866 1063 2923 fasciis
1081 2865 1206 2922 solutum
1220 2863 1288 2940 quid
1302 2863 1359 2938 sig-

157 2962 177 3020 J
180 2963 354 3020 ustificsmur
372 2961 521 3019 credentes
540 2959 570 3017 in
587 2960 732 3019 Christum
823 2963 921 3020 nificat
934 2966 993 3021 690
1008 2963 1063 3020 de.

198 3067 230 3116 ut
243 3058 337 3116 Deum
352 3078 387 3116 ex
402 3060 464 3116 Deo
480 3063 538 3117 508
554 3078 579 3125 e,
596 3059 631 3116 cf.
644 3059 678 3115 M
693 3062 732 3118 99
783 3061 892 3119 Lazaro
912 3060 942 3117 in
964 3059 1097 3136 parabola
1118 3057 1163 3124 de,
1184 3057 1300 3116 traditio
1319 3057 1356 3116 iit

201 3159 324 3232 [psus]
347 3156 646 3214 confitentesVerbum
662 3155 731 3215 Oar-
826 3161 894 3217 564.

197 3274 261 3312 nem
276 3255 382 3312 iactum
397 3254 434 3312 iii.
450 3259 521 3313 401.
783 3256 843 3315 Leo
871 3255 988 3332 rugiens
1022 3261 1110 3313 terret
1140 3262 1170 3312 et
1197 3253 1237 3311 ita
1264 3260 1360 3329 captat

155 3353 299 3410 laetificat
326 3372 380 3411 nos
404 3351 529 3430 Sanguis
555 3353 672 3410 Domini
694 3353 731 3411 iii.
806 3354 957 3430 ,praedam
974 3356 1052 3413 1042
1069 3354 1122 3411 (le.

198 3454 265 3509 398.
784 3453 872 3529 Legis
897 3471 914 3509 a
938 3450 1041 3528 Moyse
1065 3450 1125 3508 dati
1153 3450 1273 3508 historia
1298 3457 1361 3508 tota

555 3619 559 3630 ι
823 3558 907 3627 typus
922 3553 981 3608 256
992 3549 1123 3607 d-258.

430 3615 457 3672 1¹
782 3647 844 3705 Lex
862 3655 891 3706 et
905 3647 960 3705 Dei
974 3646 1093 3704 verbum
1114 3649 1168 3704 etsi
1188 3665 1248 3704 non
1269 3646 1359 3722 hypo·

157 3745 265 3802 Lasos
286 3747 339 3821 piis
360 3747 453 3802 suavis
468 3745 582 3820 quando
596 3764 684 3820 prope
702 3753 732 3802 et
823 3745 955 3802 statioum
971 3747 1029 3802 388
1045 3743 1072 3800 b.

197 3844 275 3900 dives
300 3843 458 3900 Praemium
484 3846 543 3901 888
567 3862 584 3900 e
625 3849 732 3917 quanto
785 3843 846 3899 Lex
874 3841 1010 3899 Veritatis
1043 3840 1165 3898 formam
1194 3842 1358 3914 (μόρφωσιν)

197 3941 289 4016 magis
319 3949 399 3996 tanto
430 3939 619 3996 abundantius
647 3939 731 3996 Prae·
823 3940 876 3998 etsi
907 3940 937 3996 in
969 3939 1071 3996 umbra
1105 3938 1233 3995 continet
1255 3937 1295 3995 M.
1320 3942 1359 3996 20

196 4037 284 4096 mium
300 4037 331 4094 M
349 4041 387 4095 96
403 4033 445 4116 [p.
459 4033 540 4117 348].
822 4037 930 4113 peccati
945 4034 984 4094 hL
997 4041 1045 4102 24,
1059 4039 1097 4096 25
1126 4035 1240 4110 spiritus
1255 4035 1272 4092 i.
1283 4054 1318 4101 e,
1330 4034 1361 4092 in

155 4136 341 4211 Lacrymatus
369 4135 503 4193 Christus
529 4143 563 4192 ut
592 4135 732 4211 lacrymas
821 4135 904 4192 nobis
917 4134 1001 4192 insita
1015 4132 1056 4192 M.
1072 4138 1120 4198 26,
1136 4133 1171 4190 cl.
1187 4131 1227 4192 M.
1244 4134 1291 4191 27.

195 4241 308 4290 nostras
336 4243 499 4309 compescat
527 4234 586 4291 686
609 4251 656 4290 ae
703 4241 732 4290 et
783 4233 846 4292 Lex
868 4233 898 4290 in
919 4230 1077 4308 Evangelio
1093 4231 1253 4307 adimpleta.
1268 4229 1360 4306 pictu-

196 4349 295 4387 omnes
309 4329 446 4388 miserans
461 4332 520 4388 686
535 4351 558 4389 c.
822 4350 870 4388 rae
902 4331 984 4406 cujus
1016 4329 1108 4387 forma
1135 4328 1278 4386 coloribus
1310 4327 1360 4386 ud·

156 4429 344 4504 lacrymatus
363 4429 512 4494 Dominus,
533 4447 618 4504 aegre
639 4429 729 4504 lacry-
820 4428 904 4507 jectis
932 4447 990 4485 uon
1013 4426 1133 4486 evanida
1159 4427 1210 4485 aed
1235 4426 1361 4503 perlecta

198 4534 312 4584 mantur
339 4527 358 4582 ii
386 4527 432 4601 qui
462 4526 539 4584 omni
570 4527 730 4588 calamitate
824 4527 865 4598 fit,
894 4534 1056 4603 comparata
1083 4525 1124 4583 M.
1150 4529 1189 4584 40
1218 4525 1260 4602 [p.
1284 4525 1357 4600 235]
