3278 5130
294 263 360 328 οοο
425 259 971 328 B.cYR1LL1ALEXANDR.
998 258 1282 324 FRAGMENTA
1324 257 1360 320 ii.
1377 271 1510 340 15sqq.

142 363 272 429 [M]
296 423 436 508 θοινοίτου
464 435 511 513 εἰς
538 425 685 524 θοίνοιτον,
711 425 761 512 οῖς
786 419 822 506 θὲ
849 421 935 529 ῖσμλ
964 425 1003 506 ῖκ
1032 423 1116 534 ζωῆς
1144 431 1189 510 εῖς
1218 419 1309 531 ζωῖμ,
1339 421 1509 499 κατιδεῖν

297 548 506 631 ἀκόλουθον.
536 551 662 629 οῦκοῦν
682 554 836 648 νοηθεῖεν
852 547 943 650 πρὸς
968 548 1068 647 ἡμῶν
1086 546 1228 631 εἰκότως
1246 550 1279 625 οὶ
1298 577 1325 622 σ
1375 540 1511 640 ομευοί

296 707 336 752 τε
363 677 420 751 καὶ
448 671 701 772 ἀπολλύμενοι,
729 670 821 752 κατά
849 705 890 775 γε
919 669 982 751 τὸν
1010 671 1192 773 πρέποντα
1221 676 1299 753 ταῖς
1331 665 1507 770 θεωρίαις

297 793 448 894 σκοπὸν,
467 801 499 875 οἱ
523 793 749 879 πιστεύοντές
774 830 813 875 τε
841 798 899 873 καὶ
927 799 959 874 οἱ
987 793 1053 893 τὴν
1070 796 1195 875 πίστιν
1212 787 1506 895 παρωθούμευοι,

177 946 222 1000 89
238 941 286 1000 1.
299 921 356 998 καὶ
378 924 411 998 οἱ
431 916 497 1018 μέν
514 921 613 1000 οὔπω
632 916 728 999 Θεῦν
754 916 817 998 τὸν
835 916 946 1023 φύσει
973 951 1011 996 τε
1040 919 1097 996 καὶ
1117 921 1261 1016 ἀληθῶς
1289 910 1504 1017 ἐγνωκότες,
1520 941 1540 999 5

131 1061 232 1110 Romi.
247 1071 286 1124 νε·
299 1039 573 1144 λελατρευκθτες
605 1038 644 1120 δὲ
675 1046 820 1139 μᾶλλον
852 1046 898 1144 τῇ
930 1041 1044 1119 κτίσει
1080 1036 1180 1141 παρὰ
1212 1038 1275 1118 τὸν
1303 1037 1501 1116 κτίσαντα.

299 1163 395 1243 οῦτοι
417 1173 480 1244 τοῦ
503 1167 597 1245 θείου
625 1163 852 1267 κηρύγματος
879 1161 943 1242 τὸν
961 1162 1075 1265 λόγον
1093 1164 1134 1242 οῦ
1152 1160 1393 1264 προσιέμενοι,
1416 1163 1502 1238 δια-

134 1304 280 1355 1Coti-¹⁸·
299 1293 474 1388 γελῶντες
492 1286 530 1367 δὲ
548 1295 692 1382 μᾶλλον
711 1289 768 1366 καὶ
787 1285 924 1388 μωρίαν
937 1282 1024 1366 εἶναι
1043 1285 1252 1381 νομίσαντες
1271 1281 1312 1362 τὸ
1327 1287 1505 1383 Χριστοῦ

132 1433 276 1498 εορεοςοο.
298 1409 507 1512 μυστήριον,
522 1411 684 1515 δέχονται
704 1421 725 1457 “
737 1408 803 1510 τὴν
820 1408 940 1509 ὀσμὴν
958 1414 1023 1508 τῆς
1040 1407 1236 1508 γνώσεως”
1255 1413 1319 1485 τοῦ
1336 1403 1504 1506 Πατρῖις,

133 1512 172 1562 ¹4
299 1533 338 1612 ἐκ
357 1527 496 1613 θανοίτου
518 1532 609 1635 πρὸς
637 1531 784 1614 θοίνατον·
825 1534 863 1613 έν
881 1527 1024 1640 θανιῖτιρ
1042 1530 1114 1634 γάρ
1133 1528 1232 1613 ὄντες
1261 1523 1319 1607 διά
1345 1561 1401 1607 τοι
1429 1524 1505 1624 τὴν
1521 1561 1559 1601 10

297 1656 450 1733 ἐνοῦσαν
467 1657 585 1738 αὐτοῖς
612 1658 797 1756 ἀγνωσίαν
825 1657 883 1734 καὶ
909 1654 1092 1757 πύρωσιν,
1110 1653 1300 1757 μονονουχὶ
1328 1652 1385 1729 καὶ
1411 1651 1501 1729 δευ-

298 1777 388 1884 τέριρ
417 1774 560 1883 θανάτῳ
586 1778 853 1878 περιπταίοντες
884 1778 1005 1856 ἁλοῖεν
1046 1777 1103 1856 ἀν·
1140 1780 1172 1855 οῖ
1204 1772 1317 1877 γεμην
1345 1771 1403 1851 διὰ
1432 1776 1504 1871 τῆς

299 1903 444 1998 νομικῆς
455 1899 676 1982 παιδεύσεως
690 1897 781 2000 πρὸς
799 1900 913 2004 ἀρχὰς
923 1897 1146 2002 ἐνηνεγμένοι
1159 1902 1223 1998 τῆς
1242 1896 1411 1999 γνώσεως
1430 1901 1504 1975 τοῦ

300 2026 405 2119 Θεοῦ,
425 2021 599 2124 γεγόνασι
619 2021 685 2121 μέν
702 2056 779 2106 πως
798 2025 835 2102 έν
853 2022 939 2126 ζωῇ,
960 2022 1059 2122 πλὴν
1077 2028 1106 2102 εί
1124 2021 1357 2103 πιστεύσειαν
1374 2053 1499 2121 παρα-

298 2144 461 2250 δέξονται
485 2143 550 2243 τὴν
578 2144 698 2244 ὀσμὴν
725 2149 789 2244 τῆς
815 2145 985 2248 γνώσεως
1011 2153 1075 2224 τοῦ
1100 2143 1244 2246 Πατρῖις
1270 2153 1308 2223 ἓν
1336 2141 1420 2251 ζωῖπ
1449 2151 1500 2229 εἰς
1520 2172 1557 2231 15

300 2267 391 2375 ζωήν·
434 2270 529 2373 φησὶ
557 2262 628 2370 γάρ
652 2301 724 2348 που
753 2266 916 2371 Χριστὸς
946 2266 1037 2372 πρὸς
1066 2265 1130 2347 τὸν
1160 2270 1198 2346 ε’ν
1229 2273 1302 2350 τοῖς
1333 2266 1500 2369 οὐρανοῖς

300 2389 447 2494 Πατέρα
471 2393 529 2470 καὶ
551 2390 646 2471 Θεόν
674 2402 696 2439 “
709 2393 810 2490 Αὕτη
838 2392 881 2470 δέ
903 2393 1003 2471 ε’στιν
1030 2390 1168 2475 αἰώνιος
1195 2386 1276 2494 ζα,
1294 2388 1353 2468 ἵνα
1380 2389 1493 2491 γινοῖ·

299 2523 321 2560 “
338 2515 462 2594 σκωσί
486 2548 531 2595 σε
559 2513 622 2594 τὸν
648 2513 758 2613 μόνον
787 2514 959 2614 ἀληθινὸν
988 2512 1093 2610 Θεὸν,
1122 2519 1180 2594 καὶ
1208 2512 1250 2593 ῦν
1277 2515 1498 2597 ἀπέστειλας

298 2646 321 2683 “
338 2637 484 2736 Ἰησοῦν
500 2637 698 2740 Χριστόν.”
737 2636 838 2718 ἀλλά
859 2639 911 2724 τίς
936 2635 980 2718 ἀν
998 2636 1136 2738 γένοιτό
1158 2642 1253 2744 φησι
1276 2635 1358 2744 πρὶς
1382 2639 1497 2717 τούτου

299 2759 433 2854 ἱκανίςς
462 2762 520 2839 καὶ
538 2757 641 2857 μάλα
659 2759 813 2844 εἰκότως·
852 2761 1063 2862 δυσεύρετος
1081 2758 1152 2864 γάρ
1171 2763 1316 2859 ἀληθῶς
1334 2755 1431 2866 ᾧπερ
1449 2757 1497 2838 ἀν
1514 2797 1555 2839 20

299 2878 489 2984 ἐνυπάρχοι
518 2881 561 2961 τὸ
592 2881 767 2962 δύνασθαι
798 2890 926 2962 λαλεῖν
954 2885 1069 2985 ὀρθῶς
1098 2917 1138 2962 τε
1167 2885 1225 2962 καὶ
1252 2884 1423 2966 ἀπλανῶς
1451 2881 1496 2961 τὸ

299 3008 465 3106 Χριστοῦ
487 3005 695 3106 μυστήριον,
714 3006 833 3084 ὁποῖοί
846 3040 937 3090 τινες
955 3003 1052 3105 ἦσαν
1069 3012 1102 3086 οἱ
1121 3003 1310 3086 θεσπέσιον
1327 3008 1495 3103 μαθηταὶ,

300 3130 359 3206 καὶ
382 3126 446 3209 τάς
471 3135 543 3206 τῶν
566 3128 808 3234 ἑτεροφρόνων
827 3129 1046 3230 δυστροπίας
1070 3115 1320 3231 διορθούμενοι,
1340 3127 1391 3212 οἷς
1414 3129 1494 3212 ε”θος

188 3289 238 3323 ver.
250 3283 287 3336 ιγ.
299 3250 378 3329 ε’στὶ
397 3253 455 3330 καὶ
473 3248 531 3329 διά
548 3252 723 3350 πλείστης
746 3251 895 3331 τέθειται
913 3256 1075 3352 σπουδῆς
1094 3251 1134 3332 τὸ
1153 3250 1227 3332 οἶον
1246 3249 1496 3346 ε’κιιοιπηλεύειυ

300 3371 351 3454 τὶν
369 3376 425 3453 τοῦ
443 3377 528 3454 Θεοῦ
553 3375 666 3477 λύγον,
687 3372 807 3479 ἀπάτῃ
831 3409 869 3454 τε
897 3378 954 3454 καὶ
983 3375 1106 3480 ψεύδει
1133 3375 1423 3479 συγκεκραμένην
1441 3378 1493 3454 ἀεὶ
1511 3403 1549 3462 25

299 3501 478 3576 ποιεῖσθαι
494 3502 613 3603 φιλεῖν
626 3502 690 3598 τῆς
701 3498 859 3582 πίστεως
871 3496 938 3597 τὴν
951 3496 1139 3578 ἀπόδοσιν·
1167 3501 1209 3577 ού
1227 3497 1298 3600 γὰρ
1313 3498 1391 3578 ἔστι
1408 3500 1490 3600 παρ’

301 3619 419 3702 αὐτοῖς
448 3618 603 3723 ἄκρατον
624 3621 749 3724 ὥσπερ
773 3624 832 3700 καὶ
860 3619 1051 3700 ἀνόθευτον
1077 3623 1188 3724 εὑρεῖν
1214 3619 1281 3721 τὴν
1308 3619 1489 3720 ἀλήθειαν·

301 3746 386 3823 ἀλλ’
407 3741 444 3821 οἵ
466 3776 508 3844 γε
532 3748 618 3822 θεῖοι
642 3747 876 3846 μοσταγωγοὶ
904 3753 1100 3829 λαλοῦντες
1122 3747 1160 3824 έν
1179 3745 1371 3843 Πνεύματι,
1391 3747 1435 3832 ἀς
1459 3746 1494 3853 ἐξ

302 3867 506 3972 είλυιρινείας
528 3864 699 3946 κατέναντι
718 3869 804 3947 Θεοῦ
822 3866 941 3948 πάντα
958 3902 997 3947 τε
1016 3871 1130 3969 δρῶσι
1146 3871 1205 3947 καὶ
1224 3868 1405 3969 λέγουσιν.

339 4069 382 4106 το.
402 4051 459 4108 Ιοο.
473 4051 507 4107 de
518 4069 588 4106 novo
607 4051 767 4125 Δοσεύρεςος
784 4056 834 4124 γάρ
852 4054 925 4110 ε’στιν
937 4057 951 4108 ό
963 4055 1102 4123 δυνάμενος
1118 4055 1238 4111 ἀπλανῶς
1255 4057 1370 4124 λαλῆσαι
1388 4059 1419 4112 τὸ
1435 4080 1492 4129 χρι-

303 4125 369 4176 στοῦ
386 4121 529 4191 μυστήριον
545 4124 631 4178 ὁποῖοί
647 4145 713 4178 τινες
731 4122 798 4191 ἦσαν
814 4126 838 4177 ol
855 4124 991 4179 θεοπέσιοι
1006 4125 1117 4192 μαθηταί
1131 4124 1178 4189 Η.,
1190 4124 1285 4180 deinde
1297 4126 1378 4181 verba
1396 4128 1426 4182 οῦ
1444 4131 1492 4200 γάρ

302 4191 382 4260 ε’σμιν
393 4193 428 4249 ὣς
439 4195 463 4246 οί
475 4194 563 4247 λοιποί
578 4192 764 4262 καπηλεύοντες
781 4195 923 4263 τὸνλόγον
940 4199 986 4248 τοῦ
1004 4197 1071 4248 θεοῦ
1090 4212 1250 4266 proponens,
1267 4197 1320 4251 inc.
1332 4198 1393 4253 τοὺς
1409 4199 1492 4269 ἑτερο·

303 4264 403 4331 φρονος
413 4262 548 4317 οῖνίττετοι
560 4260 598 4319 οἶς
610 4264 711 4332 σπουδὴ
723 4265 753 4317 τὸ
765 4261 946 4330 ε’κεοπηλεύειν
958 4265 1000 4332 (ut
1015 4265 1059 4332 ²4)
1073 4264 1110 4319 H.
1285 4282 1301 4321 α
1322 4306 1329 4320 .
1347 4288 1376 4322 τε
1388 4285 1441 4322 om.
1456 4269 1492 4323 H.

303 4333 482 4401 συγκρίνοντες
493 4334 579 4400 ςῆςπ.
593 4331 630 4388 H.
710 4331 753 4386 26.
772 4331 958 4402 οῦν-ἀλήθειαν
969 4343 1108 4404 assumpta
1119 4352 1152 4389 ex
1165 4335 1203 4390 H.
1284 4281 1327 4391 αθ.
1344 4359 1376 4407 γι
1389 4355 1442 4394 om.
1456 4338 1492 4394 H.

301 4401 613 4541 λὲιηλιετῦξτεὲ-λέγουσιν]
630 4403 660 4472 έξ
675 4403 835 4474 είλικρινείας
850 4402 980 4458 κατέναντι
995 4403 1056 4458 θεοῦ
1067 4406 1150 4462 πάντα
1161 4407 1267 4459 ποιοῦσι
1279 4406 1321 4460 καλ
1332 4408 1456 4478 λέγουσιν
1466 4409 1493 4462 έν
