3278 5158
314 329 379 393 206
429 329 469 393 Β.
490 326 683 394 CYRILLI
710 327 979 392 ALEXANDR.
1008 327 1292 393 FRAGMENTA
1326 327 1445 406 vii.16,
1462 328 1513 393 18.

157 427 213 494 [π
226 427 286 492 Μ’]
315 491 426 576 κότως
445 498 499 573 Οὐ
514 490 584 598 γλρ
602 494 618 573 δ
637 489 720 572 θίλω
745 495 838 572 τοῦτο
864 491 1020 598 πράσσω,
1040 497 1125 572 ἀλλ’
1143 495 1159 574 ’δ
1177 492 1273 600 μισῶ
1295 495 1388 572 τῶτι
1412 490 1513 572 ποιῶ·

315 619 364 701 ῶς
387 613 498 695 πόσοι
521 615 676 700 ποσάκις
700 613 946 714 τεθαυμάκασι
971 616 1036 712 μὲν
1053 614 1119 716 τῆν
1143 616 1363 721 ἐγκράτειαν,
1384 619 1442 697 καὶ
1468 616 1515 716 δὴ

315 741 374 818 καὶ
404 738 555 839 μελέτης
586 744 650 839 τῆς
682 745 728 824 είς
758 736 869 838 αὐτὴν
901 739 1105 846 ἀρξάμενοι,
1137 745 1210 824 τοῖς
1247 744 1311 840 τῆς
1346 746 1515 843 μυσαρᾶς

197 892 239 947 2³
254 889 302 946 Π.
315 863 444 962 ῆδονῆς
471 865 665 964 νενίκηνται
692 862 855 965 κέντροις,
875 866 934 943 καὶ
961 861 1188 947 ὀκλάσαντος
1215 865 1334 948 αὐτοῖς
1361 872 1425 943 τοῦ
1450 871 1515 942 νοῦ

315 983 406 1089 πρὸς
430 984 472 1066 τὸ
499 994 627 1091 χεῖρον,
643 985 862 1088 ἐνηργὴκασι
889 987 955 1086 τῆν
974 987 1159 1090 ἁμαρτίαν,
1178 988 1372 1092 κατηφείας
1398 985 1549 1090 γεμῆν5

313 1108 404 1210 μετὰ
431 1119 536 1190 τοῦτο
563 1108 819 1210 μεμὲστωνται·
848 1109 986 1195 τούτοις
1007 1106 1051 1189 ἂν
1068 1110 1198 1212 πρέποι
1224 1115 1282 1192 καὶ
1301 1111 1402 1208 μάλα
1420 1109 1513 1189 είκό-

314 1269 384 1320 τως
418 1237 608 1339 μονονουχὶ
637 1237 696 1314 καὶ
728 1232 941 1331 ἀβουλήτως
979 1233 1207 1334 ῆσθηνηκόσι
1239 1234 1281 1314 τὸ
1319 1235 1431 1342 φάναι
1468 1233 1515 1334 δὴ

145 1377 277 1429 Infnver·
313 1359 425 1439 πάλιν
457 1369 478 1406 “
492 1362 586 1440 Νυνὶ
615 1357 654 1439 δὲ
686 1356 799 1438 οὐκέτι
832 1353 902 1458 ἐγὼ
935 1356 1194 1460 κατεργάζομαι
1231 1356 1328 1457 αὐτὸ,
1366 1356 1450 1438 ἀλλ’
1489 1359 1514 1456 ῆ

147 1455 185 1507 ¹⁷·
314 1487 504 1563 εοικοισα
530 1483 568 1561 ο
595 1483 671 1581 εμο
699 1481 886 1584 ἁμαρτιας

263 1741 299 1799 16
333 1733 368 1802 Εἰ
396 1736 432 1803 δὲ
457 1739 476 1804 ὅ
504 1737 541 1802 οὐ
570 1740 666 1817 θέλω,
692 1741 787 1802 τοῦτο
813 1737 909 1816 ποιῶ,
938 1738 1087 1824 ούμφιιμι
1112 1740 1160 1822 τῷ
1187 1737 1278 1822 νόμῳ
1305 1739 1355 1805 ὅτι
1384 1737 1494 1807 καλός.
1532 1763 1573 1806 ιο

367 1906 509 2006 Ἐνίησι
531 1905 644 1988 πάλιν
665 1911 729 2007 τῆς
756 1905 905 2010 θεωρίας
931 1906 974 1987 τὸ
1004 1905 1148 2011 ἀκριβὲς
1174 1911 1220 2012 τῆ
1248 1916 1312 1988 τοῦ
1341 1909 1514 2007 σώματος

312 2031 433 2138 φύσει,
452 2031 511 2111 καὶ
537 2036 609 2110 τῶν
633 2030 784 2111 ἐνόντων
812 2031 908 2137 αὐτῷ
932 2037 1096 2136 φυσικῶς
1127 2030 1421 2133 άῤῥωστημάτων
1444 2031 1514 2131 τὴν

312 2155 462 2253 δύναμιν
493 2153 783 2236 κατασκάπτεται.
828 2155 868 2234 αί
900 2189 939 2234 τε
972 2152 1044 2257 γὰρ
1078 2152 1210 2260 ὀρέξεις
1241 2160 1278 2234 αἱ
1317 2153 1408 2257 πρὸς
1437 2162 1514 2235 πᾶν

312 2279 430 2359 ὁτιοῦν
457 2278 737 2382 άποκομίζόυσαι
765 2284 839 2357 τῶν
862 2284 1000 2375 παθῶν,
1019 2281 1076 2357 καὶ
1104 2280 1168 2376 τῆς
1196 2275 1393 2383 φιληδόνου
1422 2279 1514 2383 ζωῆς

311 2401 358 2482 τὰ
382 2400 601 2505 ἐγκλήματα,
618 2399 739 2504 πηγῆν
758 2401 882 2507 ἔχουσι
900 2400 967 2500 τῆν
984 2399 1116 2504 σάρκα·
1147 2403 1205 2480 καὶ
1230 2401 1320 2504 πρός
1337 2437 1380 2505 γε
1406 2411 1514 2483 τοῦτο
1531 2435 1570 2494 15

144 2534 169 2650 ξ·
181 2535 237 2586 ³⁸²
249 2534 283 2587 iv.
313 2526 404 2625 ἡμᾶς
431 2528 580 2621 ε’μπεδοῖ
598 2525 715 2627 λε’γων
734 2532 799 2605 τοῦ
819 2528 987 2625 Σωτῆρος
1005 2525 1025 2603 ὁ
1043 2524 1204 2624 μαθητής
1224 2534 1246 2571 “
1258 2524 1377 2605 Πόθεν
1395 2527 1510 2606 πόλε-

162 2637 168 2652 ’
314 2659 336 2698 “
351 2684 414 2750 μοι
431 2652 470 2730 ἐν
488 2651 570 2749 ὑμῖν
588 2651 646 2729 καὶ
663 2646 774 2729 πόθεν
791 2643 924 2752 μάχαις
961 2648 1023 2727 οὐκ
1042 2649 1211 2744 ε’ντεῦθεν,
1230 2651 1269 2727 ἐκ
1287 2656 1359 2728 τῶν
1375 2650 1516 2750 ἡδονῶν

314 2783 336 2822 “
354 2775 453 2872 ὑμῶν
470 2779 542 2853 τῶν
559 2771 851 2875 στρατευομένων
871 2773 909 2850 ἐν
926 2777 999 2854 τοῖς
1016 2769 1166 2867 με’λεσιν
1185 2773 1284 2870 ὑμῶν
1298 2773 1329 2868 ;”

186 3017 360 3098 18sqq.T‹'>
388 3019 448 3107 τὰρ
475 3019 582 3084 θέλειν
609 3015 804 3106 παράκειταί
836 3040 901 3098 μοι,
927 3016 965 3084 τὸ
993 3015 1029 3081 δὲ
1059 3018 1306 3106 κατερτάςεοθαι
1331 3017 1369 3084 τὸ
1398 3019 1514 3101 καλὸν,

794 3142 852 3230 οὐχ
879 3141 1031 3231 εὑρίσκω.
1530 3167 1573 3209 αο

368 3308 413 3388 T?
442 3305 512 3416 γλρ
529 3306 631 3388 θέλειν
654 3310 748 3414 φησὶ
776 3305 988 3413 παράκειταί
1015 3341 1083 3412 μοι,
1112 3306 1148 3385 τό
1176 3303 1212 3386 δὲ
1242 3305 1513 3416 κατεργάζεσθαι

312 3443 348 3524 τὶ
374 3446 481 3525 καλλι
500 3443 545 3524 οὗ·
583 3446 642 3521 καὶ
664 3442 709 3522 τὰ
730 3443 825 3550 ἑξῆς·
863 3447 912 3526 είς
940 3441 1123 3547 ἀπόδειξιν
1141 3449 1205 3520 τοῦ
1234 3448 1513 3545 κατηγορεῖσθαι

311 3563 377 3665 τῆν
395 3566 515 3669 σάρκα
540 3570 661 3652 δεινῶς
687 3569 889 3646 ὠδίνουσαν
910 3567 948 3645 ἐν
966 3567 1073 3668 ἑαυτῆ
1097 3563 1163 3664 τῆν
1182 3565 1370 3667 ἁμαρτίαν,
1388 3600 1509 3670 παρα-

310 3690 449 3796 δέχεται
466 3696 596 3796 σοφῶς
617 3690 659 3769 τὸ
684 3695 926 3792 παρακεῖσθαι
949 3687 1016 3788 μὲν
1034 3689 1117 3788 ἡμῖν
1136 3686 1178 3768 τὸ
1200 3687 1349 3789 ἀγαθὸν,
1368 3690 1419 3789 μὴ
1437 3685 1511 3788 μῆν

310 3813 361 3894 ἔτι
388 3817 447 3894 καὶ
476 3811 518 3894 τὸ
545 3814 722 3893 δύνασθαι
753 3815 988 3916 διαπεραίνειν
1015 3811 1116 3890 αὐτό·
1161 3811 1410 3914 καταβιάζεται
1437 3811 1511 3915 γάρ
1528 3845 1571 3905 25

308 3944 357 4022 είς
384 3937 590 4038 ἀβούλητον
614 3935 789 4040 ε’κτροπῆν
817 3939 875 4016 καὶ
902 3937 969 4041 οὐχ
997 3933 1122 4015 ἑκόντα
1150 3933 1214 4015 τὸν
1243 3943 1339 4014 νοῦν.
1381 3938 1511 4016 οὐκοῦν

346 4161 371 4200 τ.
389 4145 485 4202 πολλοὶ
497 4145 625 4200 πολλάκις
636 4143 671 4199 λ.
802 4159 827 4213 3.
846 4140 1001 4196 καλοκαλ.
1130 4138 1157 4194 6.
1174 4140 1329 4210 μιτὰτοῦτο
1341 4157 1433 4195 ussum
1451 4149 1511 4196 tum

309 4217 388 4271 exA.
555 4216 581 4270 8.
600 4214 651 4286 ε’γὸ
664 4213 748 4269 οὐκέτι
760 4213 866 4268 inverso
878 4211 972 4266 ordine
984 4212 1019 4266 Α.
1199 4227 1241 4266 11.
1257 4207 1372 4283 Ἐνίησι]
1389 4217 1419 4276 ÷
1455 4211 1510 4266 Ἃ.

312 4303 353 4354 14·
371 4291 422 4342 τῶν
432 4286 522 4342 παθῶν
534 4303 587 4340 om.
601 4285 635 4339 Α.
878 4295 920 4353 15.
938 4278 1036 4352 σάρκα]
1050 4281 1138 4352 pergit
1150 4281 1192 4335 καὶ
1204 4281 1452 4351 καταστροτεόονται
1463 4286 1511 4336 τοῦ

308 4355 458 4426 πνεῦρατοε,
470 4357 513 4411 καὶ
530 4354 686 4412 α’νθίλκουσι
704 4355 769 4424 πρδς
787 4354 820 4407 τδ
837 4353 943 4423 αίσχίω,
955 4351 1038 4406 καίτοι
1056 4351 1246 4423 φιλελεύθερον
1259 4351 1321 4407 ὄντα
1338 4353 1384 4407 τδν
1396 4355 1457 4408 νοῦν
1468 4353 1511 4406 καὶ

309 4429 472 4498 κανχίεμενον
482 4426 523 4482 ἔπ’
535 4426 622 4498 ιίριτῆ,
635 4425 675 4480 διδ
687 4425 729 4479 καλ
741 4424 778 4480 είς
788 4423 922 4492 ἀπόδειξιν
934 4423 972 4490 (v.
982 4421 1029 4494 22)
1041 4422 1075 4476 Α.
1241 4438 1285 4478 22.
1302 4421 1350 4512 τά]
1363 4423 1393 4478 τδ
1406 4421 1510 4494 Migne.

309 4496 546 4638 amq&
556 4494 660 4568 σοφός]
673 4495 745 4568 λίγει
757 4496 791 4550 Α.
928 4507 972 4565 25.
990 4495 1021 4548 τὸ
1033 4509 1086 4548 om.
1103 4493 1137 4547 Α.
1274 4492 1318 4550 26,
1335 4493 1462 4564 εκτροπῆν
1474 4493 1510 4548 Α.
