3294 5150
139 362 188 427 iv.
203 382 317 443 20‚21,
333 387 364 428 v.
377 379 408 448 5.
446 361 500 426 IN
524 360 784 428 EPISTOLAM
807 361 835 426 Ι.
863 360 926 424 ΑΒ
943 357 1237 425 CORINTHIOS.
1278 357 1341 422 261

1437 461 1475 510 Μ.

141 523 369 631 κατὰφύσιν
386 525 489 612 ὄντος
508 532 612 607 Θεοῦ·
642 529 811 608 ἀποτελεῖ
831 524 869 604 δὲ
891 521 981 626 πρὸς
999 531 1105 604 τοῦτο
1129 528 1186 604 καί
1209 522 1343 609 παντὸς
1369 462 1424 526 [⁵⁵
1488 459 1500 524 ]

141 648 401 756 ἀξια[γασ]τοῦ
446 649 658 752 πράγματος
695 647 921 748 ἐπιμελητάς·
975 649 1017 728 οὗ
1054 647 1099 747 δὴ
1135 648 1338 750 γεγονότος,

143 770 475 872 καταπλοιπήσειεν
493 773 538 854 ἀν
555 808 609 858 τις
631 776 688 853 καί
712 779 784 853 τῶν
803 773 860 853 διὰ
881 772 1090 872 Πνεύματος
1108 770 1344 876 χαρισμάτων

143 893 214 993 τὴν
231 895 452 1001 ἀξιόληπτον
468 896 588 1001 χάριν·
631 903 664 976 οὐ
682 895 752 1002 γάρ
772 897 801 976 ἔν
820 899 915 1003 λόγῳ
934 901 951 992 ἡ
969 899 1140 989 βασιλεία
1162 894 1223 976 τάν
1244 902 1338 1001 οὐρα·
1355 933 1407 968 ver·
1418 931 1457 967 νο.

107 1017 214 1115 5νιῖν,
232 1023 318 1097 ἀλλ’
338 1020 368 1099 ε’ν
396 1015 545 1124 θυνάμει·
580 1018 622 1101 τὸ
651 1020 694 1100 δέ
716 1025 771 1098 Ἐν
799 1015 934 1125 θυνόμει
964 1018 1114 1119 νοήσεις,
1137 1023 1167 1098 εἰ
1194 1016 1259 1119 μὲν
1287 1020 1340 1099 ἐπ’

145 1141 266 1220 αὐτῶν
290 1140 435 1249 φέροιτο
463 1147 536 1223 τῶν
561 1145 673 1247 ἁγίων
701 1141 929 1238 ἀποστόλων,
949 1145 996 1226 ὡς
1024 1146 1062 1222 ἓν
1090 1142 1192 1247 ἰσχύϊ
1216 1177 1255 1222 τε
1283 1141 1343 1222 καὶ

145 1267 306 1372 ἐνεργείᾳ
323 1267 368 1370 τῇ
386 1264 445 1345 διυί
462 1275 525 1347 τοῦ
545 1267 764 1366 Πνεύματος,
782 1266 864 1346 καθ’
886 1266 929 1367 ἦν
948 1271 1018 1346 εἰσι
1037 1268 1096 1345 καί
1114 1272 1341 1369 θαυματουρ-

146 1389 220 1490 γοί·
256 1394 285 1468 εἰ
310 1390 344 1466 δ’
364 1391 419 1493 ἐφ’
440 1389 542 1488 ἡμῶν
560 1391 686 1487 αὐτῶν,
705 1394 754 1476 ὡς
772 1392 802 1472 ἓν
821 1385 957 1500 θυνάμει
977 1392 1066 1494 ζωῆς
1084 1392 1147 1488 τῆς
1164 1388 1269 1489 ἁγίας
1286 1392 1344 1470 καί

145 1515 357 1613 εἰλικρινοῦς
376 1510 501 1620 ε’κδέξη
519 1511 561 1595 τό
580 1514 773 1616 εἰρημένον.

91 1788 133 1829 10
242 1761 281 1827 Τί
308 1763 418 1829 θέλετε
430 1794 438 1846 ;
470 1764 505 1830 ἐν
534 1764 643 1855 ῥάβδῳ
668 1765 757 1830 ἔλθω
784 1764 866 1855 πρὸς
893 1767 976 1841 ὑμᾶς
1003 1765 1022 1830 ιί
1048 1765 1086 1830 ὲν
1112 1765 1243 1856 ἀγάπης
1360 1781 1394 1821 21

207 1928 402 2027 Βούλεσθε,
421 1935 547 2036 φησίν,
568 1928 691 2036 σοφὴν
713 1930 907 2036 ἐπίπληξιν
928 1931 985 2038 οἰηι
1012 1933 1081 2010 τινὶ
1107 1925 1224 2040 ῥάβθιρ
1251 1931 1342 2010 ε’πα-

146 2050 255 2154 γάγω
281 2059 354 2136 τοῖς
385 2053 630 2157 ἡμαρτηκόσιν
639 2087 654 2158 5
698 2052 715 2148 ἢ
746 2055 776 2135 ἐν
799 2053 965 2158 πνεύματι
998 2051 1181 2160 πραΰτητος
1207 2061 1267 2136 καί
1297 2059 1345 2142 ὡς

148 2179 181 2257 ἑν
213 2175 339 2292 ἀγάπη
369 2178 620 2282 προσενεχθεὶς
651 2175 874 2280 παραδράμω
907 2176 1137 2279 σεσιγηκιός;
1181 2180 1266 2259 ἀλλ’
1299 2177 1345 2279 ἦν

148 2299 295 2398 ἄμεινον
312 2302 430 2384 αὐτοῖς
449 2301 470 2400 ἡ
489 2301 681 2407 ε’πίπληξις
705 2301 780 2400 ἅμα
801 2300 987 2380 κόπτουσα
1004 2298 1047 2380 τὸ
1075 2299 1189 2380 δεινὸν
1217 2305 1275 2382 καί
1302 2301 1344 2382 τὸ

93 2453 133 2516 15
147 2421 312 2531 ῥᾴθυμον
331 2426 389 2503 καί
408 2427 471 2524 τῆς
488 2424 651 2524 τοιαύτης
668 2425 891 2527 παρανομίας
908 2423 974 2524 τὴν
992 2425 1224 2527 ε’πιχείρησιν·
1264 2428 1345 2528 περί

146 2547 192 2648 ἧς
219 2550 277 2626 καί
295 2547 317 2646 ἡ
336 2544 571 2632 θεόπνευστος
599 2545 669 2653 ἔφη
696 2545 822 2650 γραφὴ
849 2549 929 2648 περὶ
956 2553 1028 2627 τῶν
1051 2546 1095 2654 ἐξ
1109 2545 1262 2649 Ἰσραὴλ
1287 2546 1345 2627 8ιά

147 2673 274 2776 φωνῆς
286 2668 396 2768 Ἰωήλ
413 2681 435 2718 “
449 2673 521 2750 Καὶ
542 2669 614 2755 υίὸς
632 2672 689 2750 καί
707 2668 826 2772 πατὴρ
845 2670 954 2749 αὑτοῦ
971 2669 1237 2773 εἰσεπορεύοντο
1255 2669 1346 2774 πρὸς
1358 2696 1439 2746 Amos
1450 2697 1476 2748 ii.
1491 2705 1513 2761 ⁷·

148 2805 173 2842 “
191 2792 258 2892 τὴν
287 2793 398 2893 αὐτὴν
426 2793 633 2894 παιδίσκην,
664 2793 761 2879 ὅπως
792 2793 1041 2893 βεβηλιόσιυσι
1072 2791 1114 2872 τὸ
1143 2793 1256 2891 ὄνομα
1283 2802 1347 2874 τοῦ

150 2929 175 2966 “
194 2922 289 2997 Θεοῦ
307 2918 455 3000 αὑτῶν.”
485 2918 618 3016 ταύτην
635 2921 730 3021 φησί
747 2914 815 3017 τὴν
832 2917 998 3020 πορνείαν
1013 2914 1082 3000 οὐθί
1101 2919 1131 2999 ἓν
1148 2922 1215 3003 τοῖς
1234 2914 1348 2999 ἔθνεσιν
1359 2956 1413 3007 ως.
1427 2959 1451 2993 v.
1466 2957 1488 2993 ι.

92 3075 135 3114 20
148 3042 251 3121 ἔστιν
268 3043 430 3122 οἰκοῦσαι·
460 3042 589 3141 Θησέα
606 3039 677 3143 γὰρ
695 3039 836 3141 ἠκηκόει
854 3075 925 3122 που
944 3040 1035 3121 κατὰ
1053 3041 1094 3121 τὸ
1112 3038 1202 3125 εἰκὸς
1219 3047 1344 3143 τεθηγ-

148 3165 257 3265 μίνον
279 3167 337 3246 ε’πί
359 3171 410 3274 τῷ
435 3164 511 3274 ἰδίιρ
532 3169 643 3260 παιδὶ,
660 3163 934 3266 ε’παρασάμενόν
953 3199 992 3244 τε
1016 3165 1122 3272 αύτῷ,
1141 3168 1200 3244 καὶ
1224 3163 1267 3266 δη
1288 3167 1346 3245 καί

149 3287 369 3370 ἀπεκτονότα
402 3286 686 3387 διαβεβλημείιον
715 3290 753 3368 εἰ(
780 3294 962 3391 μητρυιᾶς·
998 3291 1057 3368 καί
1084 3287 1221 3391 ἐτέρους
1249 3287 1346 3373 τινάς

149 3416 208 3494 ε’πί
229 3417 384 3495 τοιοῖσδε
406 3411 592 3512 αἰτιάμασι
620 3418 696 3496 ταῖς
723 3417 796 3491 τῶν
822 3417 980 3511 ποιητῶν
1006 3413 1209 3512 εόστομίαις
1238 3447 1342 3494 κατε-

148 3538 393 3638 σκωμμένονς.

91 3801 133 3862 25
161 3778 371 3869 Παραδοῦναι
397 3777 453 3845 τὸν
479 3779 624 3844 τοιοῦτον
650 3779 699 3862 τῷ
725 3781 848 3871 οατανᾷ
875 3776 923 3843 εἰς
949 3778 1087 3869 ὄλεθρον
1114 3783 1174 3844 τῆς
1200 3781 1330 3868 σαρκός.
1359 3783 1512 3868 Κεφ.ε’.5

206 3948 387 4058 Ἀπίδειξε
420 3952 462 4030 δι’
497 3944 548 4028 ὧν
576 3947 640 4029 τὸν
670 3947 934 4050 πεπορνευκότα
966 3947 1116 4029 δέδωκεν
1144 3957 1190 4034 εἰς
1225 3947 1346 4054 ίλεθρον

148 4071 210 4167 τῆς
241 4074 366 4184 σαρκίς
393 4073 449 4154 ’ίνα
478 4071 514 4153 τί
545 4074 679 4179 πνεῦμα
708 4068 805 4181 σωθῇ,
833 4070 872 4149 τί
901 4072 1002 4150 ἐστιν
1031 4081 1054 4119 “
1066 4073 1146 4151 Ούκ
1175 4072 1214 4150 ἐν
1244 4069 1479 4211 λόγιρὲηρηὶυ.

1307 4193 1318 4222 ,
1391 4196 1399 4212 .

147 4209 172 4246 “
189 4201 277 4278 ἀλλ’
297 4200 334 4278 ἐν
356 4195 501 4295 δυνάμει
525 4197 548 4296 ἡ
566 4195 738 4292 βασιλεία
765 4201 837 4275 τῶν
855 4195 1048 4296 ούρανῶν·”
1078 4194 1244 4302 ἐξουσίας
1272 4227 1345 4298 γαρ

184 4471 210 4511 2.
227 4455 387 4580 ἀξιαγαστοῦ
399 4455 547 4511 emendavi.
558 4455 741 4524 ἀξια...τοῦ
754 4453 811 4509 Mai
823 4462 849 4510 et
860 4454 897 4510 ita
908 4455 943 4508 Α.
1021 4453 1047 4510 8.
1065 4453 1140 4510 δίλ.
1223 4469 1265 4508 11.
1284 4453 1346 4510 ἰπο-

148 4530 223 4598 γαγῶ
264 4565 270 4580 .
392 4543 432 4580 12.
453 4525 598 4597 πραότητος
610 4525 690 4580 habet
702 4534 728 4580 et
740 4525 775 4579 Α.
899 4538 941 4596 ¹5·
958 4527 1004 4594 τῆς
1015 4543 1070 4582 om.
1083 4525 1118 4580 Α.
1243 4540 1286 4580 21.
1305 4525 1348 4580 κιιί

149 4597 196 4654 alt.
208 4603 378 4668 assumptum
390 4613 423 4652 ex
435 4596 470 4651 Α.
613 4608 657 4667 25.
676 4593 802 4652 Scholion
814 4595 865 4652 hoc
878 4605 1049 4668 asumptum
1060 4615 1092 4653 εκ
1106 4595 1144 4654 H.
