3280 5142
127 349 216 415 xviii.
231 370 284 418 22.
323 352 378 416 IN
408 354 441 419 S.
456 353 724 422 'JOANNEM
770 355 866 422 LIB.
889 357 951 423 XI.
996 357 1098 424 C'AP.
1115 357 1196 423 XII.
1287 357 1329 422 37

128 527 203 604 τοῖς
216 523 506 626 ἐπενηνεγμεῦοις
519 524 721 628 ἀπολογίαν
734 522 956 622 ποιούμενον.
979 525 1064 606 ἀλλ’
1077 527 1153 606 οὐδ’
1166 523 1211 605 διν
1223 523 1330 604 αὐτὸν

129 645 198 726 ἴδοι
224 680 279 731 τις
302 653 375 728 τῶν
395 648 577 729 Ἰουδαίων
593 647 657 729 τόν
674 647 934 752 προεδρεύοντα
951 650 1066 730 παίειν
1089 650 1185 757 αὐτῷ
1210 654 1326 729 διατε-

127 771 279 876 ταχότα,
299 774 357 852 καὶ
384 779 458 858 τοῖς
486 773 577 854 οὕτω
604 772 827 878 παραλόγοις
854 776 1030 874 ἐπιπηδᾶν
1055 771 1364 873 δυσσεβήμασι.1)

128 899 189 975 καὶ
207 904 480 998 προβαλοῦνται
498 897 563 994 μέν
581 898 670 980 ἴσως
687 897 778 983 τινές
796 897 864 998 τὴν
879 906 954 983 τοῖς
977 897 1165 1002 ὑπηρέταις
1185 901 1329 1000 ἐντριβῆ

97 1023 190 1100 5καὶ
212 1023 461 1122 μελετωμένην
478 1021 679 1123 συνήθειαν,
698 1021 732 1101 οἳ
754 1029 829 1107 τοῖς
852 1021 1060 1124 ἡγουμένοις
1083 1021 1331 1126 προσάγοντες

129 1143 216 1231 τοῦς
248 1146 310 1226 ἐπί
337 1179 413 1225 τισι
447 1152 520 1225 τῶν
549 1145 620 1252 ἐξω
652 1143 763 1245 νόμου
795 1148 1073 1251 κατειρημένους,
1106 1153 1233 1227 λαλεῖν
1265 1143 1331 1243 μέν

129 1269 390 1372 ἐπιεικέστερον
419 1273 478 1349 καὶ
510 1271 577 1376 οὐχ
609 1267 755 1354 ἐκόντας
787 1270 1039 1375 άναγκάᾷιυσι,
1067 1269 1329 1376 παραφθεγξα-

130 1393 258 1491 μένους
286 1393 328 1474 δέ
350 1429 385 1475 τι
414 1401 487 1475 τῶν
515 1393 768 1500 ἀπηχεστέρων
795 1394 877 1475 ἐσθ’
907 1394 966 1476 ότε
997 1397 1056 1476 καὶ
1086 1394 1329 1498 ἀτιμάζουσιν.

130 1519 219 1597 ἀλλ’
249 1520 290 1599 οῦ
318 1519 452 1618 ταύτην
479 1515 577 1615 οἶμαι
603 1517 669 1618 τὴν
697 1520 813 1599 αἰτίαν
839 1523 904 1619 τῆς
935 1521 992 1600 ἐπὶ
1020 1524 1173 1627 Χριστῷ
1205 1519 1333 1618 μανίας

81 1679 118 1718 10
131 1647 318 1742 συμβῆναι
345 1643 437 1740 τότε,
454 1641 643 1749 πρόφασιν
668 1643 705 1723 δέ
732 1652 796 1724 τοῦ
823 1643 1056 1745 τολμήματος
1083 1643 1205 1746 ἑτέραν
1227 1642 1331 1746 εὑρή-

131 1801 257 1864 σομεν,
282 1775 356 1853 τοῖς
383 1767 452 1868 ἤδη
477 1765 740 1870 προειρημένοις
766 1766 830 1848 τόν
858 1775 942 1849 νοῦν
969 1768 1217 1871 ἐνερείσαντες.
1256 1764 1362 1850 ἐλέο

130 1925 245 1992 γομεν
263 1891 335 1995 γὰρ
354 1892 494 1994 ἀρτίως,
513 1890 567 1972 ότι
591 1899 666 1977 τοῖς
692 1890 898 1994 ἡγουμένοις
921 1891 1235 1995 προσκεκροῦκασι
1258 1897 1332 1971 τῶν

132 2016 403 2121 ὑπηρετούντων
435 2014 535 2115 τινές,
568 2015 602 2098 οῖ
637 2016 946 2122 προσετάχθησαν
977 2013 1044 2115 μέν
1072 2013 1332 2110 συλλαβέσθαι

130 2141 195 2221 τὸν
235 2142 392 2241 Ἰησοῦν,
432 2143 609 2240 ἐπανῆκον
650 2139 688 2221 δέ
730 2144 822 2221 οὕτω
864 2137 1233 2244 μεμυσταγωγημένοι
1272 2141 1330 2218 καὶ

82 2296 117 2356 15
130 2265 393 2366 τεθαυμακότες
419 2265 538 2363 αῦτὸν,
564 2268 612 2350 ὡς
639 2264 831 2370 διαρρήδην
859 2271 967 2347 εἶπεῖν
996 2275 1018 2314 “
1032 2265 1215 2346 Οὐδέποτε
1246 2262 1330 2344 ε’λά-
1375 2271 1462 2387 ξζυνό

130 2400 152 2436 “
172 2400 291 2488 λησεν
309 2391 420 2472 οὕτως
439 2387 662 2492 άνθρωπος.”
692 2388 747 2494 ἐφ’
767 2385 797 2498 ᾧ
824 2392 882 2468 καὶ
905 2388 1053 2496 σφόδρα
1076 2390 1331 2488 λελυττηκότες
1413 2356 1470 2404 ⁹⁴⁹

129 2515 295 2620 ἔφασκον
315 2517 348 2593 οἱ
368 2517 560 2616 Φαρισαῖοι
578 2523 600 2561 “
615 2512 682 2613 Μὴ
708 2516 766 2593 καὶ
791 2516 886 2612 ὑμεῖς
911 2513 1173 2615 πεπλάνησθε;
1202 2512 1252 2614 μή
1277 2549 1330 2598 τις
1376 2521 1477 2584 nm-

131 2647 153 2685 “
172 2642 212 2718 ἐκ
238 2644 313 2717 τῶν
341 2640 552 2740 Φαρισαίων
580 2633 603 2736 ἢ
634 2639 673 2718 ἐκ
705 2645 778 2717 τῶν
805 2638 1011 2741 ἡγουμένων
1041 2637 1254 2718 ἐπίστευσεν
1283 2644 1331 2722 εῖς
1376 2603 1417 2652 ⁴9¹

130 2773 152 2810 ‘⁴
171 2761 303 2860 αῦτόν;
349 2762 433 2840 ἀλλ’
468 2762 488 2841 ό
524 2759 635 2866 ὄχλος
672 2761 775 2846 οὗτος
810 2767 843 2842 οῖ
877 2760 928 2861 μὴ
962 2758 1091 2845 εἰδότες
1124 2759 1188 2841 τὸν
1220 2758 1333 2860 νόμον

80 2925 117 2966 20
129 2897 153 2934 “
169 2885 345 2990 ἐπάρατοί
359 2882 483 2967 εἶσιν.”
514 2883 633 2984 ἐπειδὴ
651 2885 769 2965 τοίνυν
789 2893 853 2964 τοῦ
872 2887 1039 2987 Σωτῆρος
1066 2887 1086 2964 ὁ
1111 2882 1221 2985 λόγος
1241 2884 1333 2989 πρὸς

129 3009 335 3112 ἀνάμνησιν
357 3008 475 3090 ἐκάλει
500 3005 583 3094 τοῦς
606 3006 820 3112 ἡγουμένους
847 3013 911 3108 τῆς
936 3006 1029 3088 κατὰ
1052 3015 1125 3088 τῶν
1149 3010 1367 3111 ὑπηρετῶνᾶ

129 3131 357 3235 κεκινημένης
394 3131 475 3213 τότε
512 3135 747 3235 βαρυθυμίας·
785 3130 968 3236 μάρτυρας
1000 3130 1072 3236 γὰρ
1105 3132 1231 3217 αὐτοῦς
1269 3139 1332 3232 τῆς

129 3261 259 3358 ἐαυτοῦ
276 3257 514 3342 διδασκαλίας
535 3255 747 3361 παρεκόμιζε
772 3256 889 3360 λέγων
906 3254 1014 3338 “Ἴδε
1042 3256 1138 3336 οῦτοι
1163 3254 1332 3338 ’ίσασινοῖ
1377 3262 1476 3376 {252

131 3393 152 3431 “
171 3381 274 3464 εἶπον
302 3381 405 3485 ἐγιό·”
449 3379 736 3485 άποκρουόμενος
772 3385 836 3481 τῆς
873 3387 922 3466 είς
959 3381 1067 3461 αὐτὸν
1101 3385 1235 3467 εὐνοίας
1267 3383 1333 3484 τὴν

82 3539 117 3600 25
131 3508 310 3614 ὑποψίαν,
338 3508 398 3586 καὶ
431 3512 504 3585 τῶν
532 3506 739 3607 ἡγουμένων
765 3503 830 3585 τόν
863 3513 947 3586 νοῦν
974 3507 1029 3612 ἐφ’
1058 3505 1177 3610 ἐτέρας
1210 3503 1333 3610 ὥσπερ

130 3631 373 3736 παρατρέπων
408 3632 542 3714 ἐννοίας
584 3631 604 3709 ὁ
645 3630 702 3710 ἐπὶ
736 3634 788 3737 τῷ
825 3628 1008 3728 θαυμάσαι
1045 3631 1211 3733 Χριστόν
1247 3632 1331 3733 παρ’

131 3759 274 3839 ἐκείνοις
301 3754 571 3854 ἐγκαλούμενος,
599 3753 813 3856 ἐπιστομίζει
841 3757 1050 3862 ῥαπίσματι,
1075 3751 1121 3834 τά
1150 3762 1334 3835 λυποῦντα

132 3881 252 3984 λέγειν
270 3880 335 3960 οῦκ
352 3881 460 3985 ἐφιεὶς
478 3885 550 3960 τῶν
569 3880 753 3983 ῦπηρετεῖν
770 3879 994 3979 τεταγμένων
1012 3877 1054 3957 τὸ
1080 3878 1362 3986 φιλοκίνδυνονο

130 4011 276 4113 στῖφος.

206 4238 248 4296 17.
256 4209 399 4296 ἐφάτην]
412 4223 490 4280 αῦτδν
501 4224 621 4296 ἔφασκον
633 4223 667 4278 Ε.
824 4237 867 4294 25.
885 4221 1003 4294 ὑποψίαν
1017 4222 1048 4276 Ε.
1061 4221 1197 4294 ὑπόληψιν
1209 4221 1261 4281 Ed.
