3244 5146
302 332 366 392 532
530 327 568 388 Β.
594 323 782 388 CYRlLLl
816 324 1077 388 ALEXANDR.
1104 323 1275 387 FRAGM.

302 493 381 554 dam
404 490 540 554 similem
564 490 733 553 racionem.
787 489 878 550 Nam
900 489 954 551 tic
980 489 1110 572 quidem
1133 489 1306 570 crucefleue
1329 498 1376 551 eet
1402 491 1513 570 utpote

302 606 332 658 et
348 594 534 675 passionem
552 593 739 675 coeptare,
758 602 788 654 et
809 592 895 674 tipao
917 594 1041 675 affixus,
1064 603 1094 655 et
1116 592 1160 655 at
1180 591 1320 656 Jodoeie
1342 589 1511 672 detentus.-

301 696 357 759 e'lle
371 706 486 770 auum,
502 695 588 778 quod
601 704 672 757 erat
686 713 758 755 cum
772 693 841 776 ipae
856 694 1025 757 secundum
1035 695 1245 777 praedictam
1259 713 1409 758 caueam.

338 947 473 1032 Insuper
487 953 594 1011 autem
608 947 659 1009 his
674 945 772 1008 infert
786 947 896 1009 statim
911 947 1088 1029 procedens,
1104 946 1187 1030 quod
1201 945 1370 1010 crucifixus
1386 945 1486 1009 homo

616 1057 683 1112 erat
699 1049 819 1111 habens
834 1047 938 1111 Deum
954 1049 1195 1112 inhabitantem.
1528 1059 1545 1117 5

762 1233 881 1294 Sauum
905 1230 1050 1295 Cremu.

203 1387 209 1400 ·
247 1424 252 1436 .
352 1368 437 1432 Quid
452 1368 539 1442 dieis,
557 1391 574 1430 o
590 1367 704 1430 fortis?
749 1365 808 1430 Dei
829 1365 971 1449 genitrix
990 1373 1058 1430 erat
1078 1374 1187 1431 saneta
1202 1365 1316 1450 Virgo,
1331 1364 1415 1449 quod
1436 1369 1512 1427 nato

307 1493 345 1534 ex
360 1471 429 1554 ipsa
444 1471 530 1534 Deus
550 1471 661 1546 inerat,
677 1468 825 1532 habitans
840 1469 1010 1532 secundum
1032 1470 1132 1533 solum
1147 1469 1296 1532 affectum
1311 1466 1513 1531 voluntatis?

307 1575 408 1637 Istam
437 1596 502 1638 esse
530 1575 666 1637 affirmas
695 1573 878 1636 unitatem?
924 1575 1010 1655 Ergo
1036 1595 1108 1636 cum
1135 1571 1231 1636 etism
1258 1571 1292 1635 in
1316 1570 1408 1634 nobis
1434 1569 1513 1653 ipsis

306 1676 499 1740 mansionem
521 1674 618 1739 faciat
641 1675 727 1739 Deus
747 1661 910 1738 exsistens'
922 1673 1064 1738 Verbum
1087 1675 1259 1757 (inhabitat
1281 1673 1366 1737 enim
1388 1673 1513 1736 anima-
1532 1697 1565 1736 ιο

306 1781 365 1843 bus
380 1785 558 1842 sanctorum
574 1800 630 1861 per
642 1779 794 1840 Sanctum
811 1776 989 1860 Spiritum),
1006 1777 1222 1840 confitearisnc
1237 1777 1408 1840 secundum
1423 1775 1514 1838 simi·

306 1881 369 1944 lem
384 1883 513 1943 modum
528 1880 624 1943 etiam
640 1902 696 1942 nos
711 1881 795 1962 ipsos
810 1880 849 1942 ad
864 1879 968 1962 ipsum
983 1879 1098 1942 habere
1114 1878 1294 1943 unitatem?
1329 1877 1396 1942 Ubi
1410 1877 1515 1962 igitur

306 1981 493 2047 miraculum
515 1981 658 2066 mysterii
674 1981 796 2045 Christi
818 1981 950 2064 aspiciat
971 1981 1108 2065 aliquis?
1152 1982 1239 2045 Nam
1260 1979 1515 2067 quandoquidem

307 2085 444 2151 creditur
466 2085 635 2149 secundum
658 2107 715 2149 nos
736 2083 831 2150 homo
853 2083 921 2147 fieri
944 2082 1031 2147 Deus
1047 2083 1198 2162 Verbum,
1214 2083 1358 2148 mirabile
1378 2091 1516 2147 estsere

306 2188 503 2274 mysterium,
519 2194 552 2251 et
568 2187 700 2251 miretur
715 2186 823 2270 utique
838 2185 951 2270 aliquis
967 2185 1025 2250 hoc
1040 2187 1152 2250 merito
1167 2193 1200 2251 et
1214 2187 1430 2250 vehementer.
1477 2185 1515 2248 Si
1533 2205 1566 2264 15

306 2297 413 2356 autem
435 2291 468 2354 in
491 2290 617 2355 homine
639 2289 782 2354 habitare
808 2289 932 2353 dicatur
956 2290 1128 2353 secundum
1153 2289 1301 2354 affectum
1325 2288 1514 2364 voluntatis,

305 2395 400 2459 aliam
424 2393 520 2458 habet
543 2393 696 2458 rationem
723 2415 773 2456 res
797 2391 1050 2475 dispensationis.
1107 2391 1285 2456 Meruimus
1309 2392 1404 2468 enim,
1431 2391 1515 2455 sieid

306 2496 382 2574 dixi,
405 2497 558 2581 ejusmodi
586 2495 735 2580 gratiam,
760 2495 814 2578 qui
843 2493 905 2558 fids
930 2516 1010 2579 quac
1034 2495 1069 2559 in
1090 2495 1194 2578 ipsum
1215 2499 1264 2559 est
1286 2493 1517 2580 splenduimus.

309 2600 384 2664 Non
406 2599 490 2663 enim
515 2599 630 2682 aliquis
653 2599 763 2681 utique
784 2599 881 2675 dicat,
904 2598 987 2682 quod
1012 2619 1076 2662 non
1099 2596 1274 2662 voluntarie
1296 2600 1380 2662 inest
1401 2597 1517 2661 nobis:

309 2702 411 2786 magis
426 2724 499 2765 vero
515 2700 691 2764 voluntarie
709 2700 774 2764 sive
789 2702 961 2765 secundum
978 2700 1174 2764 voluntatem
1196 2699 1326 2765 insitam
1344 2701 1373 2764 ci
1395 2701 1436 2764 ad
1456 2721 1568 2762 nosco

306 2805 454 2868 affectum
469 2804 592 2867 fecerat.
637 2802 700 2866 Sed
715 2825 772 2866 nee
786 2826 805 2866 a
820 2825 912 2867 earne
927 2809 1053 2867 sanctae
1068 2802 1202 2887 virginis
1216 2803 1344 2866 initium
1358 2801 1519 2868 essentiae

307 2906 452 2971 habuisse
467 2906 599 2969 dicimus
609 2905 714 2970 Deum
725 2907 875 2984 Verbum,
892 2907 946 2989 qui
962 2905 1240 2970 consubstantialis
1255 2912 1303 2969 est
1314 2905 1422 2970 Patri:
1446 2913 1520 2971 crat

307 3011 391 3074 enirn
408 3031 530 3093 semper
544 3031 607 3072 una
621 3031 693 3072 cum
708 3031 744 3073 eo
759 3008 950 3074 subsistens:
971 3009 1075 3092 magis
1088 3016 1196 3073 autem
1210 3009 1326 3072 scimus
1340 3009 1519 3074 secundum

308 3134 366 3176 nos
391 3111 511 3175 factum
537 3133 603 3175 esse
627 3111 797 3176 hominem.
843 3110 959 3195 Itaque
979 3111 1071 3195 juste¹
1091 3109 1153 3175 Dei
1176 3111 1320 3195 genitrix
1346 3111 1471 3176 dicatur
1499 3136 1519 3177 a

308 3215 400 3279 nobis
423 3219 532 3278 saneta
557 3215 649 3297 virgo
672 3236 767 3298 quam
792 3211 929 3278 hominis
954 3213 1105 3298 genitrix,
1131 3237 1204 3278 cum
1230 3219 1314 3279 certe
1341 3216 1520 3279 secundum
1535 3242 1550 3281 a
1555 3241 1573 3298 5

310 3337 435 3380 carnem
449 3315 614 3379 Christum
630 3316 808 3399 peperisset.

352 3419 400 3481 Ec
422 3437 496 3481 rose
517 3437 603 3481 sim.
649 3417 731 3481 Cum
746 3418 830 3482 enim
845 3420 884 3482 ad
900 3417 1153 3503 explanationem
1168 3418 1227 3482 hoo
1243 3419 1440 3502 propositum
1455 3425 1517 3498 est,

310 3521 394 3604 quod
415 3523 464 3584 cst
487 3519 598 3582 “Cum
614 3519 795 3584 introducat
813 3521 1061 3606 primogenitum
1076 3520 1111 3583 in
1130 3521 1238 3585 orbem
1252 3525 1418 3602 terrarum,
1434 3521 1517 3588 dicit

312 3630 331 3661 “
346 3623 391 3686 Et
405 3621 534 3686 adorent
548 3644 620 3686 eum
635 3620 773 3700 universi
788 3623 894 3707 angeli
910 3620 1001 3700 Dei,'’
1017 3623 1127 3688 scribit
1141 3623 1258 3688 iterum
1272 3623 1328 3702 sic,

348 3846 371 3884 1.
391 3838 483 3900 utpote
495 3830 571 3884 tabet
584 3831 619 3885 D.
658 3831 754 3886 Statim
766 3839 792 3885 et
804 3849 853 3885 om.
867 3831 903 3886 D.
1033 3847 1057 3884 2.
1076 3829 1181 3886 adfixus
1195 3831 1231 3886 D.
1362 3849 1389 3903 3.
1408 3831 1516 3915 autem]

315 3907 342 3964 ÷
358 3899 507 3954 secundum
522 3901 556 3954 D.
612 3901 760 3955 secundum
773 3918 822 3954 om.
836 3900 873 3955 D.
1062 3920 1089 3968 4.
1108 3903 1162 3955 Hic
1174 3903 1278 3962 titabrm
1289 3901 1406 3969 inserant
1420 3903 1516 3974 Cyr'dlr

312 3969 416 4033 Surius,
431 3971 546 4042 (tyrillus
558 3969 621 4035 Ed,
634 3977 791 4041 repapauate
805 3970 840 4023 D.
968 3970 994 4026 6.
1012 3972 1056 4026 Itu
1070 3973 1105 4026 D.
1120 3971 1221 4026 lterum
1237 3970 1329 4053 cyrilli
1342 3973 1448 4040 Suriae,
1462 3974 1515 4028 Ed.

312 4058 338 4109 9.
357 4040 502 4094 adfirmans
515 4041 552 4094 D.
682 4058 723 4096 ιο.
742 4041 859 4095 existens
873 4041 908 4104 D,
923 4041 1029 4096 Sarius.
1156 4059 1197 4096 12.
1216 4041 1284 4111 Ubi]
1300 4042 1404 4098 Deinde
1417 4045 1465 4098 ubi
1479 4045 1515 4098 D.

315 4127 356 4180 η.
376 4110 484 4165 haberet
496 4109 567 4164 tend
576 4111 643 4164 naute
656 4111 691 4164 D.
819 4112 860 4166 18.
879 4111 934 4165 dixi
947 4111 981 4175 D,
995 4112 1061 4166 dixit
1074 4110 1136 4175 Ed..
1150 4111 1256 4166 Surius.
1385 4130 1428 4168 20.
1447 4113 1516 4184 sive]

313 4182 336 4233 si
349 4199 410 4234 vero
425 4180 461 4234 D.
515 4181 621 4235 inistem
636 4180 700 4250 (sic)
715 4181 750 4234 D.
918 4198 961 4248 2⁴·
976 4179 1062 4252 justo]
1076 4193 1130 4235 tam
1139 4182 1213 4251 justo
1226 4181 1321 4236 Surius
1333 4183 1362 4236 in
1375 4200 1430 4250 mg.
1444 4184 1517 4238 unde

315 4249 417 4318 Migns.
524 4265 566 4320 27.
586 4261 612 4304 et
624 4260 684 4320 post
696 4249 758 4320 alia]
772 4259 871 4320 etpost
884 4251 934 4305 alie
947 4269 997 4305 nos
1010 4253 1071 4305 talia
1083 4251 1177 4306 babuit
1186 4253 1248 4319 (sic)
1260 4252 1295 4306 D.
1350 4252 1437 4354 enirn]
1451 4261 1482 4319 ψ
1493 4255 1518 4308 ei

315 4319 416 4375 Bellov.
466 4322 684 4392 exemplationem
694 4321 756 4391 (sic)
769 4322 805 4374 D.
933 4324 976 4377 28.
995 4321 1060 4394 quid
1075 4321 1110 4376 D.
1165 4322 1316 4376 introducet
1330 4323 1367 4388 D,
1380 4324 1519 4380 “tereres

314 4389 373 4442 libri
382 4391 400 4414 ”
415 4389 516 4452 Belua..
530 4391 635 4453 Serius,
648 4390 793 4446 introducit
807 4391 858 4446 Ed.
1015 4408 1110 4462 29-p.
1124 4405 1219 4463 533,1.
1239 4393 1517 4466 scribit—'lbeodoffl

313 4459 439 4514 scribitur
451 4461 488 4516 sic
499 4460 633 4516 Theodori
646 4461 681 4516 D.
