3294 5150
163 357 219 422 vii.
239 359 289 424 18.
353 361 407 426 IN
432 363 498 429 ΕΡ.
519 362 547 428 Ι.
575 362 638 427 ΑΙ)
664 363 957 429 CORINTHIOS.
996 364 1081 429 LIB.
1107 364 1172 429 III.
1294 367 1356 431 271

1452 465 1490 515 ιι.

162 524 257 601 εἰσὶν
278 520 371 626 Σύριοι
392 529 452 605 καὶ
477 525 523 606 τοὶ
545 523 647 608 τέκνα
670 527 768 629 ἀμόν,
786 535 952 612 νικῶντος
975 527 1118 612 πάντως
1139 563 1210 610 που
1234 537 1298 608 τοῦ
1320 531 1359 608 ἐν
1384 465 1441 531 [⁵⁹
1504 461 1516 530 ]

160 651 235 727 τοῖς
266 646 500 727 πιστεύουσιν
527 650 710 750 ἀγιασμοῦ
741 658 814 731 τῶν
845 653 944 732 οὕτω
974 649 1262 732 πεπιστευκότων
1292 652 1357 733 τὸν

158 768 284 871 ῥύπον.
318 777 345 850 εί
364 767 399 850 θέ
418 781 432 853 ι’
452 769 598 858 ι’ίπιστος
617 775 796 882 χαρίζεταί
813 782 937 880 φησιν,
957 773 1151 883 χωριζέσθω·
1188 780 1223 855 ού
1241 769 1352 855 ἀεάού-
1371 815 1422 849 ver·
1434 811 1470 861 ι5-

161 911 272 972 λωτοιι
293 903 307 975 o‘
326 890 482 1001 ἀθελφλτ
505 892 522 988 ἦ
547 891 721 1003 ήάθελφῆ
750 900 779 979 ἑν
797 903 863 984 τοῖς
891 899 1053 984 τοιούτοις·
1083 897 1238 1003 οἰχέσθω
1266 897 1353 1002 γάρ,

125 1019 191 1096 sei
226 1019 334 1112 δοκεῖ,
372 1026 436 1097 τοῦ
472 1017 676 1120 ἁγιόῷντος
709 1021 729 1099 ὃ
765 1020 1047 1119 μεμολυσμένος,
1084 1022 1230 1121 γνώμης
1266 1024 1355 1106 ἰδίας

160 1138 322 1242 ὀψώνιον
340 1139 432 1244 έχων
450 1140 516 1240 τὴν
533 1139 571 1220 ἐν
589 1175 631 1244 γε
649 1141 765 1250 τούτῳ
781 1143 920 1246 ζημίαν·
950 1145 1153 1227 ἀνυπαίτιος
1172 1143 1210 1224 δέ
1228 1178 1357 1224 παντε-

160 1268 237 1344 λῶς
255 1263 276 1341 ὁ
295 1268 370 1346 ταῖς
389 1264 497 1347 θείαις
521 1261 691 1361 ἑπόμενος
708 1269 879 1349 ἐντολαῖς·
909 1267 1193 1365 εύλογηθήσεται
1218 1265 1290 1368 γάρ
1309 1270 1357 1351 ὡς

161 1383 413 1488 εύήνιοςπαρά
429 1394 493 1467 τοῦ
510 1387 655 1467 πάντων
673 1389 783 1486 ἡμῶν,
793 1392 960 1490 Σωτῆρος
977 1394 1154 1491 Χριστοῦ.

160 1626 442 1714 Περιτετμιιμένοε
469 1653 517 1696 τις.
543 1631 687 1712 ἐκλήθη
714 1631 757 1707 μθ
785 1631 989 1698 ἐπισπάσθω·
1022 1631 1057 1696 ὲν
1085 1629 1280 1722 ἀκροβυστίᾳ
1310 1655 1355 1698 τις
1373 1651 1408 1707 18

103 1768 144 1808 ¹0
507 1756 651 1839 ἐκλήθη
685 1757 729 1833 μά
757 1757 1010 1846 περιτεμνέσθω.

214 1923 322 2009 Τινές
349 1929 398 2010 ὡς
425 1926 515 2012 είκάς
542 1935 614 2007 τῶν
632 1931 671 2008 ἐκ
695 1932 886 2031 περιτομῆς
911 1928 1147 2031 διελογίζοντο
1170 1929 1251 2008 καθ’
1270 1927 1352 2009 έαυ·

160 2045 244 2131 τούς
273 2053 360 2132 Πῶς
387 2049 543 2150 ἐσόμεθα
571 2054 685 2132 θεκτοὶ
712 2054 771 2131 καὶ
798 2052 864 2150 τὴν
891 2055 928 2130 ἐν
951 2057 1104 2159 Χριστῷ
1132 2049 1223 2154 ζωήν
1250 2051 1354 2151 τιμή-

161 2205 292 2270 σομεν,
323 2172 462 2278 ἔχοντες
489 2174 558 2274 ήδη
585 2173 650 2274 τὴν
677 2175 897 2279 περιτομήν;
932 2172 1051 2275 δεήσει
1079 2174 1173 2279 τοίχα
1199 2209 1270 2256 που
1298 2177 1356 2254 καὶ

201 2415 224 2450 1.
237 2395 308 2465 ἡμῶν
319 2399 353 2452 Α.
399 2398 494 2454 πόντοι
503 2396 675 2454 Μοί.πόντωσ
684 2398 785 2453 correxi
794 2415 826 2453 ex
839 2397 864 2450 A
876 2397 951 2451 etita
963 2396 1065 2468 Migne.
1074 2397 1175 2453 πόντος
1185 2417 1237 2450 που
1249 2413 1302 2450 om.
1318 2395 1355 2451 H.

162 2465 259 2520 Statim
272 2471 317 2520 τοῦ
329 2466 458 2538 ἀγιααμοῦ
470 2473 521 2522 τῶν
531 2473 631 2523 πιστῶν
644 2468 682 2522 Η.
846 2487 872 2534 4.
893 2467 949 2522 Ine.
963 2467 1083 2537 Οίχέσθιο
1097 2468 1137 2520 καί
1149 2467 1355 2520 ἀπαλλαττέσθω

159 2540 208 2590 τοῦ
225 2535 232 2556 ‘
254 2539 302 2603 ιάζ.
318 2536 355 2591 Η.
488 2539 514 2593 8.
534 2542 600 2592 θεοῦ
613 2555 661 2608 pro
672 2542 718 2592 τοῦ
730 2539 831 2592 πάντων
843 2537 912 2607 ἡμῶν
924 2539 1041 2606 σωτῆρος
1052 2540 1167 2606 Χριστοῦ
1180 2536 1303 2591 desinent
1317 2535 1355 2591 H.

160 2607 259 2731 m
273 2607 425 2678 Scriptum
440 2616 542 2663 textum
561 2607 669 2662 exhibui
688 2627 719 2662 ex
740 2609 777 2662 H.
800 2609 893 2664 ἀαῡλος
912 2606 1020 2675 ἐκλήθης
1026 2629 1035 2671 ;
1063 2606 1098 2676 μή
1119 2629 1163 2662 σοι
1180 2607 1281 2674 μελέτω
1303 2604 1355 2662 Ed.

258 2678 310 2731 ittit
327 2682 403 2732 τοῦτο
421 2678 575 2747 θεοάωρίτου
593 2679 634 2732 καί
651 2679 775 2747 κυρίλλοο
791 2677 919 2742 Cramer..
935 2677 982 2732 ned
1000 2694 1102 2732 errore:
1131 2695 1215 2768 quum
1233 2677 1284 2730 nub
1303 2675 1356 2730 fine

160 2745 255 2801 scholii
268 2747 447 2817 praecedentis
459 2752 535 2804 τοῦτο
547 2750 589 2802 καί
600 2749 754 2818 θεοάωρίπου
766 2748 873 2802 exhibet
885 2747 925 2801 A:
947 2746 1043 2802 deinde
1057 2747 1123 2804 τινές
1135 2770 1168 2803 ως
1180 2747 1254 2810 είκὸε,
1267 2749 1356 2814 κυριλ·

159 2819 210 2871 λου
222 2818 330 2872 ποπιίαε
343 2818 372 2871 in
383 2835 438 2888 mg.
452 2836 563 2889 ponens.
599 2819 685 2873 Aliter
698 2818 744 2885 H.‚
754 2819 800 2907 qui
812 2829 901 2871 tamen
914 2835 975 2872 cum
989 2817 1075 2872 Editia
1088 2827 1225 2872 contactus
1238 2825 1355 2887 punctus

159 2885 250 2941 habet.
287 2891 368 2941 Λαλεῖ
384 2891 476 2943 λοιπὸν
494 2891 528 2945 ἀς
544 2892 710 2958 πνευματικὸς
726 2892 741 2943 ἀ
759 2891 916 2951 απάατολος,
929 2888 1013 2942 οὐκέτι
1030 2895 1082 2942 τῶν
1098 2887 1184 2942 πέπων
1201 2887 1356 2957 ἀνεχόμενος

158 2958 224 3081 pq&
235 2959 282 3027 τήν
291 2960 338 3082 ί’τήν
353 2958 474 3046 ἀληθείας
482 2959 612 3050 ἀνόάερξιν
623 2957 741 3046 τουτέστι
753 2960 929 3084 &finxi
941 2959 1040 3048 &ptktf
1055 2956 1187 3082 Ἐλληόνάς
1197 2979 1225 3011 τε
1238 2956 1356 3094 καὶὶῐοη.

159 3049 335 3184 affl&
349 3049 459 3167 ἷίῗῗῆῖ
474 3031 885 3190 ζᾙὶἶςζίεῖἑίίξῖίάίέάή
899 3029 1355 3188 [ἷιι’ἷίξρ’ί,ἷ]’ἶξιιίίήηί“ἐηίἶ

159 3169 487 3310 ἀΐάπῖῗήωάῗίἀίάίέ
495 3166 1351 3312 ίίρᾞζήῗέέάσίάίίξίί.έθῖίῖιίίίῖίμάἶῖρίίέἀάίλ

159 3304 215 3362 εἶτα
232 3310 286 3365 τοῖς
301 3311 346 3378 τῆς
364 3309 498 3365 ἐπιεικείας
512 3310 648 3378 ἐμπρέπων
663 3308 817 3380 αὐχήμασιν·
845 3310 914 3363 ἔστω
933 3309 963 3363 δέ
980 3329 1019 3365 τις
1034 3310 1075 3363 καί
1096 3307 1182 3377 ἕτερος
1200 3307 1303 3377 έβραιος
1324 3307 1354 3374 ἐξ

159 3379 270 3448 ε’βρσίων
287 3379 500 3448 περιτετμημένος
518 3386 654 3448 σορκικέος,
672 3380 776 3436 ἀνόσιος
795 3379 823 3434 ἀέ
841 3379 900 3435 τοὺς
917 3380 1027 3450 τρόπους
1043 3379 1084 3432 καί
1101 3378 1273 3449 ἀρῤωστήαας
1284 3377 1354 3432 πολὺ

159 3449 205 3515 τήν
217 3449 253 3506 είς
263 3451 315 3503 πᾶν
323 3452 408 3504 θτιαῦν
419 3453 470 3502 τῶν
481 3449 595 3505 ἐκτόπων
609 3449 723 3505 ἀνσκλεᾶ
734 3449 929 3520 καταφοίτησιν·
947 3449 985 3504 τίς
997 3447 1042 3504 οάν
1053 3449 1081 3502 έν
1091 3448 1190 3520 ἀμφοῖν
1201 3451 1216 3502 ἀ
1229 3448 1353 3515 θαυμάζε-

160 3519 222 3573 σθαι
233 3520 353 3588 πρέπων;
371 3518 431 3573 ἀλλ’
444 3515 514 3588 οίμαί
528 3541 579 3574 που
633 3522 671 3575 ἷεν
680 3518 712 3574 ἀν
723 3520 846 3589 τιμᾶσθαι
862 3518 1002 3587 προσήκειν
1017 3519 1047 3572 οά
1063 3519 1202 3588 περιτομήν
1216 3517 1353 3588 ἀσχήμονα

158 3591 268 3656 μᾶλλον,
281 3588 340 3643 ἀλλ’
352 3589 460 3657 ἐνούσης
475 3589 566 3658 ἀρέτης
613 3590 823 3660 νάκροβυστίον.
847 3587 965 3656 ἀληθεύει
979 3586 1051 3642 σάνθ
1082 3590 1233 3660 υσταγοιγάς
1245 3589 1267 3641 εί
1279 3587 1354 3657 λέγοι

159 3662 192 3712 'H
209 3665 334 3732 περιτομὴ
351 3665 424 3716 οὐδέν
440 3665 511 3716 ἐστιν
527 3666 569 3716 καὶ
585 3667 603 3732 ἠ
620 3663 784 3731 ἀκροβυστία
800 3663 873 3713 οὐδέν
889 3663 968 3713 ἐστιν.
991 3611 1081 3713 &inf

159 3731 191 3800 τῇ
204 3732 294 3801 κλήσει
305 3728 418 3802 μένεινῇ
431 3733 559 3800 κέκληται,
571 3733 715 3798 τουτέστιν,
727 3729 796 3786 ὅπως
807 3730 894 3799 ἀνέχοι
907 3729 1039 3800 σχήματος
1054 3727 1097 3800 [ut
1109 3747 1136 3800 p.
1151 3743 1212 3818 προ,
1228 3727 1284 3799 13],
1301 3725 1353 3781 ε’ίτε

158 3801 320 3872 ἀκρόβυστος
332 3802 383 3856 ε’ίτε
393 3803 613 3872 περιτετμημένος.
632 3797 686 3855 εἶτα
699 3800 785 3869 ἐπειδή
797 3820 863 3854 τινες
883 3797 925 3888 [ut
939 3819 966 3870 p.
977 3813 1037 3870 273,
1051 3805 1107 3854 not.
1118 3813 1134 3868 5
1166 3796 1300 3853 ακούοντες
1311 3797 1351 3850 ὅτι

157 3871 174 3938 ἢ
186 3873 275 3928 πίστις
285 3872 417 3942 ἐλευθεροῖ
429 3874 471 3926 καί
481 3872 610 3928 υίαθεσίας
621 3871 721 3940 ἀξίωμα
731 3871 870 3941 χαρίζεται,
880 3869 1015 3938 απεπήάων
1024 3874 1075 3923 τῶν
1083 3872 1128 3938 τής
1183 3869 1255 3924 λείας
1267 3868 1352 3990 ζεῖν,

269 3943 335 3997 ’λλει
348 3945 362 3996 ἀ
373 3943 472 3998 παῡλος
487 3944 522 4011 μὴ
534 3946 611 3997 ταῦτα
627 3944 718 4008 ποιεῖν,
729 3941 799 3994 ἀλλά
815 3941 918 4005 μᾶλλον
932 3939 1088 4008 έμμένειντῇ
1108 3939 1173 3993 κατὰ
1190 3939 1225 3993 σύ
1242 3959 1274 3992 κα
1323 3959 1352 3990 υ-

158 4015 224 4083 λειρ·
244 4014 266 4067 εί
278 4014 319 4066 καί
329 4014 370 4067 ἀιά
382 4011 550 4082 ’τήςζπίατεως
563 4011 678 4080 ἐκλήθης,
688 4011 780 4080 φησίν,
788 4008 825 4064 είς
836 4009 983 4078 ἐλευθερίαν
994 4007 1079 4079 [legun
1090 3960 1242 4078 ἐλευθέρανῖ
1250 4009 1353 4075 υίότητα

159 4082 205 4138 κάν
220 4083 243 4137 εί
258 4083 328 4139 θείας
343 4082 450 4153 φύσεως
466 4083 497 4154 γ’
530 4105 574 4139 νας
592 4083 710 4136 κοινωνός
726 4078 770 4203 [pt
782 4098 808 4149 p.
820 4093 880 4148 273,
897 4077 952 4148 13]·
990 4079 1020 4131 οὔ
1037 4080 1087 4149 γὰρ
1106 4079 1217 4146 όμισθος
1231 4080 1246 4130 ό
1259 4076 1302 4131 ἐπί
1318 4079 1350 4144 τῇ

157 4154 262 4222 ἀουλείρ
279 4156 364 4209 πόνος·
386 4153 460 4221 θμέν
476 4175 494 4223 γ
510 4175 527 4221 ρ
546 4160 643 4220 Δημιου
693 4173 705 4206 ς
723 4173 734 4203 ε
755 4149 861 4218 ευθέραν
878 4144 932 4202 οἶάε
950 4149 991 4202 καί
1008 4149 1128 4213 πεποίηκε
1146 4149 1193 4216 τὴν
1210 4147 1294 4218 φύσιν
1307 4145 1352 4218 [ut

159 4241 184 4294 p.
198 4237 257 4296 273,
271 4221 315 4294 15]
334 4222 498 4292 παρεισδύσα
516 4225 544 4277 δέ
561 4226 655 4277 πλεονε
673 4222 699 4276 ία
713 4221 759 4290 τὴν
770 4218 918 4288 ἐλευθερίαν
929 4216 1082 4287 ἐλυμήνατο·
1107 4217 1175 4286 ἀμως
1188 4218 1229 4271 ἀεῖ
1240 4217 1274 4272 ὣς
1286 4215 1353 4270 ἐπω-

157 4295 227 4364 φελή
240 4295 282 4348 καὶ
296 4294 424 4362 ἔμμισθον
439 4292 558 4364 στέργειν
576 4293 662 4361 αύτήν,
681 4291 746 4346 ὅπου
764 4313 795 4361 γι
810 4289 880 4359 παρὰ
895 4311 931 4362 τιρ
944 4291 1002 4360 Θεῷ
1019 4290 1049 4342 τὸ
1065 4287 1202 4355 ἐλεύθερον
1214 4286 1257 4357 ἐφ’
1269 4288 1353 4342 όπασι

158 4366 276 4431 σώζεται.
297 4365 426 4419 ἄλλωστε
442 4365 501 4417 οὔτε
518 4363 646 4434 ἐνδέχεται
663 4364 756 4434 φυγεῖν
771 4361 835 4432 ήμᾶς
852 4360 911 4416 τοὺς
925 4360 1073 4427 ἀνθρώπους
1087 4358 1118 4412 τὸ
1136 4358 1238 4413 δοῦλον·
1259 4356 1354 4412 ἀουλάν

157 4436 208 4505 γὰρ
226 4435 293 4490 ἀπαν
311 4435 369 4488 ἐστι
386 4435 416 4488 τά
434 4432 604 4502 πεποιημένον
617 4433 660 4506 [ut
673 4452 698 4504 p.
714 4447 774 4505 274,
790 4431 845 4503 17]·
866 4431 957 4484 οὐκοῦν
974 4429 1021 4482 κάν
1032 4427 1055 4482 εί
1073 4427 1160 4483 δύναιά
1177 4431 1262 4498 φησιν
1277 4426 1352 4482 ἐλεύ-

158 4505 233 4574 θιρος
247 4504 378 4575 γενέσθω,
390 4507 520 4575 μάλλανχ
539 4507 607 4558 ’σοι’
627 4505 668 4559 καί
683 4505 734 4577 γάρ
748 4505 820 4560 ἐστιν
831 4501 877 4555 οὐκ
893 4499 1000 4569 ἀκεράής
1018 4498 1121 4570 ἀζυγάς
1138 4502 1191 4556 τοῖς
1209 4499 1293 4571 ἀγαθῇ
1312 4519 1353 4553 κε·

158 4575 294 4648 χρημένσις
306 4576 399 4647 εύνοίρ,
412 4575 514 4631 αύάένά
532 4577 580 4629 ικεῑ
591 4575 657 4648 πρὸς
669 4573 786 4645 ἀρετήνή
800 4572 862 4627 κατά
874 4571 959 4642 σάρκα
972 4570 1085 4626 δουλεία.

1073 3661 1144 3713 ντάν
1159 3657 1312 3726 κεκλημένον
1326 3657 1354 3711 ἐν
