3278 5130
296 265 362 328 400
445 263 485 330 B.
507 262 696 328 CYRILLI
722 261 988 328 ALEXANDR.
1017 260 1300 326 FRAGMENTA
1356 259 1403 324 iii.
1420 279 1448 336 1,
1466 277 1501 324 2.

157 377 167 413 l

132 363 145 430 [
174 379 202 426 '⁴
215 362 278 428 Μ]
296 431 345 510 εἲς
364 423 484 526 ὀσμήν
501 425 646 512 εῦωδίας
663 428 933 531 άνακομίζοντες
958 430 1006 512 ιῦς
1031 429 1070 509 ἐν
1087 425 1229 536 χιμάρῳ
1248 427 1308 506 καὶ
1326 429 1415 532 κριῷ
1433 427 1502 504 καὶ

295 546 427 656 μόσχῳ
456 549 678 635 πλειστάκις.
727 552 851 658 ἔριφος
886 549 958 654 γάρ
991 549 1079 653 ῦπέρ
1108 552 1284 654 ἁμαρτίας
1314 547 1502 655 ἐσφάζετο
1597 606 1598 632 ι

296 670 388 752 κατά
413 707 455 777 γε
482 673 549 773 τήν
576 676 702 756 πίστιν
719 682 792 755 τῶν
811 679 914 780 ἱερῶν
932 671 1155 778 γραμμάτων
1181 674 1266 754 ἀλλ’
1286 677 1324 753 ἐν
1350 674 1503 758 ἐκείνοις
1598 692 1599 774 ί

296 793 362 894 μὲν
379 793 425 895 ἦν
442 801 506 896 τῆς
525 798 694 898 ἀληθείας
712 800 734 899 θ
752 797 957 904 μόρφωσιν·
988 797 1149 907 γέγραφε
1167 797 1205 878 δὲ
1223 798 1308 898 ἡμῖν
1325 800 1346 878 ὃ
1363 795 1503 902 0⁰05*

212 945 219 959 ·
296 952 404 1006 τατος
433 927 581 1006 Παῦλος
609 933 630 971 “
644 921 807 1027 Χριστὸς
833 923 872 1003 δέ
898 923 1185 1026 παραγενόμενος
1212 921 1390 1028 ἀρχιερεὺς
1419 927 1534 1004 τῶν5

212 1047 219 1062 '
297 1056 319 1094 ‘⁶
335 1045 546 1146 μελλόντων
568 1049 715 1147 ἀγαθῶν
739 1046 799 1127 διὰ
816 1051 880 1146 τῆς
900 1045 1056 1150 μείζονος
1079 1050 1137 1128 καὶ
1159 1047 1377 1149 τελειοτέρας
1392 1078 1501 1142 σκη-
1603 1122 1604 1188 1

294 1174 407 1270 “ισ”ης,
439 1170 481 1250 οῦ
509 1168 767 1275 χειροποιήτου,
790 1170 978 1250 τουτέστιν
1006 1171 1048 1251 οῦ
1075 1170 1206 1270 ταύτης
1232 1174 1297 1269 τῆς
1323 1169 1501 1262 κτίσεως,
1604 1210 1605 1280 η

296 1292 416 1374 “οόδέ
448 1292 492 1373 δι’
521 1327 669 1392 αιματος
698 1292 844 1396 τράγων
871 1296 929 1372 καὶ
958 1291 1121 1448 μόσχων,
1148 1292 1208 1373 διὰ
1240 1292 1279 1373 δέ
1306 1299 1369 1371 τοῦ
1401 1291 1502 1370 ἰδίου
1605 1294 1606 1360 ί

296 1417 484 1512 “αιματος
511 1421 680 1516 εἰσῆλθεν
707 1416 910 1524 ἐφάπαξ’
881 1452 931 1501 εις
958 1416 1005 1497 τά
1032 1415 1119 1572 άχια
1146 1417 1291 1497 αἰωνίαν
1307 1414 1500 1516 λάτρωσιν
1606 1382 1608 1534 ή

297 1539 556 1642 “εῦρόμενος.”
592 1538 787 1641 ἐπράττετο
809 1540 874 1638 μέν
891 1575 963 1644 γαρ
981 1541 1084 1620 δι”
1043 1575 1192 1640 αιματος
1213 1538 1473 1640 ἀλλοτρίου
1425 1573 1499 1637 της
1515 1569 1554 1609 10
1608 1554 1609 1614 ί

129 1679 266 1742 1th
297 1662 501 1764 λατρείας
480 1699 503 1764 η
522 1661 669 1762 δυ’ναμις
686 1670 759 1748 τοῖς
781 1662 874 1745 κατὰ
893 1660 1001 1762 νόμον
1020 1669 1227 1768 ἱερονργοῑς·
1259 1664 1499 1762 ὑποδείγματι
1610 1726 1611 1738 ,

296 1781 369 1887 γάρ
397 1789 455 1865 καὶ
485 1790 574 1892 σκιᾷ
606 1788 868 1888 λελατρεῦκασι
898 1794 971 1866 τιῦν
1003 1787 1231 1892 ἐπουρανίων
1262 1783 1423 1888 Χριστὸς
1451 1784 1499 1864 δέ

297 1909 364 2012 οῦχ
386 1910 491 2000 οὕτω,
512 1918 657 1990 πολλοῦ
682 1929 724 2012 γε
749 1913 809 1992 καὶ
834 1913 898 2000 δεῖ,
917 1909 1062 1992 σε’σωκε
1089 1908 1162 2013 γάρ
1179 1909 1247 2010 τὴν
1264 1911 1321 1992 ὑπ’
1340 1905 1500 2011 οὐρανὸν

129 2049 224 2102 ML
238 2048 277 2103 1⁶·
297 2033 418 2130 αἵματι
454 2039 506 2142 τῷ
542 2035 619 2142 ἰδίῳ
649 2036 709 2114 καὶ
740 2045 762 2082 “
779 2035 822 2114 οῦ
859 2032 952 2114 κατὰ
988 2033 1099 2132 νόμον
1135 2036 1284 2133 ἐντολῆς
1318 2033 1498 2133 σαρκίνης

297 2165 319 2203 “
337 2155 484 2258 γε’γονεν
516 2156 623 2260 ίερεῦς
659 2155 762 2237 ἀλλὰ
798 2155 891 2237 κατὰ
925 2156 1074 2257 δυ’ναμιν
1107 2156 1197 2259 ζωῆς
1228 2154 1495 2236 ἀκαταλήτου·”
1513 2179 1554 2239 ¹5

295 2278 554 2381 προσκεκόμικε
579 2278 653 2383 γάρ
674 2277 799 2360 ἑαυτὸν
823 2279 910 2382 ῦπέρ
935 2281 1049 2381 ἡμῶν,
1069 2280 1267 2380 άτονοόσης
1284 2285 1332 2363 είς
1351 2280 1497 2359 δικαίω-

128 2426 167 2477 ιι.
179 2443 239 2493 ¹4
296 2435 358 2482 σιν
376 2406 440 2500 τῆς
458 2406 496 2482 ἐν
512 2403 614 2554 τόπρ
632 2403 808 2506 λατρείας,
828 2407 887 2483 καὶ
912 2403 985 2507 γὰρ
1007 2402 1053 2504 ἦν
1071 2415 1093 2451 “
1107 2403 1282 2484 ἀδύνατον
1300 2401 1388 2499 αἷμα
1405 2402 1496 2482 ταῦ-

296 2535 409 2626 “ρων
438 2560 496 2606 και
527 2522 673 2630 τράγων
699 2529 911 2632 ἀφαιρεῖν
890 2528 1077 2678 αμαρτίας,
1078 2525 1210 2606 ”ὅθεν
1239 2530 1297 2606 καὶ
1329 2524 1497 2627 δεντερας

127 2669 165 2722 οι
179 2670 244 2722 ib.·
220 2671 271 2721 nii.
295 2647 463 2748 διαθήκης
486 2648 704 2755 ἐξητήθη’
662 2684 782 2747 τοπος,
801 2651 866 2729 οῦκ
887 2651 1041 2756 ε’χοθσης
1065 2653 1160 2755 ἐφ’
1140 2656 1248 2756 εαιτῇ
1265 2655 1329 2749 τῆς
1347 2650 1497 2752 πρώτης

129 2747 153 2800 ⁷
295 2805 337 2851 το
355 2771 554 2872 ἄμεμπτον.
593 2772 693 2858 είδιδς
720 2771 821 2854 δέ
784 2808 827 2854 το
855 2773 999 2873 θέλημα
1021 2809 1085 2855 του
1068 2779 1200 2854 θεοῦ
1225 2808 1285 2853 και
1274 2772 1489 2876 Πατρος
1469 2807 1494 2853 ο
1510 2807 1557 2848 ιο

294 2893 395 3000 ἐξ’
354 2903 461 2975 αυτοῦ
484 2930 575 2976 κατα
559 2895 707 3000 φῦσιν
725 2895 862 2990 Υἱος,
844 2897 970 2977 εαυτὸν
988 2898 1074 3001 ῦπέρ
1093 2899 1194 2998 ἡμῶν
1211 2893 1356 2978 πάντων
1373 2929 1495 3000 προσ-

296 3025 429 3116 κομιῶν
456 3053 495 3098 τε
530 3018 606 3119 ἅμα
638 3023 696 3100 καὶ
728 3018 973 3124 ίερουργήσων
1001 3022 1099 3129 αὐτῷ
1127 3020 1273 3124 γε’γονεν
1303 3019 1496 3123 ἅνθρωπος

297 3138 386 3242 ῦπέρ
413 3141 525 3240 ἡμῶν.
573 3144 632 3222 καὶ
658 3142 786 3222 τοῦτον
819 3140 955 3244 μάρτυς
986 3143 1112 3252 γίνοιτ’
1143 3142 1187 3224 ἂν
1214 3144 1299 3244 ἡμῖν
1326 3144 1368 3223 οῦ
1395 3148 1490 3249 ψευ-

297 3262 426 3361 δοεπὴς
457 3265 477 3342 ὁ
514 3261 686 3367 μακάριος
719 3269 878 3364 Παῦλος,
907 3267 979 3373 ἔφη
1012 3267 1084 3370 γὰρ
1120 3265 1233 3348 πάλιν
1264 3269 1346 3369 περὶ
1382 3266 1494 3346 αὐτοῦ

129 3407 170 3458 1b·
179 3422 204 3458 x·
217 3418 272 3472 ς-ι.
296 3395 318 3434 “
338 3385 408 3466 Διὸ
433 3387 678 3492 εἰσερχόμενος
701 3394 748 3472 εἰς
773 3386 837 3468 τὸν
855 3389 995 3489 κόσμον
1013 3391 1109 3494 λέγει
1128 3394 1273 3472 θυσίαν
1290 3393 1349 3470 καὶ
1372 3424 1491 3493 προσ-
1509 3419 1552 3480 25

296 3518 318 3554 “
329 3506 456 3614 ,φοράν
474 3511 537 3589 οῦκ
555 3511 752 3611 ἠθέλησας,
772 3519 881 3612 σῶμα
899 3513 936 3593 δὲ
954 3514 1159 3615 κατηρτίσω
1177 3541 1249 3612 μοι·
1281 3513 1490 3595 ὁλοκαυτώ-

297 3641 319 3679 “
336 3666 434 3733 ματα
448 3636 505 3714 καὶ
519 3637 601 3737 περὶ
615 3635 789 3736 ἁμαρτίας
806 3637 870 3716 οῦκ
889 3635 1072 3739 ἐζήτησας,
1087 3636 1167 3718 τότε
1181 3633 1281 3718 εἷπον
1299 3634 1392 3716 Ἰδοῦ
1402 3636 1491 3736 ήκω,

296 3766 318 3803 “
335 3759 373 3836 ἐν
394 3759 561 3862 κεφαλίδι
579 3757 728 3853 βιβλίου
754 3760 954 3862 γέγραπται
982 3764 1063 3863 περὶ
1092 3764 1187 3860 ἐμοῦ,
1209 3768 1273 3840 τοῦ
1301 3761 1492 3859 ποιῆσαιὸ

295 3889 318 3926 “
337 3879 431 3963 Θεὸς
462 3877 504 3960 τὸ
537 3878 679 3980 θέλημά
709 3883 810 3964 σου.”
863 3881 918 3967 τίς
949 3883 1013 3964 οῦν
1043 3884 1112 3986 ἄρα
1151 3886 1252 3964 ἐστὶν
1284 3884 1305 3963 ό
1341 3887 1389 3966 είς
1426 3879 1493 3962 τὸν

296 4001 435 4104 κόσμον
453 4002 722 4110 εἱσερχόμενος;
753 4011 830 4090 πῶς
854 4003 892 4085 δέ
918 4011 976 4088 καὶ
998 4007 1093 4092 ὅλως
1116 4006 1364 4107 είσβεβηκέναι
1381 4005 1488 4107 λε’γε·
1507 4035 1550 4092 30

294 4380 314 4435 h
334 4328 376 4367 ιο.
393 4313 529 4385 εὑρόμενος
540 4313 620 4370 hodie
633 4316 715 4386 (ex'
689 4319 830 4385 ενριιμενος
847 4325 894 4370 aut
912 4317 1049 4400 εὑράμενος
1061 4317 1232 4388 castigatum)
1246 4317 1387 4374 exhibete.
1425 4317 1492 4372 Post

315 4383 471 4438 ocverbum
483 4385 800 4476 acholionemarginoc,
813 4387 909 4440 lterum
921 4387 1064 4457 mterpelht
1076 4392 1227 4443 Cramerun
1387 4405 1429 4460 ¹2·
1447 4385 1491 4442 ὑπ

294 4449 416 4523 οῦρανδν]
429 4453 580 4525 ίκονριίνιον
593 4455 638 4511 Cr.
748 4473 789 4528 19.
809 4455 918 4526 ἐξητήθη
931 4455 1023 4529 τόπος]
1037 4457 1185 4527 ίξιτίθη’
1155 4480 1235 4517 τνπος
1248 4457 1294 4514 Cr.
