3284 5130
120 359 273 426 xxia-6.
317 360 376 426 IN
406 358 721 426 S.JOANNEM.
767 347 967 425 LIB.XII.
1009 347 1114 424 'CAR
1139 360 1167 424 1.
1256 347 1320 422 159

120 528 171 610 ῶς
187 528 247 605 καὶ
267 524 331 605 τὸν
347 531 420 605 τῶν
436 524 549 628 ἁγίων
566 531 764 629 προφητῶν
781 525 956 622 άτονῆσαι
974 522 1100 626 λόγον.
1135 520 1318 624 τοιγάρτοι

118 651 179 728 καὶ
207 647 351 750 ἔκραζον
379 659 402 696 “
418 651 537 752 Κύριε,
556 651 609 732 τίς
634 647 824 729 ἐπίστευσε
847 653 892 752 τῇ
916 650 1005 753 ἀκοῇ
1031 648 1132 747 ἡμῶν
1144 645 1176 742 ;”
1205 646 1316 748 Ἱερε·
1364 665 1488 717 mim.

120 773 207 870 μιάς
234 770 272 851 δέ
300 770 414 852 πάλιν
440 772 585 871 ’(Οἵμοι
612 772 692 874 ἐγὼ,
718 777 840 875 μῆτερ,
869 774 917 854 ῶς
944 768 1024 851 τινά
1050 805 1094 866 με
1122 771 1233 854 ἐτεκες
1256 767 1320 849 άν-
1363 765 1490 880 {flam

119 905 142 942 ‘⁶
162 899 230 1000 δρα
259 895 485 998 δικαζόμενον
513 900 569 976 καὶ
598 897 863 1000 διθᾳρινύμενον
891 897 929 975 ἐν
956 895 1059 1001 πάσῃ
1086 901 1132 1001 τῇ
1157 901 1216 1001 γῆ,
1239 897 1350 977 ούτεο
1363 913 1436 968 1115
1447 911 1487 966 A·

84 1043 104 1104 5
120 1031 142 1068 “
162 1021 352 1127 ῶφέλησα,
370 1024 449 1102 οὔτε
469 1019 645 1126 ῶφέλησέ
667 1053 711 1118 με
738 1021 861 1104 ούδείς·
895 1022 918 1120 ῆ
943 1021 1050 1124 ῖσχύς
1068 1054 1137 1116 μου
1155 1019 1321 1126 ἐξέλιπεν

121 1155 144 1192 “
163 1147 200 1224 ἐν
218 1152 291 1228 τοῖς
317 1146 576 1247 καταρωμένοις
597 1145 675 1240 με.”
715 1150 793 1228 πῶς
818 1144 880 1222 οῦν
907 1144 971 1224 ούκ
996 1147 1034 1223 ἐν
1051 1143 1121 1250 ἴσιρ
1141 1149 1320 1223 τεθεῖσθαι

123 1269 200 1368 δοίη
232 1302 285 1353 τις
317 1267 362 1347 ἂν
398 1276 471 1353 τοῖς
504 1267 671 1366 μηδόλως
701 1266 960 1368 τεθηρευμένοις
996 1266 1061 1347 τὸν
1096 1269 1224 1367 ἀπειθῆ
1262 1270 1320 1347 καὶ
1387 1375 1391 1382 .

122 1385 291 1496 δισήνιον
308 1394 472 1498 Ἰσραῆλ,
491 1395 550 1475 ὅτε
574 1399 632 1475 καὶ
657 1393 766 1475 αύτδν
788 1393 852 1473 τὸν
869 1395 1105 1497 διορισθένταΙ
1122 1392 1180 1474 διὰ
1200 1400 1317 1475 Μωυ·
1376 1417 1379 1422 ’
1434 1377 1442 1384 .

122 1519 214 1604 σέως
232 1519 412 1620 πεπάτηκε
431 1519 563 1618 νόμους
595 1519 650 1599 ὅτι
675 1517 712 1599 δέ
731 1522 790 1598 καὶ
809 1516 899 1617 αύτῆ
916 1523 989 1598 τῶν
1007 1521 1119 1597 ἐθνῶν
1136 1518 1160 1616 ῆ
1177 1518 1318 1618 πληθύς

68 1673 109 1714 10
123 1642 363 1745 ιἰσαγήνευτύς
391 1677 429 1724 τε
453 1642 497 1744 ἦν
515 1643 578 1741 ἐτι,
600 1646 658 1723 καὶ
677 1646 741 1742 τῆς
762 1648 835 1722 τῶν
854 1643 958 1723 θείων
976 1641 1197 1742 μαθημάτων
1214 1677 1317 1745 περι-

122 1772 237 1865 βολῆς
263 1766 333 1874 ἐξω
361 1768 519 1864 μένουσα
546 1773 744 1862 παντελῶς,
769 1765 909 1849 οὐδενὸς
935 1763 980 1845 ἂν
1004 1765 1089 1864 ἡμῖν
1113 1763 1206 1866 πρὸς
1228 1764 1322 1848 υῖπύ-Δ

123 1891 232 1997 δειξιν
250 1891 376 1991 δεήσαι
403 1888 527 1994 λόγου.
567 1889 708 1974 ἐκείνοις
736 1890 800 1971 οῦν
817 1889 889 1994 ἄρα
911 1886 1042 1974 σκότος
1068 1888 1113 1992 ῆν
1130 1893 1168 1970 ἐν
1193 1892 1320 1998 καρδίᾳ

124 2017 181 2094 καὶ
205 2011 273 2122 νῦξ
299 2018 500 2114 διαθολικη,
517 2049 559 2094 το
586 2049 650 2114 της
677 2018 835 2115 αληθοῦς
860 2014 1081 2117 θεογνωσίας
1109 2013 1355 2120 ἐξείργουσοο

124 2143 214 2242 φῶς.
255 2139 380 2218 ούκοῦν
399 2133 440 2218 δι’
460 2139 540 2232 ’ὅλης
561 2140 609 2222 ῶς
631 2138 715 2222 ἔπος
737 2142 847 2219 εἰπεῖν
867 2134 1096 2224 κοπιάσαντες
1118 2136 1176 2231 τῆς
1196 2139 1320 2233 νοκτδς,

75 2285 111 2344 ¹5
125 2261 258 2366 ἰχθύων
285 2262 336 2342 ἐτι
363 2262 588 2366 χηρεύουσαν
614 2261 682 2360 τὴν
708 2259 874 2364 σαγήνην
902 2257 999 2366 εἶχον
1030 2261 1098 2362 τῆν
1127 2262 1258 2362 νοητὴν
1288 2268 1339 2342 οῖ·
1390 2261 1394 2268 ’
1447 2261 1491 2312 't

123 2381 195 2487 πρὸ
216 2388 279 2482 τῆς
298 2385 496 2486 ἐπιδημίας·
535 2385 665 2494 πρωίας
694 2381 730 2466 δὲ
756 2383 941 2492 γενομένης,
961 2383 1137 2483 τουτέστι,
1156 2389 1323 2466 διαλελυ-

124 2509 231 2606 μένης
249 2507 317 2610 ἤδη
341 2513 405 2609 τῆς
428 2513 636 2608 διοβολικῆς
654 2509 790 2614 ἀχλύος
809 2510 866 2588 καὶ
886 2509 1099 2614 ἀνίσχοντος
1119 2517 1184 2590 τοῦ
1202 2507 1323 2614 φωτὸς

124 2640 188 2712 τοῦ
218 2635 402 2734 ἀληθινοῦ,
430 2638 542 2731 δῆλον
571 2631 609 2712 δέ
637 2631 692 2713 ὅτι
721 2638 896 2735 Χριστοῦ,
923 2631 1125 2731 πυθομένου
1156 2667 1194 2712 τε
1223 2631 1323 2734 παρά

125 2761 198 2835 τῶν
215 2754 474 2837 κεκοπιοκύτων
494 2755 560 2856 Μὴ
579 2758 650 2859 άρα
668 2791 703 2837 τι
721 2762 794 2836 τῶν
813 2757 925 2835 λίνων
942 2756 1090 2861 ἔχουσιν
1106 2754 1214 2853 ἐντδς,
1234 2754 1322 2859 ὅπερ

72 2909 112 2950 ²0
126 2875 170 2957 ἂν
192 2879 330 2982 γένοιτο
357 2879 475 2985 τροφῆ
502 2886 553 2988 τῷ
583 2879 648 2980 τῆν
677 2878 850 2984 ἁπάντων
878 2879 979 2979 ἡμῶν
1006 2881 1190 2989 σωτηρίαν
1219 2881 1322 2960 οῖονεὶ

124 3009 287 3083 πεινῶντι
307 3006 401 3110 Θεῷ·
439 3009 582 3107 βρῶσιν
609 3003 681 3107 γὰρ
700 3006 830 3085 οἰκείαν
853 3001 1039 3101 ῶνύμασεν
1065 3006 1087 3105 ῆ
1112 3000 1237 3108 γραφὴ
1255 2998 1322 3101 τῆν
1348 2998 1452 3128 {¹93

126 3130 356 3229 Σαμαρειτῶν
373 3129 606 3233 ἐπιστροφήν·
643 3130 801 3232 ἐναργῶς
823 3161 862 3208 τε
886 3134 958 3207 τῶν
980 3128 1215 3232 ἐρωτωμένων
1234 3133 1354 3209 διο-θ

124 3250 384 3353 μολογηκύτων
412 3257 460 3338 ῶς
487 3252 589 3333 ούδέν
615 3253 658 3332 τὸ
685 3249 858 3356 παράπαν
886 3255 986 3332 ἐστὶν
1013 3253 1143 3352 αύτοῖς,
1165 3256 1323 3332 καθεῖναι
1350 3238 1356 3252 ’

124 3373 238 3455 πάλιν
255 3373 430 3456 ἐπιτάττει
457 3379 493 3457 τῦ
523 3371 655 3457 δίκτυον
681 3385 727 3463 εἰς
751 3377 799 3458 τῖι
820 3379 877 3458 τοῦ
899 3379 1019 3457 πλοίου
1044 3372 1151 3484 δεξιά.
1192 3380 1324 3475 καθῆκε
1339 3379 1346 3426 .·

73 3523 112 3584 ²5
126 3497 191 3596 μέν
216 3497 288 3603 γάρ
307 3505 364 3579 καὶ
383 3501 403 3579 ὁ
421 3498 593 3603 μακάριος
613 3504 778 3600 Μωυσῆς
803 3496 845 3580 τδ
872 3504 936 3599 τῆς
965 3497 1184 3604 ῦφηγῆσεως
1211 3501 1324 3596 λίνον,

100 3619 185 3701 ’διδ
214 3631 358 3722 νομικοῦ
387 3621 424 3704 δέ
449 3622 616 3724 δηλονότι
641 3622 866 3727 γράμματος·
907 3626 992 3703 ἀλλ’
1022 3623 1157 3728 ἐγίνετό
1181 3659 1260 3710 πως
1286 3625 1324 3704 ἐν
1350 3689 1353 3696 .

126 3746 316 3844 εὐωνύμοις
347 3748 370 3847 ῆ
402 3745 503 3850 θῆρα,
538 3748 725 3850 νοουμένης
762 3751 800 3829 ἐν
832 3748 934 3856 δεξιᾷ
968 3752 1032 3846 τῆς
1061 3757 1125 3829 τοῦ
1155 3753 1325 3853 Σωτῆρος

125 3869 228 3966 ἡμῶν
256 3872 413 3968 ἐντολῆς.
453 3869 579 3974 μείζων
607 3871 679 3974 γὰρ
710 3873 936 3974 ἀσυγκρίτως
964 3872 1022 3951 καὶ
1049 3873 1201 3972 ἀμείνων
1232 3870 1326 3952 κατὰ
1367 3905 1371 3912 ’

125 3991 223 4072 πολύ
250 3992 342 4074 κατά
365 4029 403 4074 τε
424 3993 529 4093 τιμὴν
552 3999 611 4076 καὶ
634 3993 746 4103 δόξαν
772 4003 846 4075 τῶν
873 4003 1026 4092 νομικῶν
1048 3994 1323 4096 ἐνταλμάτωνῆ
1362 4009 1371 4046 ’-

69 4147 111 4205 30
126 4115 185 4197 διὰ
203 4121 368 4220 Χριστοῦ
396 4125 524 4198 νοεῖται
553 4121 749 4216 παίδευσις,
768 4121 841 4199 ἐπεὶ
864 4121 923 4198 καὶ
945 4125 1018 4200 τῶν
1036 4118 1158 4199 τύπων
1175 4121 1319 4221 προκεί-

126 4273 230 4321 σεται
261 4241 404 4326 πάντως
436 4242 458 4342 η’
488 4239 649 4342 ἀλήθεια,
682 4246 740 4324 καὶ
770 4244 905 4325 οἰκέτου
936 4240 1142 4343 Δεσπότης,
1171 4244 1229 4322 καὶ
1259 4251 1324 4324 τοῦ

164 4473 190 4531 5.
208 4458 280 4533 οὔτι]
294 4459 347 4517 οὔτ’
362 4461 393 4518 Ε.
500 4460 525 4516 6.
543 4484 575 4532 με
588 4473 756 4536 assumptum
771 4481 803 4518 ex
820 4463 849 4518 E.
964 4461 1005 4518 18.
1022 4483 1051 4516 τε
1063 4468 1231 4586 ιοιυπιῖῖιοιυ
1244 4479 1277 4517 ex
1290 4461 1323 4522 Ε.

129 4545 173 4656 ἒ.
191 4539 294 4657 πέἀῶντι
307 4531 340 4588 Ε.
479 4549 522 4602 23.
540 4533 682 4605 ἐκθελςρτο
694 4534 806 4589 κοθεῖνοι
820 4533 852 4589 E.
986 4546 1028 4604 27.
1046 4531 1111 4604 θῆρα
1126 4533 1155 4588 E.
1182 4531 1254 4588 ‚Ed.
1267 4550 1323 4604 mg.

160 4622 194 4670 ρο
252 4643 259 4656 .
