3284 5130
303 256 347 322 86
586 258 627 322 Β.
652 257 862 324 CYRILLI
891 258 1185 324 ALEXANDR.
1307 260 1372 322 xix.
1387 277 1505 338 21-24.

303 419 416 526 ῥήδην
432 422 682 527 ἀνακεκραγάις
701 429 775 509 τοῖς
793 421 988 506 συνθέουσι
1011 423 1103 527 πρὸς
1128 421 1345 524 ἀνάγνωσιν,
1366 421 1420 502 ὅτι
1440 419 1507 502 τὸν

304 552 429 626 οἰκεῖον
447 547 686 650 ἐσταύρωσαν
704 547 863 643 βασιλέα
882 549 941 629 καί
962 547 1109 652 Κύριον,
1128 551 1192 648 τῆς
1210 553 1258 630 είς
1280 544 1390 627 αὑτὸν
1408 545 1501 650 ἀγά·

269 682 374 771 δτης
398 670 649 774 ἀλογήσαντες
671 679 870 771 παντελῶς,
889 675 948 753 καί
972 672 1063 776 πρὸς
1088 670 1154 771 τὴν
1172 673 1327 752 ἁπασῶν
1345 669 1506 778 ἐσχάτην

303 795 546 896 ἀναισθησίαν
564 793 737 880 πεσόντες
755 799 788 875 οἱ
807 796 966 876 δείλαιοι.

254 1074 437 1150 ΜἛλετον
464 1070 521 1140 οὖν
547 1076 595 1160 τῷ
620 1076 755 1162 Πιλάτῳ
780 1072 812 1141 οἰ
838 1071 1000 1167 ἀρχιερεῖς
1027 1075 1094 1142 τῶν
1116 1072 1287 1140 Ἰουδαίων
1313 1072 1369 1138 Μελ
1398 1073 1539 1162 τράφε5

350 1201 393 1266 ‘0
426 1201 576 1282 βασιλεὺε
606 1201 673 1267 τῶν
697 1199 880 1281 Ἰουδαίων,
909 1202 979 1266 ἀλλ’
1014 1203 1064 1268 ὅτι
1094 1196 1219 1266 ἐκεῖνος
1247 1191 1319 1264 εἷπε
1349 1197 1505 1264 Βασιλεύς

254 1345 290 1387 22
356 1324 418 1405 εἰμι
454 1327 522 1394 τῶν
553 1325 735 1393 Ἰουδαίων.
787 1325 949 1416 ἀπεκρίθη
985 1327 1176 1393 ὁΠιλάτοι
1198 1325 1242 1390 Ὃ
1271 1325 1418 1414 τὲτραφα
1453 1325 1506 1398 τέ-

354 1475 475 1544 τραφα.

357 1615 573 1721 Ἀφορήτως
590 1615 714 1722 ἔχουσι
733 1616 825 1721 πρὸς
842 1615 909 1718 τὴν
927 1617 984 1698 ε’πί
1002 1622 1055 1724 τῷ
1078 1616 1191 1725 τίτλῳ
1215 1614 1362 1721 γραφὴν
1380 1620 1412 1696 οί
1430 1621 1504 1696 τῶν

302 1740 485 1820 Ἰουδαίων
512 1741 723 1842 καθηγηταί,
747 1744 806 1820 καὶ
834 1740 958 1844 δριρῦς
986 1739 1114 1825 αῦτοῦς
1141 1740 1326 1844 είσεδραμε
1355 1738 1499 1846 φθόνος.
1520 1772 1560 1811 10

275 1864 493 1967 οάρνοῦνται
512 1862 550 1943 δέ
568 1861 680 1943 πάλιν
698 1863 765 1965 τὴν
782 1871 949 1969 Χριστοῦ
966 1865 1171 1962 βασιλείαν,
1191 1868 1248 1945 καί
1272 1865 1416 1964 ἀληθῶς
1436 1863 1503 1964 μέν

303 1988 413 2068 αὑτὸν
440 1989 482 2068 οῦ
511 1985 687 2094 κατάρξαι
714 1989 845 2094 φασίν,
876 1992 955 2070 οὔτε
982 1987 1055 2091 μὴν
1082 1998 1131 2074 είς
1161 1989 1320 2086 βασιλέα
1347 1990 1503 2092 παραδε-

302 2112 425 2218 δέχθαι
453 2111 612 2210 πύποτε,
641 2108 742 2220 λόγῳ
768 2111 883 2216 γεμὴν
911 2118 1109 2220 κεχρῆσθαι
1136 2112 1284 2222 τοιούτῳ
1313 2116 1439 2219 φασὶν,
1463 2115 1503 2192 ἐκ

301 2240 446 2336 πολλῆς
473 2235 568 2337 ἄγαν
594 2239 657 2337 τῆς
689 2235 838 2338 ἐνούσης
867 2237 987 2323 αὐτοῖς
1018 2239 1176 2340 εὐηθείας
1204 2235 1413 2340 ἠγνοηκότες
1442 2238 1502 2316 καὶ

301 2368 419 2459 τοῦτο,
438 2363 487 2445 ὡς
505 2361 569 2441 οῦκ
587 2357 632 2441 ἀν
650 2359 927 2467 ψευδομυθήσαι
944 2360 1033 2442 ποτέ
1050 2366 1114 2462 τῆς
1133 2363 1302 2462 ἀληθείας
1326 2361 1349 2460 ἡ
1374 2359 1497 2466 φύσις·
1519 2382 1557 2443 ¹5

302 2482 453 2586 ἀλήθεια
471 2483 508 2565 δέ
526 2486 547 2566 ὃ
564 2483 736 2588 Χριστός·
775 2485 944 2580 βασιλεῦς
965 2487 1028 2566 οὖν
1045 2486 1116 2590 ἄρα
1134 2485 1194 2567 τῦν
1212 2479 1387 2583 Ἰουδαίων,
1405 2483 1501 2587 ε’ίπερ

302 2611 414 2696 οὕτως
432 2608 558 2691 ἑαυτὸν
575 2607 760 2717 ἐλέγχεται
778 2608 972 2709 κεκληκὼς,
991 2611 1086 2691 καθὰ
1105 2615 1165 2690 καὶ
1189 2611 1289 2689 αὐτοὶ
1312 2610 1356 2689 δι’
1374 2609 1502 2695 οἰκείας

301 2743 408 2817 τοῦτο
425 2735 642 2838 κρατύνουσι
660 2737 793 2839 φωνῆς.
837 2734 1042 2815 ἀποσείεται
1061 2734 1098 2814 δέ
1118 2732 1280 2819 Πιλάτος
1298 2739 1499 2834 μεταποιεῖ-

264 2913 267 2920 ·
302 2863 392 2939 σθαι
415 2855 482 2958 τὴν
504 2856 652 2963 γραφὴν
674 2856 824 2963 ἐξαιτεῖν
845 2856 1047 2957 ἐθέλοντας,
1073 2859 1116 2939 οῦ
1142 2857 1248 2963 μέχρι
1274 2855 1409 2942 παντὸς
1435 2855 1502 2957 τὴν

133 2990 368 3064 locum&
400 2985 569 3085 Σωτῆρος
600 2981 701 3082 ἡμῶν
730 2982 899 3080 ἀδικῆσαι
934 2979 1045 3088 δόξαν
1078 2981 1388 3088 συγχωρούμενος,
1421 2980 1501 3088 θείην
1517 3019 1557 3061 ιο

303 3106 471 3210 δηλονότι
499 3109 557 3186 καὶ
586 3103 729 3211 ἀρρήτῳ
754 3103 910 3202 νεύματι.
949 3105 1158 3208 πεπηγμένη
1184 3104 1255 3209 γάρ
1280 3109 1339 3184 καί
1363 3107 1498 3186 ἀσυκο-

302 3233 483 3342 φάντητος
501 3231 523 3332 ἡ
542 3236 708 3334 Χριστοῦ
726 3227 908 3326 βασιλεία,
928 3227 995 3309 κάν
1012 3231 1176 3310 Ἰουδαῖοι
1201 3229 1251 3330 μὴ
1277 3227 1499 3325 βούλωνται,

301 3354 588 3465 παραχαράττειν
610 3358 867 3459 ἐπιχειροῦντες
892 3356 956 3453 τῆς
980 3359 1029 3437 εἰς
1053 3351 1162 3435 αῦτῦν
1185 3353 1294 3461 δόξης
1322 3350 1387 3453 τὴν
1410 3353 1497 3453 ὃμο-

302 3484 442 3587 λογίαν.

250 3719 341 3789 23οἰ
377 3714 435 3786 οῦν
471 3717 679 3810 στρατιῶται,
713 3717 770 3784 ὅτε
805 3713 1017 3804 ἐσταύρωσαν
1052 3713 1111 3780 τὸν
1140 3715 1275 3796 Ἰησοῦν,
1305 3714 1424 3793 ἔλαβον
1459 3709 1556 3797 τάι5

353 3845 463 3926 ίμάτια
491 3845 601 3926 αὐτοῦ,
620 3842 673 3910 καί
697 3839 856 3908 ὲποίυσαν
878 3840 1021 3929 τέσσαρα
1049 3842 1142 3930 μὲριι,
1161 3842 1290 3926 ἑκάστῳ
1316 3837 1501 3931 στρατιώτῃ

351 3975 461 4066 μέροε,
497 3973 551 4039 καί
585 3969 642 4039 τὸν
677 3969 809 4058 χιτῶνα.
858 3963 897 4032 νίν
933 3966 969 4032 δὲ
1000 3967 1019 4034 ὁ
1054 3966 1153 4054 χιτὼν
1188 3966 1328 4057 ἄραφος,
1362 3967 1399 4032 ἐκ
1434 3965 1501 4033 τῶν

353 4104 481 4172 ἀνωθεν
518 4096 661 4189 ὑφαντὸε
697 4095 733 4162 δι’
769 4097 859 4162 ὅλου.
912 4085 1018 4172 είιιονΙ
1039 4089 1095 4158 οῦν
1126 4090 1209 4181 πρὸς
1244 4093 1409 4158 ἀλλήλους
1442 4089 1499 4155 Μελ

353 4231 514 4321 σχίσωμεν
541 4225 651 4307 αὐτὸν,
677 4221 763 4289 ἀλλά
792 4222 945 4310 λάχωμεν
971 4218 1047 4311 ιτερί
1074 4219 1186 4301 αὐτοῦ,
1203 4217 1291 4286 τίνοι
1316 4217 1417 4285 ἔσται·
1446 4217 1500 4283 ίνυ

335 4473 361 4513 2.
379 4451 506 4526 βασιλέα]
523 4453 613 4509 Verba
625 4445 914 4522 κηρύσσων-βασιλέα
927 4446 1023 4502 iterum
1036 4444 1131 4516 repetit
1143 4443 1216 4500 Aub.
1313 4459 1352 4497 ιι.
1372 4439 1454 4511 ἀληθῆ
1469 4439 1501 4495 Ε.

299 4543 342 4604 27.
361 4529 465 4602 ἀροφος
478 4527 511 4584 Ε.
524 4526 643 4599 ι’ίρραφσς
657 4522 708 4578 Ed.
