3294 5150
519 944 659 1020 ΤΟΥ
726 941 973 1018 ΑΥΤΟΥ
1039 937 1268 1015 ΑΓΙΟΥ

654 1233 1139 1346 ΚΥΡΙΛΛΟΥ

568 1539 895 1590 ΑΡΧΙΕΠΠΚΟΠΟΥ
925 1536 1228 1588 ΑΛΕΞΑΝΔΡΕΙΔΣ

506 1850 909 1911 ΑΠΟΣΠΑΣΜΑΤΑ
954 1848 1113 1909 ΟΛΙΓΑ
1157 1847 1285 1906 ΤΙΝΑ

316 2133 405 2204 ΕΙΣ
432 2133 545 2204 ΤΗΝ
574 2131 715 2203 ΠΡΟΣ
744 2130 1062 2202 ΚΟΡΙΝΘΙΟΥΣ
1090 2127 1407 2200 ΕΠΙΣΤΟΛΗΝ
1433 2129 1478 2201 Β.
1511 2135 1530 2194 5

586 2437 799 2515 ΤΟΜΟΣ
840 2438 873 2513 Α
915 2436 1114 2513 ΛΟΓΟΣ
1155 2439 1202 2512 Α.

132 2701 211 2778 Κεφ.
227 2695 266 2763 α’.
332 2691 462 2756 Παῦλος
489 2691 673 2759 ἀπόστολος
700 2690 809 2756 Ἰιισοῦ
834 2691 970 2778 Χριστοῦ
999 2687 1052 2754 διὰ
1080 2691 1262 2766 θελήματος
1289 2687 1380 2769 Θεοῦ,
1409 2689 1462 2754 καὶ

702 2815 861 2892 Τιμόθεος
888 2813 906 2882 ὁ
934 2813 1091 2902 ἀδελφός.

353 2987 402 3065 ‘0
432 2990 750 3067 ΣΟΦΩΤΑΤΟΣ
769 2984 976 3070 ἀπόστολος
996 2992 1145 3070 Παῦλος
1164 2981 1497 3089 προκεχειρισμένος

299 3112 348 3192 εἲς
371 3111 551 3188 διακονίαν
569 3108 634 3209 τὴν
652 3111 708 3188 ε’πὶ
727 3115 880 3218 Χριστῷ
908 3107 967 3191 δῦῦι
995 3107 1181 3216 θελήματος
1201 3111 1287 3190 Θεοῦ
1312 3107 1502 3212 παρῆχθαί
1513 3143 1556 3183 10

301 3237 427 3336 φησιν,
444 3229 510 3328 τὴν
534 3237 607 3311 τῶν
624 3235 936 3338 ψευδοπροφητῶν
963 3237 1020 3313 καὶ
1045 3230 1361 3339 ψευδαπαστόλων
1385 3229 1497 3336 δόξαν

301 3355 349 3435 ὡς
365 3354 531 3452 δυσσεβῆ
550 3355 835 3456 παρωθούμενος,
848 3362 974 3436 λαλῶν
993 3355 1031 3435 δὲ
1049 3358 1087 3435 ἐν
1100 3355 1293 3454 Πνεῦματι,
1312 3357 1370 3433 καὶ
1388 3353 1498 3432 αὐτόν

301 3473 393 3580 ἔχων
421 3477 676 3576 ἐνηυλισμένον
698 3479 735 3556 ἐν
759 3477 829 3584 ἰδίᾳ
856 3481 960 3584 ψυχῇ
988 3477 1051 3558 τόν
1068 3482 1227 3579 Ἰησοῦν·
1267 3481 1315 3562 ὡς
1343 3477 1498 3582 φάσκειν

150 3695 167 3729 ο
192 3612 262 3663 mii.
301 3601 353 3696 πῆ
381 3597 446 3696 μέν
472 3606 613 3678 ((Δοκῦ
642 3597 680 3678 δὲ
706 3600 807 3702 κάγὼ
828 3607 976 3700 Πνεῦμα
997 3607 1091 3682 Θεοῦ
1119 3601 1244 3706 ἕχειν,”
1274 3604 1325 3700 πῆ
1350 3600 1393 3680 δέ
1414 3613 1436 3647 “
1451 3605 1497 3679 Εἰ

168 3715 174 3729 ’
302 3732 324 3768 “
338 3720 486 3821 δοκιμὴν
511 3721 641 3824 ζητεῖτε
664 3732 728 3804 τοῦ
754 3724 791 3803 ἐν
813 3726 889 3823 ἐμοὶ
917 3733 1118 3809 λαλοῦντος
1135 3724 1335 3827 Χριστοῦ.”
1365 3726 1498 3803 δοῦλον
1514 3751 1555 3808 15

302 3843 427 3927 ἑαυτὸν
446 3842 536 3926 εἷναί
552 3851 667 3954 φησιν
685 3848 807 3944 αὐτοῦ,
827 3849 940 3928 καίτοι
957 3855 1029 3929 τῶν
1047 3848 1144 3929 όλων
1162 3845 1499 3954 κατεξουσιάζοντος

301 3978 365 4049 τοῦ
384 3975 480 4050 Θεοῦ
509 3973 567 4050 καὶ
595 3969 837 4076 κατάρχοντας
864 3969 988 4071 μόνου·
1028 3972 1161 4074 εἴρηται
1183 3969 1255 4073 γὰρ
1277 3970 1368 4073 πρὸς
1389 3968 1499 4049 αὐτόν

156 4101 270 4154 mcxviii.
303 4105 324 4142 ‘⁶
336 4091 425 4175 Ὅτι
457 4093 503 4174 τό
538 4095 734 4195 σύμπαντα
765 4099 879 4174 δοῦλα
916 4092 1002 4174 σά·”
1042 4101 1120 4179 πῶς
1152 4095 1214 4174 οῦν
1246 4095 1309 4174 οῦκ
1341 4095 1498 4196 ἐναργῶς

302 4215 462 4322 φυσικήν
476 4251 514 4297 τε
533 4219 629 4326 αὐτῷ
647 4221 704 4297 καὶ
723 4220 868 4318 ἀληθῶς
886 4215 1199 4320 θεοπρεπεστιὶτην
1212 4221 1275 4317 τῆς
1294 4214 1499 4318 κυριότητος

302 4337 466 4440 ἀπονέμει
485 4337 618 4448 δόξαν;
1514 4375 1557 4417 20

373 4522 400 4577 6.
419 4523 461 4578 Ita
475 4525 512 4578 H.
685 4542 726 4596 13.
745 4527 928 4596 ἐνηυλισμίνον
939 4528 1087 4585 emendavi.
1100 4527 1287 4600 ε’γκυλισμὲνον
1299 4526 1360 4600 (τίς)
1375 4526 1427 4582 Ed.
