3244 5146
115 973 268 1046 Ἀξίωσισ
296 977 483 1046 ὲπιδοθεῖσα
513 981 561 1063 τῷ
591 979 673 1063 άτίῳ
704 979 852 1069 Κυρίλλῳ
880 985 986 1066 πιστῷ
1017 977 1170 1070 άρχιερεῖ,
1198 980 1319 1067 τνιισίιρ

158 1105 333 1192 θεράποντι
359 1105 455 1186 Θεοῦ,
481 1103 563 1190 άτίῳ
591 1104 739 1195 Κυρίλλῳ
765 1107 1011 1194 άρχιεπισκάπῳ
1031 1105 1283 1196 Ἀλεξανδρείας

496 1228 585 1318 παρά
612 1235 671 1297 otc
697 1228 936 1319 άδελφάτιιτοσ.

112 1475 182 1544 Ἦν
203 1483 260 1560 μὲν
282 1483 314 1546 εδ
334 1482 418 1566 ἔχειν
436 1484 511 1562 ἡμᾶς
531 1484 743 1576 ἡσυχάζοντας,
760 1487 787 1548 εί
810 1483 859 1548 καί
882 1508 910 1548 τι
934 1487 1147 1566 κατορθοθντας
1165 1485 1237 1551 ίσως
1258 1487 1319 1548 τῶν

86 1601 106 1660 5
187 1585 442 1665 σπουδαζομένων,
457 1587 542 1650 οὐδὲν
558 1589 590 1650 δὲ
609 1587 700 1666 ἦττον
718 1589 852 1651 κάκεῖθεν
872 1587 1103 1665 ἀποδημοῦντας,
1119 1587 1194 1664 ἡμᾶς
1214 1585 1320 1653 aiente

184 1685 369 1766 ὠφελεῖσθαι
391 1688 547 1768 νομίζομεν
560 1692 609 1753 διδ
630 1689 684 1768 τὴν
705 1690 763 1768 σὴν
783 1691 878 1768 μόνον
898 1687 977 1766 θέαν,
994 1689 1042 1752 καὶ
1063 1687 1195 1764 μάλιστα
1218 1693 1320 1769 κερδα-

184 1793 291 1864 νσΰμευ
306 1787 342 1868 ἐξ
354 1791 509 1854 αὐτοῦτοῦ
526 1792 671 1872 στόματός
686 1817 742 1855 σου
757 1791 810 1870 τὴν
826 1791 985 1870 είισέβειαν
999 1791 1215 1870 διδασκόμενοι.

118 1888 162 1952 Τὸ
184 1893 241 1970 μὲν
263 1894 322 1974 γάρ
344 1893 392 1956 καί
413 1893 512 1974 πόῤῥω
534 1895 591 1974 γῆς
613 1892 853 1977 κατησχημίνονς
874 1892 1091 1974 ἀναγινάσκειν
1114 1896 1165 1960 τὸς
1187 1893 1319 1973 βίβλους

184 1992 232 2057 καί
252 1996 290 2057 τὰ
310 1993 465 2073 πονήματα
490 1998 540 2073 τῆς
562 1999 617 2074 σῆς
638 1997 799 2074 ὁσιότητος,
823 1994 916 2058 καλὸν
938 1994 999 2072 ἅμα
1023 1995 1069 2058 καί
1094 1994 1247 2076 ὠφέλιμον
1269 1995 1318 2060 καί

66 2117 106 2158 10
183 2099 226 2163 είς
247 2099 284 2160 τὰ
303 2098 406 2177 πρόσω
429 2096 524 2179 φέρον
544 2098 611 2164 τοὺς
632 2097 847 2181 προσέχοντας·
878 2097 912 2161 τδ
933 2093 958 2161 δ’
982 2095 1018 2176 df
1036 2097 1131 2161 αὐτῶν
1154 2103 1211 2162 τῶν
1234 2097 1319 2162 θείαν

182 2199 269 2283 χάριν
288 2200 336 2263 καί
357 2200 556 2280 πνευματικὴν
569 2199 735 2281 γλυκύτητα
757 2201 947 2280 πηγαζάικτων
961 2199 1088 2282 χειλέων
1102 2200 1156 2277 τὴν
1178 2204 1316 2264 διδασκα-

180 2303 251 2367 λίαν
265 2303 449 2383 ἀρδεύεσθαι,
464 2303 664 2382 βεβαιότερον
680 2301 740 2381 θρα
760 2303 809 2365 καί
827 2303 1022 2382 ζωτικιίτερον
1043 2300 1178 2385 ὑπάρχει.
1208 2303 1318 2382 ἥκομεν

180 2405 281 2469 τοίνυν
296 2407 378 2472 αὖθις
395 2407 444 2469 διά
465 2405 519 2483 τὴν
535 2407 577 2471 είς
599 2407 635 2468 σὲ
659 2405 706 2468 καί
728 2405 782 2483 τὴν
805 2404 964 2484 εάσίβειαν
985 2407 1149 2483 ίπιθυμίαν,
1164 2405 1317 2486 προκοπήν

182 2504 211 2567 θ’
232 2506 376 2587 ἡμετέραν
398 2506 459 2588 ἀμα
479 2507 527 2570 καί
549 2503 657 2586 ἑτέρων
676 2509 842 2586 διόρθωσιν.
873 2504 1027 2585 δεξάμενοι
1048 2509 1106 2587 γάρ
1129 2508 1262 2588 πρόσθεν
1284 2508 1317 2570 dx

183 2614 240 2672 τῶν
267 2614 331 2672 σῶν
352 2609 446 2690 ἀγίωυ
469 2614 577 2691 χειρῶν
602 2608 656 2686 τὴν
680 2608 747 2689 περὶ
772 2614 830 2672 τῶν
854 2608 922 2672 καθ’
946 2610 1020 2688 ἡμᾶς
1043 2611 1138 2690 ὀρθῶν
1162 2609 1318 2690 δογμάτων

183 2709 302 2788 ζήτησιν
323 2711 505 2775 ἐπιλύουσαν
525 2711 650 2790 βίβλον,
673 2711 725 2774 οὐκ
747 2711 855 2792 ὀλίγην
873 2710 929 2789 τὴν
950 2712 1055 2788 ὄνησιν
1078 2710 1315 2792 ἀπηνεγκάμεθα.

182 2813 250 2892 ἡμῖν
267 2815 322 2892 μὶν
336 2816 393 2894 γάρ
409 2813 534 2894 γέγονεν
548 2815 591 2880 είς
611 2813 782 2892 βεβαίωσιν
797 2814 814 2875 ὁ
828 2814 931 2893 λόγος,
949 2813 1058 2893 ἑτέροις
1077 2811 1110 2876 δὲ
1132 2815 1174 2880 είς
1195 2813 1317 2890 διθρθω·

117 2955 121 2962 -
181 2937 240 2978 σιν·
271 2914 370 2996 ὀλίγοι
390 2913 414 2979 δ’
431 2915 507 2980 είσίν
524 2914 553 2978 oi
574 2914 615 2994 μὴ
636 2914 855 2995 προσελθόντες
876 2917 912 3000 τῇ
935 2915 1108 3002 ὑγιαινούσῃ
1129 2915 1317 2997 διδασκαλία,

178 3019 220 3080 ῶν
240 3016 390 3099 ίνεφρόγη
408 3019 446 3080 τά
466 3018 611 3095 στόματα.
642 3015 710 3080 ἀλλ’
726 3019 755 3080 σί
769 3021 820 3096 τῆς
833 3013 999 3096 Ἀβηλινῆς
1018 3017 1118 3100 χόρος
1137 3022 1230 3082 κακῶς
1245 3015 1317 3098 πρὸς

180 3117 331 3199 ἀλλήλους
351 3121 564 3200 διατεινόμεναι
586 3123 769 3200 δογματικῶν
792 3119 879 3182 ἕνεκα
901 3125 989 3182 τινῶν
1010 3119 1180 3199 ζητημάτων
1203 3121 1243 3187 είς
1266 3143 1316 3182 το-

181 3226 289 3287 σοῶτον
308 3223 416 3302 μανίας
436 3221 555 3302 ἤλασαν
577 3221 616 3287 ῶς
633 3222 680 3285 καί
702 3219 884 3302 καθαιρέσεις
906 3221 954 3286 καί
976 3223 1231 3302 ἀναθεματισμοὺς
1253 3223 1316 3286 κατ’

180 3323 323 3404 ἀλλήλων
337 3324 446 3406 ὁρίζειν
464 3324 512 3388 καὶ
531 3324 674 3406 διωγμοὺς
695 3322 767 3404 πρὸς
789 3323 940 3403 ἀλλήλους
959 3323 1061 3406 φέρειν
1081 3323 1129 3387 καί
1150 3327 1316 3405 διαρπαγὰς

180 3428 339 3507 ὑπομένειν
354 3428 401 3491 καί
415 3425 481 3506 μητ’
497 3427 668 3492 ἐπισκόποις
682 3425 755 3505 μήτε
774 3425 922 3506 πατράσιν
937 3428 1028 3490 είκειν
1041 3431 1103 3493 τοῖς
1117 3425 1225 3503 αύτόθι,
1240 3425 1315 3506 μήτε

178 3529 238 3608 μὴν
252 3535 313 3596 τοῖς
332 3526 399 3610 παρ’
415 3529 495 3608 ἡμῖν,
509 3525 574 3606 μητ’
591 3529 698 3596 ἀλλοις
716 3529 794 3592 τισίν
809 3530 903 3609 ἁγίων
918 3535 1118 3612 παραχωρεῖν,
1132 3528 1167 3592 τδ
1184 3530 1314 3607 μείζονας

179 3630 284 3710 μέτρου
299 3632 439 3712 γυύσεως
459 3632 609 3710 ἠξιῶσθαι,
624 3633 698 3694 οὕτω
718 3629 895 3711 κατακράτος
909 3631 927 3710 ἡ
942 3631 1085 3710 σατανικὴ
1107 3631 1315 3695 ἀκαταστασία

179 3733 275 3814 πόῤῥω
298 3736 349 3811 τῆς
371 3735 452 3799 θείας
475 3734 589 3814 είρήνης
611 3732 715 3798 αὖτοὺς
737 3730 974 3818 ίξρχμαλῶτισε.
1005 3731 1078 3813 πρός
1100 3733 1212 3798 τούτοις
1232 3733 1314 3798 αὖθις

181 3835 229 3898 καί
247 3840 306 3898 τῶν
322 3836 490 3915 Αἰγυπτίων
504 3836 583 3900 τινὲς
603 3834 655 3897 οὐκ
676 3835 768 3914 ὀρθῶς
782 3839 906 3915 φρονεῖν
920 3833 987 3914 περί
1002 3838 1084 3898 Θεοῦ
1099 3833 1312 3915 δεδιδαγμένοι,

179 3935 234 4016 τὴν
264 3935 355 4016 αιίτίχν
383 3937 507 4002 ἐκείνοις
536 3940 696 4002 νοσοῦντες
720 3935 837 4014 μανίαν,
860 3941 921 4002 τοῖς
950 3938 1028 4002 ίσοις
1059 3940 1110 4015 τῆς
1139 3936 1314 4013 πλεονεξίας

153 4130 176 4167 1.
196 4111 792 4180 Codicum-eod.111111.·Med.Plut.vi.
808 4126 838 4184 17
856 4130 909 4168 eoo.
925 4113 973 4182 xi).
991 4112 1016 4167 C
1036 4113 1164 4184 (capitula
1181 4109 1313 4183 quaedam

121 4182 220 4238 -Ood.
234 4183 301 4264 Reg.
314 4182 389 4237 Porio
405 4197 471 4250 1115
484 4183 531 4237 sol.
543 4183 688 4254 117-121).
703 4183 729 4238 D
743 4182 859 4252 (·Cod.
873 4183 903 4239 S.
913 4182 998 4238 Mero.
1010 4182 1105 4238 Venet.
1117 4199 1166 4238 m
1179 4201 1232 4238 seo.
1245 4182 1313 4252 xiv).

117 4252 201 4323 [Com
218 4253 333 4307 editione
349 4253 403 4306 fere
417 4253 542 4308 eonveuit
560 4253 609 4324 D.]
648 4254 691 4308 Cf.
709 4253 775 4308 tomi
787 4253 869 4325 hujoe
881 4253 1080 4324 praefationem.
1115 4251 1312 4308 Monoohorum

115 4321 148 4378 ed
166 4323 195 4378 S.
209 4321 340 4394 cyrillum
357 4322 494 4394 requisitio
509 4323 554 4377 cui
570 4324 707 4393 reepooeio
724 4325 847 4394 capitolo,
860 4341 893 4378 ex
907 4324 1009 4395 Adqui
1027 4324 1115 4378 tolum
1131 4323 1249 4392 exhibet)
1265 4322 1312 4378 tol.

116 4391 167 4448 ποθ
187 4409 203 4447 ν
221 4393 250 4447 in
267 4391 396 4464 Cetologo
412 4390 544 4448 Codicum
558 4393 720 4449 Greecorum
738 4393 916 4450 Bibliothecae
933 4392 1262 4450 Medicwhurentionee
1279 4391 1313 4464 (i.

118 4463 177 4526 118,
193 4461 258 4546 ¹²9)
271 4461 355 4518 edidit
366 4462 469 4534 primun
482 4461 642 4526 Βαπάίιιίαι,
655 4464 757 4520 oontuli
769 4463 802 4518 de
813 4481 885 4519 novo
897 4463 963 4534 ipee.
1100 4480 1142 4518 10.
1159 4467 1210 4518 τῶν
1221 4463 1313 4518 omieit

117 4531 276 4588 Boodimue.
422 4531 462 4587 ιθ.
479 4532 658 4598 βιθλίσνοοά.

671 4638 694 4700 4
709 4643 727 4682 κ
744 4637 763 4684 ς
