3294 5150
309 289 374 352 280
418 287 457 352 B.
482 287 669 352 CYRILLI
696 287 961 353 ALEXANDR.
987 287 1272 353 FRAGMENTA
1315 311 1346 353 x.
1359 306 1409 372 29,
1421 288 1464 351 xi.
1477 307 1508 371 3.

154 390 208 457 [⁶²
221 393 258 444 Μ·
273 391 285 458 ]

310 454 461 559 Χριστλς,
478 452 516 538 ὃς
535 455 593 535 καὶ
610 454 694 552 ἡμῖν
712 454 830 537 αὐτοῖς
848 455 887 533 ἐκ
909 457 973 552 τῆς
999 453 1088 537 ἰδίας
1110 460 1269 556 πλευρᾶς
1295 455 1394 532 ὕδατι
1412 486 1509 552 συμ-

308 573 409 678 μιγὲς
437 576 479 656 τὸ
507 578 597 657 ’ίδιον
626 576 879 671 συνανέβλυσε
908 573 1006 676 οἶμα,
1037 574 1295 657 διανυττόντων
1323 572 1433 656 αὑτὸν
1461 582 1509 678 τῇ

308 697 428 805 λόγχῃ
446 707 519 780 τῶν
536 709 601 781 τοῦ
620 701 786 782 Πιλοίτου
803 707 1049 802 στρατιωτῶν.

366 827 501 903 Πᾶσαι
518 823 584 924 τὴν
602 823 763 925 ἱστορίαν
779 821 933 926 παράγει
955 822 1021 922 τὴν
1039 825 1076 903 ἐν
1093 829 1168 906 τοῖς
1192 825 1354 926 ἀριθμοῖς
1380 821 1507 902 διδόσ-

212 977 296 1016 vem.
308 979 382 1026 κων
400 943 455 1026 ὅτι
474 947 503 1027 ἐν
522 949 561 1056 τῇ
583 947 700 1060 νεφέλῃ
725 953 785 1027 καί
805 955 842 1058 τῇ
865 945 1025 1060 θαλάσσῃ
1044 943 1338 1042 βεβαπτισμένοι,
1357 947 1415 1024 καὶ
1432 950 1540 1032 τῶν5

307 1075 455 1173 τροφῶν
473 1076 545 1150 τῶν
562 1076 807 1168 πνευματικῶν
825 1069 1043 1176 ἀξιωθείιτες,
1062 1065 1182 1166 ἐπειδὴ
1206 1067 1415 1174 συνε’φαγον
1432 1073 1507 1152 τοῖς

307 1191 596 1295 εἰδωλολάτραις,
627 1194 856 1292 ῶλίσθησαν.
902 1190 944 1271 τὸ
972 1191 1015 1271 δέ
1040 1190 1226 1286 ἀνίστηται
1255 1193 1398 1300 παίζειν,
1426 1194 1505 1270 ἀντὶ

306 1323 370 1396 τοῦ
389 1317 570 1420 πορνεύειν
588 1313 679 1412 μετὰ
696 1321 769 1395 τῶν
786 1319 1003 1412 μαδιανιτῶν
1020 1320 1207 1416 γυναικῶν.

255 1595 292 1652 ²9
340 1579 529 1648 Συνείδειοιν
557 1581 593 1646 δὲ
621 1581 708 1654 λὲτω
734 1581 804 1668 οὐχί
823 1581 890 1647 ’τιλν
917 1583 1035 1648 ἑαυτοῦ
1060 1581 1146 1647 ἀλλὰ
1174 1580 1234 1647 τείν
1263 1585 1320 1647 τοῦ
1343 1580 1469 1670 ἑτέρου.

363 1763 436 1844 Διά
458 1761 524 1864 τὴν
541 1764 747 1864 συνείδησιν
765 1765 828 1844 οὖν
845 1765 1018 1870 ἀφεκτέον
1036 1761 1086 1845 ῶν
1104 1764 1290 1872 ἀφεκτέον.
1329 1760 1502 1860 σοιείιλησιν
1519 1802 1561 1841 ιο

307 1881 342 1966 θέ
359 1885 452 1989 λε’γω
472 1891 543 1986 οὐχί
563 1884 616 1980 τῗμ
635 1888 761 1968 ἑαυτοῦ·
800 1889 984 1991 γνωστικὴ
1002 1887 1085 1991 γάρ·
1121 1887 1225 1968 ἀλλά
1243 1887 1371 1982 τῆιτοῶ
1388 1887 1500 1996 ε’τέριο,

306 2009 364 2088 ἵνα
391 2010 442 2110 μὴ
461 2015 576 2094 κακῶς
604 2015 818 2116 οἰκοδομηθῇ
842 2012 997 2110 ἀμαθίαν
1015 2011 1228 2112 μιμούμενος
1251 2010 1271 2092 ὃ
1294 2010 1344 2109 μὴ
1369 2010 1501 2115 γινῶκη

307 2132 580 2239 καταφρονητὴς
599 2136 677 2214 ἀντὶ
695 2133 969 2243 μεγαλόφρονος
989 2135 1182 2237 γινόμενος.

589 2577 803 2653 ΤΟΜΟΣ
848 2581 883 2653 Δ
928 2577 1123 2654 ΛΟΓΟΣ
1165 2582 1212 2654 Δ.

138 2809 214 2887 Κεφ·
232 2801 290 2966 *α”3
305 2839 405 2907 Θέλω
431 2839 466 2906 δὲ
494 2841 577 2918 ὑμᾶς
604 2837 726 2905 εἰδέναι
752 2842 803 2907 ὄτι
830 2840 952 2908 παντὸς
979 2840 1099 2930 ἀνδρὸς
1126 2842 1145 2907 ιί
1171 2841 1298 2930 κεφαλιί
1322 2842 1341 2910 ὀ
1366 2840 1500 2930 Χριστός
1519 2861 1558 2922 15

857 2965 955 3036 ἐστιν.

358 3133 506 3234 Ἐπειδή
530 3169 622 3219 τινες
640 3141 712 3216 τῶν
729 3137 767 3215 ἐν
788 3135 954 3245 Κορίνθῳ
974 3145 1156 3240 νεοπαγεΐς
1175 3136 1239 3219 τὸν
1255 3141 1320 3238 τῆς
1337 3170 1496 3240 προσευ-

303 3261 370 3360 χῆς
397 3260 605 3358 ἀγνοοῦντες
637 3258 772 3360 τρόπον
799 3258 1076 3358 εἰσοικισάμενοι
1108 3260 1174 3360 μὲν
1201 3259 1267 3360 τὴν
1294 3262 1430 3356 πίστιν,
1458 3261 1501 3338 οὐ

303 3377 376 3478 μὴν
404 3379 455 3460 ἔτι
484 3384 542 3460 καὶ
574 3379 810 3485 ἠκριβωκότες
839 3384 920 3462 τίνα
948 3382 1019 3487 χρὴ
1051 3383 1186 3486 τρόπον
1213 3389 1262 3469 είς
1290 3379 1387 3464 οἶκον
1416 3382 1502 3462 ἱέναι

305 3508 412 3583 Θεοῦ·
444 3502 658 3609 προσῄεσαν
681 3504 747 3603 μὲν
771 3505 1050 3612 προσευξάμενοι
1073 3511 1124 3615 τῷ
1150 3511 1233 3613 θεῷ
1252 3510 1310 3586 καὶ
1330 3507 1393 3590 τὰς
1414 3505 1502 3607 ὑπέρ
1518 3542 1560 3584 ιο

303 3660 346 3740 γε
369 3633 478 3733 σφῶν
497 3629 613 3707 αὐτῶν
634 3628 948 3732 προσκομίσαντες
975 3628 1088 3727 λιτὰς,
1107 3627 1183 3710 εἶτα
1204 3637 1311 3710 τοῦτο
1329 3628 1441 3730 εὑρῶν
1463 3632 1502 3707 ἐν

303 3748 565 3859 ἀκαλλεστάτιρ
584 3748 757 3854 σχήματι·
797 3751 920 3853 ἄνδρες
948 3752 1019 3854 γάρ
1047 3759 1119 3833 τῶν
1138 3753 1182 3860 ἐξ
1203 3752 1304 3836 ἔθους
1320 3758 1498 3853 περιβλη-

302 3871 426 3973 μοίτων
466 3875 530 3953 οὐκ
566 3877 854 3977 ἀπογυμνοῦντες
892 3875 957 3958 τὰς
997 3876 1158 3980 κεφαλὰς
1204 3878 1387 3956 ἐποιοῦντο
1434 3873 1502 3974 τὴν

303 3996 497 4100 πρόσοδον,
517 3994 646 4098 γόναιιι
664 3996 702 4076 δὲ
721 3998 849 4094 ὁμοίως
867 3998 1162 4080 ἀκατασκίαστόν
1180 4033 1218 4079 τε
1243 4001 1302 4078 καὶ
1327 3999 1502 4104 ἀναμφίε-

340 4234 365 4275 1.
383 4221 469 4278 αὐτοῖς
489 4237 544 4275 om.
565 4219 603 4274 Η.
657 4216 847 4290 ὕδατι-οἶμα]
867 4220 998 4284 ἀνίβλυσε
1018 4223 1049 4275 τὸ
1067 4219 1133 4276 ἴδιον
1146 4219 1207 4289 αἷμα
1224 4220 1351 4291 συμμιγὲς
1368 4219 1441 4274 ὕδατι
1462 4219 1500 4276 Η.

303 4305 329 4358 3.
348 4290 525 4361 στρατιωτῶν]
539 4299 564 4352 ÷
578 4289 660 4360 πέτρα
669 4287 738 4344 δελ
755 4312 817 4357 εται,
825 4290 912 4359 ἐπειδή
925 4292 997 4345 ἐστιν
1006 4291 1154 4360 ἄθραυστος
1165 4294 1200 4349 ὡς
1211 4292 1270 4348 θεὸς
1281 4292 1327 4345 κᾶν
1339 4290 1361 4344 εί
1373 4291 1502 4346 πέπονθεν

302 4361 367 4413 ἑκὼν
378 4364 423 4413 τοῦ
435 4361 545 4415 θανάτου
557 4361 603 4429 τὴν
614 4361 712 4430 ἔφοδον
724 4311 775 4414 gd.
789 4361 824 4415 cf.
838 4379 919 4432 supra
932 4379 958 4432 p.
969 4363 1030 4431 278,
1044 4377 1087 4417 20.
1223 4382 1250 4430 4.
1272 4361 1331 4416 Hoc
1344 4371 1370 4414 ει
1383 4378 1500 4431 sequens

303 4429 424 4484 scholion
437 4431 514 4484 nobis
527 4430 678 4499 suppeditat
692 4431 730 4485 H.
858 4448 901 4487 ιι.
920 4431 981 4500 ὃμὴ
992 4435 1086 4503 γινώκη
1100 4433 1135 4487 ita
1149 4431 1216 4488 cod.
1346 4447 1386 4497 ιι.
1407 4431 1447 4486 lta
1463 4431 1502 4486 Η.

306 4513 383 4570 17-p.
398 4501 457 4566 281,
470 4517 497 4570 9.
516 4499 762 4570 Ἐπειδή-ποίησιν
775 4502 926 4573 suppeditat
942 4501 977 4556 H.
