3294 5150
152 363 332 450 viii.9-12.
378 366 432 429 IN
457 365 522 431 ΕΡ.
543 365 571 430 Ι.
598 365 662 428 AD
689 363 983 428 CORINTHIOS,
1021 363 1186 430 mlv.
1286 369 1350 433 27⁷

1376 465 1504 533 [Μ]

176 607 318 675 Βλέπετε
345 609 381 674 δὲ
400 609 517 686 μιίπωε
545 609 564 675 ιί
592 607 722 677 ἐξουσία
750 609 840 685 ὑμῶν
868 611 949 674 αῦτιι
977 610 1170 698 πρόσκομμα
1198 611 1329 684 τὲνιιται
1366 633 1384 690 9

603 731 671 799 τοῖα
699 735 898 800 ἀσθενοῦσιν.

209 881 497 986 Ἀδιαφαροῦντες
521 883 602 985 περί
625 878 668 960 rb
690 878 822 958 ἐσθίειν
843 877 890 958 rb
919 878 1082 982 ἱερόθυτα
1110 883 1168 960 καί
1196 915 1353 960 συνανα-

152 1012 296 1086 κεῖσθαι
326 1011 399 1088 τοῖς
427 1003 593 1086 ἀπίστοις
621 1005 659 1082 ἐν
685 1009 759 1086 τοῖς
786 1008 900 1104 ἱεροῖς,
928 1000 1138 1084 σκανδάλου
1165 1002 1354 1110 πρόφασιν

118 1125 338 1221 5ἐποιοῦντό
371 1161 448 1207 τισι
480 1130 543 1226 τῆς
571 1129 705 1207 ἑαυτῶν
732 1123 954 1229 ἑδραιότητος
989 1125 1055 1225 τὴν
1082 1127 1261 1232 ἐπίδειξιν.
1302 1133 1358 1207 δεῖ

152 1249 227 1354 γὰρ
257 1252 322 1331 οὐκ
351 1252 407 1356 ἐφ’
428 1247 566 1330 ἅπασιν
584 1251 663 1330 οὔτε
690 1249 760 1356 ἔξω
779 1257 901 1352 καιροῦ
924 1251 982 1328 καί
1000 1250 1209 1351 ἀδιακρίτως
1226 1255 1271 1355 τῇ
1289 1254 1353 1350 τῆς

153 1377 312 1458 πίστεως
340 1373 487 1481 ἐξουσίᾳ
515 1376 814 1478 κατακεχρῆσθαι,
841 1370 961 1453 πάντα
988 1373 1026 1452 δὲ
1053 1379 1197 1472 μᾶλλον
1219 1375 1351 1480 εὐσχη-

153 1499 419 1602 μόνωςπρέποι
436 1495 481 1576 ἀν
499 1498 662 1600 γίνεσθαι
680 1495 770 1599 πρὸς
788 1495 902 1595 ἡμῶν.

157 1739 271 1805 Οὔτιοι
295 1739 330 1805 δὲ
354 1739 598 1828 ἁμαρτάνοντεσ
617 1734 664 1803 είε
683 1739 759 1806 τοδε
777 1737 945 1827 ἀδελφοὺε
968 1737 1022 1804 καί
1044 1739 1220 1805 τύπτοντεο
1242 1740 1351 1806 αὐτῶν
1369 1771 1403 1813 12

99 1893 140 1934 ιο
279 1865 337 1931 τείν
357 1863 538 1932 συνείδιισιν
557 1864 768 1946 ἀσθενοῦσαν,
786 1862 833 1930 εἰσ
851 1864 988 1955 Χριστὸν
1007 1865 1223 1954 ἁμαρτάνετε.

212 2031 510 2136 Σκανδαλίφιυτες
536 2028 720 2139 ἀδελφοὺς,
749 2040 796 2119 είς
824 2031 932 2112 αὐτὸν
959 2033 1272 2134 πλημμελήσομεν
1289 2033 1354 2113 τὸν

155 2155 244 2256 ὑπὲρ
271 2158 334 2253 τῆς
360 2155 529 2235 ἁπάντων
556 2156 657 2254 ἡμῶν
683 2155 864 2257 σωτηρίας
887 2160 1063 2234 τεθνεῶτα
1082 2157 1229 2262 Χριστλν,
1249 2157 1292 2237 αὖ
1319 2157 1358 2236 τί

156 2277 201 2357 ἀν
218 2279 356 2380 γένοιτο
374 2278 416 2358 rb
436 2283 655 2358 ῖσοστατοῦν
674 2278 852 2378 ἀδίκημα;
882 2280 1081 2359 ἀπίλλυται
1099 2276 1171 2382 γὰρ
1187 2287 1202 2361 ί
1217 2277 1354 2362 ἀσθενῶν
1365 2319 1465 2358 mu.

156 2403 187 2482 ἐν
209 2405 250 2509 τῇ
275 2411 316 2511 σῇ
344 2402 475 2505 γνῶσει,
493 2403 552 2482 καί
578 2404 726 2504 γέγονεν
752 2402 853 2500 ἡμῶν
879 2403 1036 2502 ἁμαρτία
1062 2400 1104 2481 τὸ
1129 2402 1275 2503 ἀγαθὸν,
1296 2405 1354 2480 καί

102 2559 142 2620 15
158 2523 367 2604 σκάνδαλον
394 2527 567 2630 ἀδελφοῖς
593 2524 616 2622 ἡ
643 2527 707 2622 τῆς
736 2523 894 2607 πίστεως
921 2519 1112 2625 ἑδραιότης,
1134 2528 1191 2602 καί
1219 2522 1353 2628 βόθρος

157 2647 180 2747 ἡ
203 2654 350 2750 γνῶσις.

216 2772 463 2877 Παγχυὶλεπον
479 2772 521 2852 τὸ
540 2777 703 2875 πρᾶγμα·
738 2767 851 2868 μόνον
868 2770 940 2874 γὰρ
958 2771 1039 2875 οὐχὶ
1057 2776 1134 2854 ταῖς
1150 2777 1224 2850 τῶν
1241 2774 1350 2852 ἀδελ-

158 2900 240 3001 φῶν
252 2896 450 2978 ἀσθενείαις
462 2891 684 2974 ἕνάλλεσθαι
701 2895 761 2974 καί
778 2895 857 2998 οὐχὶ
875 2899 1021 2994 μᾶλλον
1034 2896 1072 2973 ε’ν
1085 2898 1229 3000 σπονδῇ
1243 2903 1353 2976 ποιεῖ-

158 3024 247 3097 σθαι
274 3019 317 3097 τὸ
345 3015 506 3102 ἀσθενὲς·
521 3017 639 3097 αὐτῶν
664 3013 827 3100 συνειδὸς
854 3019 1064 3121 ἐττιρρῶσαι·
1098 3022 1154 3098 δεῖ
1172 3017 1244 3121 γὰρ
1269 3027 1292 3066 “
1304 3017 1354 3123 μὴ
1367 3044 1442 3095 Rom.
1456 3045 1505 3095 xiv.

103 3181 145 3222 το
159 3153 181 3190 “
199 3141 331 3222 τιθέναι
358 3138 580 3244 πρόσκομμα
598 3148 649 3249 τῷ
668 3143 817 3246 ἀδελφῷ
840 3137 862 3241 ἢ
886 3137 1125 3239 σκάνδαλον,”
1150 3143 1355 3228 ἐννοοῦντας
1370 3124 1409 3174 ¹³⁸

158 3264 201 3345 rb
219 3264 465 3368 γεγραμμένον
483 3275 505 3313 “
517 3264 584 3364 Μὴ
598 3269 851 3370 καταφρονεῖτε
869 3261 947 3346 ἑνὸς
963 3269 1037 3343 τῶν
1053 3271 1190 3366 μικρῶν
1208 3265 1354 3366 τούτων,
1367 3295 1393 3345 s.
1402 3293 1500 3375 ρραιυ.

159 3399 181 3435 “
199 3388 251 3467 δτι
281 3394 313 3468 οἱ
341 3388 491 3490 ἀγγελαι
510 3388 626 3466 αὐτῶν
645 3386 702 3466 διὰ
724 3385 858 3469 παντὸς
880 3385 1062 3480 βλέπουσι
1086 3386 1128 3467 rb
1155 3387 1355 3491 πρόσωπον
1367 3377 1437 3410 ”¹¹¹⁰
1448 3373 1487 3409 ω’

158 3522 181 3558 “
199 3519 263 3591 τοῦ
282 3509 462 3613 Πατρός.”
498 3506 574 3590 εἶτα
601 3515 678 3592 πῶς
706 3511 748 3588 οὐ
774 3509 1015 3615 παγχάλεπον
1031 3513 1090 3589 καί
1116 3510 1210 3612 πρὸς
1238 3515 1355 3593 αὐτῶν

158 3635 251 3734 ἡμᾶς
279 3639 554 3735 κατηγορεῖσθαι
578 3639 651 3712 τῶν
669 3633 780 3735 ἁγίων
797 3633 981 3735 ἀγγέλων,
1003 3636 1053 3715 ῶς
1079 3640 1157 3717 ταῖς
1184 3636 1356 3739 ἀδελφῶν

104 3785 145 3847 25
159 3757 357 3841 ἀσθενείαις
384 3760 574 3860 μονονουχὶ
600 3759 658 3835 καὶ
681 3755 950 3855 ἓναλλομείνους,
971 3757 1031 3836 καὶ
1049 3758 1127 3861 οὐχί
1147 3756 1191 3857 δὴ
1209 3763 1355 3854 μᾶλλον

158 3879 387 3978 ποιουμένους
434 3881 472 3959 ἐν
517 3880 661 3982 σπουδῇ
705 3875 749 3956 rb
796 3876 945 3962 ἀσθενὲς
992 3879 1111 3958 αὐτῶν
1156 3882 1354 3983 ε’πιρῤῶσαι

158 4000 344 4097 συνειδός;
