<?xml version="1.0" encoding="UTF-8"?>
<!DOCTYPE html PUBLIC "-//W3C//DTD XHTML 1.0 Transitional//EN"
    "http://www.w3.org/TR/xhtml1/DTD/xhtml1-transitional.dtd">
<html xmlns="http://www.w3.org/1999/xhtml" xml:lang="en" lang="en">
 <head>
  <title>
</title>
<meta http-equiv="Content-Type" content="text/html;charset=utf-8" />
  <meta name='ocr-system' content='tesseract 3.04.00' />
  <meta name='ocr-capabilities' content='ocr_page ocr_carea ocr_par ocr_line ocrx_word'/>
</head>
<body>
  <div class='ocr_page' id='page_1' title='image "./sanctipatrisnos01pusegoog_0393.png"; bbox 0 0 3278 5130; ppageno 0'>
   <div class='ocr_carea' id='block_1_1' title="bbox 157 344 1525 618">
    <p class='ocr_par' dir='ltr' id='par_1_1' title="bbox 157 344 1525 618">
     <span class='ocr_line' id='line_1_1' title="bbox 317 344 1525 422; baseline -0.006 -7"><span class='ocrx_word' id='word_1_1' title='bbox 317 353 381 417; x_wconf 81' lang='grc'>370</span> <span class='ocrx_word' id='word_1_2' title='bbox 481 350 531 413; x_wconf 91' lang='grc' dir='ltr'>’Β.</span> <span class='ocrx_word' id='word_1_3' title='bbox 551 346 740 414; x_wconf 80' lang='lat' dir='ltr'><strong>CYRILLI</strong></span> <span class='ocrx_word' id='word_1_4' title='bbox 767 344 1031 411; x_wconf 83' lang='lat' dir='ltr'><strong>ALEXANDR.</strong></span> <span class='ocrx_word' id='word_1_5' title='bbox 1060 344 1343 410; x_wconf 75' lang='lat' dir='ltr'><strong>FRAGMENTA</strong></span> <span class='ocrx_word' id='word_1_6' title='bbox 1453 344 1475 408; x_wconf 86' lang='lat' dir='ltr'>i.</span> <span class='ocrx_word' id='word_1_7' title='bbox 1487 365 1525 422; x_wconf 88' lang='lat'>4.</span> 
     </span>
     <span class='ocr_line' id='line_1_2' title="bbox 157 453 1525 618; baseline -0.006 -26"><span class='ocrx_word' id='word_1_8' title='bbox 157 453 229 521; x_wconf 62' lang='lat'>[¹⁰⁷</span> <span class='ocrx_word' id='word_1_9' title='bbox 242 453 304 519; x_wconf 84' lang='lat' dir='ltr'>M.]</span> <span class='ocrx_word' id='word_1_10' title='bbox 320 524 341 562; x_wconf 89' lang='lat'><strong><em>“</em></strong></span> <span class='ocrx_word' id='word_1_11' title='bbox 359 512 464 618; x_wconf 82' lang='grc' dir='ltr'>χάριν</span> <span class='ocrx_word' id='word_1_12' title='bbox 480 521 544 592; x_wconf 86' lang='grc' dir='ltr'>τοῦ</span> <span class='ocrx_word' id='word_1_13' title='bbox 565 513 701 614; x_wconf 86' lang='grc' dir='ltr'>Κυρίου</span> <span class='ocrx_word' id='word_1_14' title='bbox 726 511 826 610; x_wconf 86' lang='grc' dir='ltr'>ἡμῶν</span> <span class='ocrx_word' id='word_1_15' title='bbox 843 509 969 610; x_wconf 85' lang='grc' dir='ltr'>Ἰησοῦ</span> <span class='ocrx_word' id='word_1_16' title='bbox 986 515 1153 612; x_wconf 84' lang='grc' dir='ltr'>Χριστοῦ</span> <span class='ocrx_word' id='word_1_17' title='bbox 1177 509 1232 588; x_wconf 86' lang='grc' dir='ltr'>ότι</span> <span class='ocrx_word' id='word_1_18' title='bbox 1258 507 1437 590; x_wconf 79' lang='grc' dir='ltr'>πλούσιος</span> <span class='ocrx_word' id='word_1_19' title='bbox 1465 503 1525 585; x_wconf 82' lang='grc' dir='ltr'>ῶν</span> 
     </span>
    </p>
   </div>
   <div class='ocr_carea' id='block_1_2' title="bbox 319 632 1521 858">
    <p class='ocr_par' dir='ltr' id='par_1_2' title="bbox 319 632 1521 858">
     <span class='ocr_line' id='line_1_3' title="bbox 319 632 1521 740; baseline -0.005 -26"><span class='ocrx_word' id='word_1_20' title='bbox 319 645 341 684; x_wconf 86' lang='grc'><strong>“</strong></span> <span class='ocrx_word' id='word_1_21' title='bbox 360 635 564 740; x_wconf 84' lang='grc' dir='ltr'>ε’πτιόχενσε</span> <span class='ocrx_word' id='word_1_22' title='bbox 587 636 633 715; x_wconf 77' lang='grc' dir='ltr'>δι’</span> <span class='ocrx_word' id='word_1_23' title='bbox 657 635 761 734; x_wconf 78' lang='grc' dir='ltr'>ἡμᾶς,</span> <span class='ocrx_word' id='word_1_24' title='bbox 781 635 823 713; x_wconf 80' lang='grc' dir='ltr'>ἵν’</span> <span class='ocrx_word' id='word_1_25' title='bbox 851 634 949 732; x_wconf 81' lang='grc' dir='ltr'>ἡμεῖς</span> <span class='ocrx_word' id='word_1_26' title='bbox 974 639 1019 738; x_wconf 81' lang='grc' dir='ltr'>τῇ</span> <span class='ocrx_word' id='word_1_27' title='bbox 1047 634 1155 712; x_wconf 83' lang='grc' dir='ltr'>αὑτοῦ</span> <span class='ocrx_word' id='word_1_28' title='bbox 1182 632 1365 738; x_wconf 76' lang='grc' dir='ltr'>πτωχείᾳ”</span> <span class='ocrx_word' id='word_1_29' title='bbox 1395 642 1521 710; x_wconf 90' lang='grc' dir='ltr'>πλου-</span> 
     </span>
     <span class='ocr_line' id='line_1_4' title="bbox 319 756 499 858; baseline 0.006 -21"><span class='ocrx_word' id='word_1_30' title='bbox 319 756 499 858; x_wconf 80' lang='grc' dir='ltr'>τῆσωμεν.</span> 
     </span>
    </p>
   </div>
   <div class='ocr_carea' id='block_1_3' title="bbox 288 995 1328 1084">
    <p class='ocr_par' dir='ltr' id='par_1_3' title="bbox 288 995 1328 1084">
     <span class='ocr_line' id='line_1_5' title="bbox 288 995 1328 1084; baseline 0.006 -26"><span class='ocrx_word' id='word_1_31' title='bbox 288 1017 306 1071; x_wconf 87' lang='grc'><strong>4</strong></span> <span class='ocrx_word' id='word_1_32' title='bbox 512 995 669 1080; x_wconf 83' lang='grc' dir='ltr'>Τοσούτῳ</span> <span class='ocrx_word' id='word_1_33' title='bbox 697 995 852 1084; x_wconf 82' lang='grc' dir='ltr'>κρείττων</span> <span class='ocrx_word' id='word_1_34' title='bbox 880 997 1052 1072; x_wconf 74' lang='grc' dir='ltr'>Γενόμενος</span> <span class='ocrx_word' id='word_1_35' title='bbox 1079 997 1146 1061; x_wconf 83' lang='grc' dir='ltr'>τῶν</span> <span class='ocrx_word' id='word_1_36' title='bbox 1172 995 1328 1070; x_wconf 79' lang='grc' dir='ltr'>όττὲκων.</span> 
     </span>
    </p>
   </div>
   <div class='ocr_carea' id='block_1_4' title="bbox 414 1162 632 1194">
    <p class='ocr_par' dir='ltr' id='par_1_4' title="bbox 414 1162 632 1194">
     <span class='ocr_line' id='line_1_6' title="bbox 414 1162 632 1194; baseline 0.018 -4"><span class='ocrx_word' id='word_1_37' title='bbox 414 1162 632 1194; x_wconf 56' lang='grc' dir='ltr'>ἱλΙϋ</span> 
     </span>
    </p>
   </div>
   <div class='ocr_carea' id='block_1_5' title="bbox 152 1159 1589 4347">
    <p class='ocr_par' dir='ltr' id='par_1_5' title="bbox 152 1159 1589 4347">
     <span class='ocr_line' id='line_1_7' title="bbox 376 1159 1564 1268; baseline -0.003 -24"><span class='ocrx_word' id='word_1_38' title='bbox 376 1169 431 1244; x_wconf 91' lang='grc' dir='ltr'>Το</span> <span class='ocrx_word' id='word_1_39' title='bbox 450 1200 515 1263; x_wconf 91' lang='grc' dir='ltr'>μεν</span> <span class='ocrx_word' id='word_1_40' title='bbox 532 1199 604 1268; x_wconf 91' lang='grc' dir='ltr'>γαρ</span> <span class='ocrx_word' id='word_1_41' title='bbox 624 1173 800 1268; x_wconf 77' lang='grc' dir='ltr'>Αγγελος,</span> <span class='ocrx_word' id='word_1_42' title='bbox 819 1165 932 1264; x_wconf 80' lang='grc' dir='ltr'>ὄνομα</span> <span class='ocrx_word' id='word_1_43' title='bbox 951 1166 1173 1268; x_wconf 90' lang='grc' dir='ltr'>λειτουργίας</span> <span class='ocrx_word' id='word_1_44' title='bbox 1191 1167 1270 1245; x_wconf 84' lang='grc' dir='ltr'>ε’στῖ</span> <span class='ocrx_word' id='word_1_45' title='bbox 1285 1159 1525 1262; x_wconf 77' lang='grc' dir='ltr'>σημαντικόν,</span> <span class='ocrx_word' id='word_1_46' title='bbox 1542 1197 1564 1255; x_wconf 84' lang='lat'>5</span> 
     </span>
     <span class='ocr_line' id='line_1_8' title="bbox 320 1285 1527 1394; baseline -0.001 -29"><span class='ocrx_word' id='word_1_47' title='bbox 320 1286 487 1367; x_wconf 82' lang='grc' dir='ltr'>οἰκετικόν</span> <span class='ocrx_word' id='word_1_48' title='bbox 504 1322 542 1368; x_wconf 93' lang='grc' dir='ltr'>τε</span> <span class='ocrx_word' id='word_1_49' title='bbox 571 1289 654 1388; x_wconf 86' lang='grc' dir='ltr'>ἡμῖν</span> <span class='ocrx_word' id='word_1_50' title='bbox 677 1290 887 1394; x_wconf 79' lang='grc' dir='ltr'>ὑπεμφαίνει</span> <span class='ocrx_word' id='word_1_51' title='bbox 915 1289 1054 1392; x_wconf 71' lang='grc' dir='ltr'>με’τρον·</span> <span class='ocrx_word' id='word_1_52' title='bbox 1092 1288 1134 1369; x_wconf 84' lang='grc' dir='ltr'>τό</span> <span class='ocrx_word' id='word_1_53' title='bbox 1159 1287 1205 1368; x_wconf 78' lang='grc' dir='ltr'>δέ</span> <span class='ocrx_word' id='word_1_54' title='bbox 1219 1322 1262 1390; x_wconf 91' lang='grc' dir='ltr'>γε</span> <span class='ocrx_word' id='word_1_55' title='bbox 1279 1285 1377 1382; x_wconf 82' lang='grc' dir='ltr'>Υἱός,</span> <span class='ocrx_word' id='word_1_56' title='bbox 1395 1285 1463 1384; x_wconf 82' lang='grc' dir='ltr'>τὴν</span> <span class='ocrx_word' id='word_1_57' title='bbox 1481 1288 1527 1365; x_wconf 85' lang='grc' dir='ltr'>ἐκ</span> 
     </span>
     <span class='ocr_line' id='line_1_9' title="bbox 321 1408 1526 1519; baseline -0.002 -29"><span class='ocrx_word' id='word_1_58' title='bbox 321 1410 467 1513; x_wconf 77' lang='grc' dir='ltr'>Πατρός</span> <span class='ocrx_word' id='word_1_59' title='bbox 500 1411 655 1517; x_wconf 81' lang='grc' dir='ltr'>ὕπαρξιν</span> <span class='ocrx_word' id='word_1_60' title='bbox 685 1412 842 1511; x_wconf 81' lang='grc' dir='ltr'>οὐσιῶδη</span> <span class='ocrx_word' id='word_1_61' title='bbox 876 1415 934 1492; x_wconf 82' lang='grc' dir='ltr'>καὶ</span> <span class='ocrx_word' id='word_1_62' title='bbox 968 1411 1126 1519; x_wconf 78' lang='grc' dir='ltr'>φυσικὴν</span> <span class='ocrx_word' id='word_1_63' title='bbox 1158 1415 1273 1511; x_wconf 92' lang='grc' dir='ltr'>δηλοῖ·</span> <span class='ocrx_word' id='word_1_64' title='bbox 1327 1408 1386 1488; x_wconf 81' lang='grc' dir='ltr'>διὰ</span> <span class='ocrx_word' id='word_1_65' title='bbox 1412 1418 1526 1489; x_wconf 82' lang='grc' dir='ltr'>τοῦτο</span> 
     </span>
     <span class='ocr_line' id='line_1_10' title="bbox 319 1531 1525 1638; baseline -0.001 -26"><span class='ocrx_word' id='word_1_66' title='bbox 319 1542 408 1634; x_wconf 84' lang='grc' dir='ltr'>γοῦν</span> <span class='ocrx_word' id='word_1_67' title='bbox 429 1532 508 1613; x_wconf 72' lang='grc' dir='ltr'>οὐδὲ</span> <span class='ocrx_word' id='word_1_68' title='bbox 535 1541 771 1637; x_wconf 82' lang='grc' dir='ltr'>συγκριτικῶς</span> <span class='ocrx_word' id='word_1_69' title='bbox 800 1535 914 1636; x_wconf 86' lang='grc' dir='ltr'>είρηκε</span> <span class='ocrx_word' id='word_1_70' title='bbox 942 1535 1068 1636; x_wconf 77' lang='grc' dir='ltr'>μείζων</span> <span class='ocrx_word' id='word_1_71' title='bbox 1097 1533 1119 1635; x_wconf 82' lang='grc' dir='ltr'>ἢ</span> <span class='ocrx_word' id='word_1_72' title='bbox 1149 1534 1363 1638; x_wconf 79' lang='grc' dir='ltr'>τιμιώτερος,</span> <span class='ocrx_word' id='word_1_73' title='bbox 1381 1534 1440 1612; x_wconf 87' lang='grc' dir='ltr'>ἵνα</span> <span class='ocrx_word' id='word_1_74' title='bbox 1467 1531 1525 1630; x_wconf 83' lang='grc' dir='ltr'>μὴ</span> 
     </span>
     <span class='ocr_line' id='line_1_11' title="bbox 320 1655 1526 1758; baseline 0.001 -26"><span class='ocrx_word' id='word_1_75' title='bbox 320 1657 368 1739; x_wconf 87' lang='grc' dir='ltr'>ὡς</span> <span class='ocrx_word' id='word_1_76' title='bbox 400 1658 480 1758; x_wconf 83' lang='grc' dir='ltr'>περί</span> <span class='ocrx_word' id='word_1_77' title='bbox 514 1659 695 1758; x_wconf 82' lang='grc' dir='ltr'>ὁμογενῶν</span> <span class='ocrx_word' id='word_1_78' title='bbox 728 1659 854 1738; x_wconf 84' lang='grc' dir='ltr'>τούτου</span> <span class='ocrx_word' id='word_1_79' title='bbox 883 1659 1054 1738; x_wconf 83' lang='grc' dir='ltr'>κάκείνων</span> <span class='ocrx_word' id='word_1_80' title='bbox 1086 1692 1139 1741; x_wconf 85' lang='grc' dir='ltr'>τις</span> <span class='ocrx_word' id='word_1_81' title='bbox 1170 1658 1378 1758; x_wconf 83' lang='grc' dir='ltr'>λογίσηται·</span> <span class='ocrx_word' id='word_1_82' title='bbox 1418 1655 1526 1734; x_wconf 85' lang='grc' dir='ltr'>ἀλλά</span> 
     </span>
     <span class='ocr_line' id='line_1_12' title="bbox 321 1777 1587 1886; baseline 0 -30"><span class='ocrx_word' id='word_1_83' title='bbox 321 1780 478 1884; x_wconf 86' lang='grc' dir='ltr'>Κρείττινν</span> <span class='ocrx_word' id='word_1_84' title='bbox 506 1777 652 1880; x_wconf 88' lang='grc' dir='ltr'>εἴρηκεν,</span> <span class='ocrx_word' id='word_1_85' title='bbox 674 1781 732 1859; x_wconf 86' lang='grc' dir='ltr'>ἵνα</span> <span class='ocrx_word' id='word_1_86' title='bbox 756 1779 798 1860; x_wconf 85' lang='grc' dir='ltr'>τό</span> <span class='ocrx_word' id='word_1_87' title='bbox 828 1780 1049 1862; x_wconf 83' lang='grc' dir='ltr'>διαλλάττον</span> <span class='ocrx_word' id='word_1_88' title='bbox 1077 1785 1141 1879; x_wconf 79' lang='grc' dir='ltr'>τῆς</span> <span class='ocrx_word' id='word_1_89' title='bbox 1169 1778 1315 1886; x_wconf 79' lang='grc' dir='ltr'>φάσεως</span> <span class='ocrx_word' id='word_1_90' title='bbox 1342 1788 1405 1858; x_wconf 85' lang='grc' dir='ltr'>τοῦ</span> <span class='ocrx_word' id='word_1_91' title='bbox 1427 1783 1525 1858; x_wconf 83' lang='grc' dir='ltr'>Υίοῦ</span> <span class='ocrx_word' id='word_1_92' title='bbox 1543 1816 1587 1856; x_wconf 87' lang='lat'>10</span> 
     </span>
     <span class='ocr_line' id='line_1_13' title="bbox 319 1897 1526 2008; baseline -0.001 -28"><span class='ocrx_word' id='word_1_93' title='bbox 319 1897 411 2002; x_wconf 80' lang='grc' dir='ltr'>πρὸς</span> <span class='ocrx_word' id='word_1_94' title='bbox 439 1900 484 1980; x_wconf 80' lang='grc' dir='ltr'>τὰ</span> <span class='ocrx_word' id='word_1_95' title='bbox 502 1900 634 2003; x_wconf 79' lang='grc' dir='ltr'>γενητὰ</span> <span class='ocrx_word' id='word_1_96' title='bbox 662 1904 834 2008; x_wconf 86' lang='grc' dir='ltr'>γνωρίσῃ·</span> <span class='ocrx_word' id='word_1_97' title='bbox 875 1906 934 1983; x_wconf 81' lang='grc' dir='ltr'>καί</span> <span class='ocrx_word' id='word_1_98' title='bbox 952 1905 1088 1984; x_wconf 86' lang='grc' dir='ltr'>τούτων</span> <span class='ocrx_word' id='word_1_99' title='bbox 1107 1904 1235 2006; x_wconf 80' lang='grc' dir='ltr'>ἔχομεν</span> <span class='ocrx_word' id='word_1_100' title='bbox 1253 1901 1319 2001; x_wconf 83' lang='grc' dir='ltr'>τὴν</span> <span class='ocrx_word' id='word_1_101' title='bbox 1337 1899 1526 2006; x_wconf 78' lang='grc' dir='ltr'>ἀπόδειξιν</span> 
     </span>
     <span class='ocr_line' id='line_1_14' title="bbox 152 2023 1526 2148; baseline 0.001 -48"><span class='ocrx_word' id='word_1_102' title='bbox 152 2032 300 2148; x_wconf 59' lang='lat' dir='ltr'><strong>ffluffii·</strong></span> <span class='ocrx_word' id='word_1_103' title='bbox 320 2023 359 2101; x_wconf 80' lang='grc' dir='ltr'>ἐκ</span> <span class='ocrx_word' id='word_1_104' title='bbox 385 2028 458 2102; x_wconf 92' lang='grc' dir='ltr'>τῶν</span> <span class='ocrx_word' id='word_1_105' title='bbox 486 2026 589 2104; x_wconf 87' lang='grc' dir='ltr'>θείων</span> <span class='ocrx_word' id='word_1_106' title='bbox 621 2033 789 2130; x_wconf 83' lang='grc' dir='ltr'>γραφῶν,</span> <span class='ocrx_word' id='word_1_107' title='bbox 816 2035 881 2106; x_wconf 84' lang='grc' dir='ltr'>τοῦ</span> <span class='ocrx_word' id='word_1_108' title='bbox 910 2025 975 2125; x_wconf 83' lang='grc' dir='ltr'>μέν</span> <span class='ocrx_word' id='word_1_109' title='bbox 1005 2029 1129 2121; x_wconf 83' lang='grc' dir='ltr'>Δαβίδ</span> <span class='ocrx_word' id='word_1_110' title='bbox 1156 2024 1370 2130; x_wconf 78' lang='grc' dir='ltr'>ψάλλοντος</span> <span class='ocrx_word' id='word_1_111' title='bbox 1396 2023 1526 2103; x_wconf 84' lang='grc' dir='ltr'>“Ὀτι</span> 
     </span>
     <span class='ocr_line' id='line_1_15' title="bbox 186 2134 1523 2252; baseline 0.005 -29"><span class='ocrx_word' id='word_1_112' title='bbox 186 2134 194 2149; x_wconf 52' lang='grc'>’</span> <span class='ocrx_word' id='word_1_113' title='bbox 322 2154 344 2193; x_wconf 83' lang='grc'><strong>“</strong></span> <span class='ocrx_word' id='word_1_114' title='bbox 361 2147 542 2248; x_wconf 88' lang='grc' dir='ltr'>κρείσσων</span> <span class='ocrx_word' id='word_1_115' title='bbox 560 2147 671 2250; x_wconf 73' lang='grc' dir='ltr'>ἡμέρα</span> <span class='ocrx_word' id='word_1_116' title='bbox 698 2149 762 2247; x_wconf 90' lang='grc' dir='ltr'>μία</span> <span class='ocrx_word' id='word_1_117' title='bbox 789 2152 827 2229; x_wconf 81' lang='grc' dir='ltr'>ἔν</span> <span class='ocrx_word' id='word_1_118' title='bbox 851 2157 929 2235; x_wconf 89' lang='grc' dir='ltr'>ταῖς</span> <span class='ocrx_word' id='word_1_119' title='bbox 957 2152 1084 2234; x_wconf 82' lang='grc' dir='ltr'>αὐλαῖς</span> <span class='ocrx_word' id='word_1_120' title='bbox 1108 2184 1179 2229; x_wconf 93' lang='grc' dir='ltr'>σον</span> <span class='ocrx_word' id='word_1_121' title='bbox 1207 2147 1295 2251; x_wconf 71' lang='grc' dir='ltr'>ὑπὲρ</span> <span class='ocrx_word' id='word_1_122' title='bbox 1323 2147 1523 2252; x_wconf 85' lang='grc' dir='ltr'>χιλιάδας,”</span> 
     </span>
     <span class='ocr_line' id='line_1_16' title="bbox 154 2269 1527 2390; baseline 0.001 -41"><span class='ocrx_word' id='word_1_123' title='bbox 154 2274 291 2390; x_wconf 57' lang='lat' dir='ltr'>fffffiffi·</span> <span class='ocrx_word' id='word_1_124' title='bbox 322 2277 386 2350; x_wconf 83' lang='grc' dir='ltr'>τοῦ</span> <span class='ocrx_word' id='word_1_125' title='bbox 406 2269 442 2349; x_wconf 79' lang='grc' dir='ltr'>δὲ</span> <span class='ocrx_word' id='word_1_126' title='bbox 462 2275 700 2369; x_wconf 84' lang='grc' dir='ltr'>Σολομῶντος</span> <span class='ocrx_word' id='word_1_127' title='bbox 724 2274 997 2378; x_wconf 82' lang='grc' dir='ltr'>ἀναφωνοῦντος</span> <span class='ocrx_word' id='word_1_128' title='bbox 1022 2283 1043 2321; x_wconf 86' lang='grc'><strong>“</strong></span> <span class='ocrx_word' id='word_1_129' title='bbox 1059 2273 1256 2376; x_wconf 88' lang='grc' dir='ltr'>Κρείσσων</span> <span class='ocrx_word' id='word_1_130' title='bbox 1272 2271 1389 2376; x_wconf 86' lang='grc' dir='ltr'>σοφία</span> <span class='ocrx_word' id='word_1_131' title='bbox 1407 2273 1527 2350; x_wconf 88' lang='grc' dir='ltr'>λίθων</span> 
     </span>
     <span class='ocr_line' id='line_1_17' title="bbox 168 2392 1586 2499; baseline -0.003 -27"><span class='ocrx_word' id='word_1_132' title='bbox 168 2415 171 2422; x_wconf 81' lang='lat'><em>&#39;</em></span> <span class='ocrx_word' id='word_1_133' title='bbox 322 2402 344 2439; x_wconf 80' lang='lat'>‘⁶</span> <span class='ocrx_word' id='word_1_134' title='bbox 361 2395 608 2472; x_wconf 88' lang='grc' dir='ltr'>πολυτελῶν·”</span> <span class='ocrx_word' id='word_1_135' title='bbox 637 2400 714 2477; x_wconf 89' lang='grc' dir='ltr'>πῶς</span> <span class='ocrx_word' id='word_1_136' title='bbox 732 2392 803 2497; x_wconf 89' lang='grc' dir='ltr'>γάρ</span> <span class='ocrx_word' id='word_1_137' title='bbox 817 2396 883 2498; x_wconf 79' lang='grc' dir='ltr'>οὐχ</span> <span class='ocrx_word' id='word_1_138' title='bbox 896 2394 1100 2497; x_wconf 80' lang='grc' dir='ltr'>ἑτερουύσια</span> <span class='ocrx_word' id='word_1_139' title='bbox 1119 2398 1177 2474; x_wconf 88' lang='grc' dir='ltr'>καί</span> <span class='ocrx_word' id='word_1_140' title='bbox 1194 2395 1294 2473; x_wconf 78' lang='grc' dir='ltr'>ἄλλα</span> <span class='ocrx_word' id='word_1_141' title='bbox 1311 2393 1524 2499; x_wconf 83' lang='grc' dir='ltr'>τὴνφύσιν,</span> <span class='ocrx_word' id='word_1_142' title='bbox 1543 2423 1586 2483; x_wconf 87' lang='lat'>15</span> 
     </span>
     <span class='ocr_line' id='line_1_18' title="bbox 320 2514 1526 2622; baseline 0.002 -29"><span class='ocrx_word' id='word_1_143' title='bbox 320 2517 477 2622; x_wconf 84' lang='grc' dir='ltr'>ἡσοφία</span> <span class='ocrx_word' id='word_1_144' title='bbox 504 2520 562 2596; x_wconf 85' lang='grc' dir='ltr'>καί</span> <span class='ocrx_word' id='word_1_145' title='bbox 590 2521 624 2596; x_wconf 89' lang='grc' dir='ltr'>οί</span> <span class='ocrx_word' id='word_1_146' title='bbox 652 2514 724 2596; x_wconf 81' lang='grc' dir='ltr'>ἀπὸ</span> <span class='ocrx_word' id='word_1_147' title='bbox 752 2521 819 2619; x_wconf 72' lang='grc' dir='ltr'>γῆς</span> <span class='ocrx_word' id='word_1_148' title='bbox 843 2518 963 2610; x_wconf 90' lang='grc' dir='ltr'>λίθοι;</span> <span class='ocrx_word' id='word_1_149' title='bbox 990 2519 1076 2598; x_wconf 92' lang='grc' dir='ltr'>ποία</span> <span class='ocrx_word' id='word_1_150' title='bbox 1096 2517 1133 2598; x_wconf 76' lang='grc' dir='ltr'>δὲ</span> <span class='ocrx_word' id='word_1_151' title='bbox 1160 2518 1352 2619; x_wconf 77' lang='grc' dir='ltr'>συγγένεια</span> <span class='ocrx_word' id='word_1_152' title='bbox 1379 2524 1456 2600; x_wconf 87' lang='grc' dir='ltr'>ταῖς</span> <span class='ocrx_word' id='word_1_153' title='bbox 1482 2519 1526 2596; x_wconf 84' lang='grc' dir='ltr'>ἐν</span> 
     </span>
     <span class='ocr_line' id='line_1_19' title="bbox 320 2638 1527 2742; baseline 0 -24"><span class='ocrx_word' id='word_1_154' title='bbox 320 2640 481 2742; x_wconf 84' lang='grc' dir='ltr'>οὐρανοῖς</span> <span class='ocrx_word' id='word_1_155' title='bbox 508 2641 632 2722; x_wconf 80' lang='grc' dir='ltr'>αὐλαῖς</span> <span class='ocrx_word' id='word_1_156' title='bbox 658 2643 717 2718; x_wconf 85' lang='grc' dir='ltr'>καὶ</span> <span class='ocrx_word' id='word_1_157' title='bbox 740 2646 813 2722; x_wconf 88' lang='grc' dir='ltr'>τοῖς</span> <span class='ocrx_word' id='word_1_158' title='bbox 831 2642 889 2719; x_wconf 85' lang='grc' dir='ltr'>ε’πί</span> <span class='ocrx_word' id='word_1_159' title='bbox 911 2644 978 2742; x_wconf 81' lang='grc' dir='ltr'>γῆς</span> <span class='ocrx_word' id='word_1_160' title='bbox 995 2639 1129 2734; x_wconf 82' lang='grc' dir='ltr'>οἴκοις;</span> <span class='ocrx_word' id='word_1_161' title='bbox 1160 2642 1272 2724; x_wconf 82' lang='grc' dir='ltr'>οὕτως</span> <span class='ocrx_word' id='word_1_162' title='bbox 1290 2638 1362 2741; x_wconf 77' lang='grc' dir='ltr'>ἄρα</span> <span class='ocrx_word' id='word_1_163' title='bbox 1379 2641 1527 2736; x_wconf 80' lang='grc' dir='ltr'>οὐδεμία</span> 
     </span>
     <span class='ocr_line' id='line_1_20' title="bbox 321 2761 1527 2866; baseline -0.002 -24"><span class='ocrx_word' id='word_1_164' title='bbox 321 2765 515 2866; x_wconf 76' lang='grc' dir='ltr'>συγγένεια</span> <span class='ocrx_word' id='word_1_165' title='bbox 547 2772 611 2842; x_wconf 85' lang='grc' dir='ltr'>τοῦ</span> <span class='ocrx_word' id='word_1_166' title='bbox 641 2769 733 2842; x_wconf 83' lang='grc' dir='ltr'>Υῖοῦ</span> <span class='ocrx_word' id='word_1_167' title='bbox 764 2761 855 2866; x_wconf 86' lang='grc' dir='ltr'>πρὸς</span> <span class='ocrx_word' id='word_1_168' title='bbox 892 2763 975 2847; x_wconf 84' lang='grc' dir='ltr'>τοὺς</span> <span class='ocrx_word' id='word_1_169' title='bbox 1008 2764 1187 2866; x_wconf 73' lang='grc' dir='ltr'>ἀγγέλους</span> <span class='ocrx_word' id='word_1_170' title='bbox 1218 2764 1310 2842; x_wconf 86' lang='grc' dir='ltr'>ἐστί·</span> <span class='ocrx_word' id='word_1_171' title='bbox 1350 2767 1527 2862; x_wconf 78' lang='grc' dir='ltr'>μηδεμιᾶς</span> 
     </span>
     <span class='ocr_line' id='line_1_21' title="bbox 322 2885 1526 2989; baseline 0.001 -25"><span class='ocrx_word' id='word_1_172' title='bbox 322 2885 359 2965; x_wconf 77' lang='grc' dir='ltr'>δὲ</span> <span class='ocrx_word' id='word_1_173' title='bbox 387 2889 499 2987; x_wconf 84' lang='grc' dir='ltr'>οὔσης</span> <span class='ocrx_word' id='word_1_174' title='bbox 526 2889 589 2984; x_wconf 78' lang='grc' dir='ltr'>τῆς</span> <span class='ocrx_word' id='word_1_175' title='bbox 620 2888 842 2987; x_wconf 91' lang='grc' dir='ltr'>συγγενείας,</span> <span class='ocrx_word' id='word_1_176' title='bbox 871 2888 935 2966; x_wconf 82' lang='grc' dir='ltr'>οὐκ</span> <span class='ocrx_word' id='word_1_177' title='bbox 959 2886 1030 2989; x_wconf 77' lang='grc' dir='ltr'>ἄρα</span> <span class='ocrx_word' id='word_1_178' title='bbox 1057 2893 1294 2989; x_wconf 85' lang='grc' dir='ltr'>συγκριτικῶς</span> <span class='ocrx_word' id='word_1_179' title='bbox 1322 2886 1452 2989; x_wconf 80' lang='grc' dir='ltr'>ε’λέχθη</span> <span class='ocrx_word' id='word_1_180' title='bbox 1478 2885 1526 2965; x_wconf 87' lang='grc' dir='ltr'>τό</span> 
     </span>
     <span class='ocr_line' id='line_1_22' title="bbox 324 3005 1589 3115; baseline 0 -27"><span class='ocrx_word' id='word_1_181' title='bbox 324 3012 493 3115; x_wconf 85' lang='grc' dir='ltr'>Κρείττωι,</span> <span class='ocrx_word' id='word_1_182' title='bbox 523 3006 623 3086; x_wconf 84' lang='grc' dir='ltr'>ἀλλὰ</span> <span class='ocrx_word' id='word_1_183' title='bbox 652 3010 871 3110; x_wconf 90' lang='grc' dir='ltr'>διακριτικῶς</span> <span class='ocrx_word' id='word_1_184' title='bbox 899 3007 958 3088; x_wconf 79' lang='grc' dir='ltr'>διὰ</span> <span class='ocrx_word' id='word_1_185' title='bbox 985 3006 1027 3089; x_wconf 85' lang='grc' dir='ltr'>τῖι</span> <span class='ocrx_word' id='word_1_186' title='bbox 1056 3008 1276 3089; x_wconf 86' lang='grc' dir='ltr'>διαλλάττον</span> <span class='ocrx_word' id='word_1_187' title='bbox 1303 3013 1367 3106; x_wconf 81' lang='grc' dir='ltr'>τῆς</span> <span class='ocrx_word' id='word_1_188' title='bbox 1395 3005 1526 3088; x_wconf 79' lang='grc' dir='ltr'>τούτου</span> <span class='ocrx_word' id='word_1_189' title='bbox 1543 3040 1589 3082; x_wconf 87' lang='lat'>20</span> 
     </span>
     <span class='ocr_line' id='line_1_23' title="bbox 323 3130 1527 3238; baseline 0.002 -28"><span class='ocrx_word' id='word_1_190' title='bbox 323 3130 470 3235; x_wconf 82' lang='grc' dir='ltr'>φάσεως</span> <span class='ocrx_word' id='word_1_191' title='bbox 489 3132 548 3210; x_wconf 82' lang='grc' dir='ltr'>ἀπ’</span> <span class='ocrx_word' id='word_1_192' title='bbox 569 3130 722 3209; x_wconf 84' lang='grc' dir='ltr'>ἐκείνων·</span> <span class='ocrx_word' id='word_1_193' title='bbox 757 3132 814 3210; x_wconf 83' lang='grc' dir='ltr'>καὶ</span> <span class='ocrx_word' id='word_1_194' title='bbox 833 3131 938 3216; x_wconf 81' lang='grc' dir='ltr'>αὐτὸς</span> <span class='ocrx_word' id='word_1_195' title='bbox 958 3133 1020 3211; x_wconf 81' lang='grc' dir='ltr'>οὖν</span> <span class='ocrx_word' id='word_1_196' title='bbox 1039 3135 1058 3211; x_wconf 92' lang='grc' dir='ltr'>ό</span> <span class='ocrx_word' id='word_1_197' title='bbox 1076 3132 1284 3216; x_wconf 84' lang='grc' dir='ltr'>ἀπόστολος</span> <span class='ocrx_word' id='word_1_198' title='bbox 1302 3131 1345 3213; x_wconf 90' lang='grc' dir='ltr'>τό</span> <span class='ocrx_word' id='word_1_199' title='bbox 1365 3134 1527 3238; x_wconf 81' lang='grc' dir='ltr'>Κρείττινν</span> 
     </span>
     <span class='ocr_line' id='line_1_24' title="bbox 323 3252 1526 3364; baseline 0.01 -34"><span class='ocrx_word' id='word_1_200' title='bbox 323 3252 535 3353; x_wconf 81' lang='grc' dir='ltr'>ἑρμηνεύων,</span> <span class='ocrx_word' id='word_1_201' title='bbox 554 3256 617 3334; x_wconf 82' lang='grc' dir='ltr'>οὐκ</span> <span class='ocrx_word' id='word_1_202' title='bbox 635 3257 673 3334; x_wconf 84' lang='grc' dir='ltr'>ἐν</span> <span class='ocrx_word' id='word_1_203' title='bbox 689 3255 793 3363; x_wconf 85' lang='grc' dir='ltr'>άλλιρ</span> <span class='ocrx_word' id='word_1_204' title='bbox 812 3260 891 3348; x_wconf 84' lang='grc' dir='ltr'>τινί,</span> <span class='ocrx_word' id='word_1_205' title='bbox 912 3256 988 3358; x_wconf 83' lang='grc' dir='ltr'>ἢέν</span> <span class='ocrx_word' id='word_1_206' title='bbox 1006 3261 1052 3363; x_wconf 76' lang='grc' dir='ltr'>τῇ</span> <span class='ocrx_word' id='word_1_207' title='bbox 1071 3261 1227 3364; x_wconf 79' lang='grc' dir='ltr'>διαφορᾷ</span> <span class='ocrx_word' id='word_1_208' title='bbox 1244 3267 1308 3338; x_wconf 82' lang='grc' dir='ltr'>τοῦ</span> <span class='ocrx_word' id='word_1_209' title='bbox 1326 3264 1416 3338; x_wconf 84' lang='grc' dir='ltr'>Υίοῦ</span> <span class='ocrx_word' id='word_1_210' title='bbox 1431 3257 1526 3361; x_wconf 77' lang='grc' dir='ltr'>πρὸς</span> 
     </span>
     <span class='ocr_line' id='line_1_25' title="bbox 323 3372 1526 3481; baseline 0.007 -29"><span class='ocrx_word' id='word_1_211' title='bbox 323 3372 369 3452; x_wconf 84' lang='grc' dir='ltr'>τά</span> <span class='ocrx_word' id='word_1_212' title='bbox 388 3374 520 3477; x_wconf 81' lang='grc' dir='ltr'>γενητὰ</span> <span class='ocrx_word' id='word_1_213' title='bbox 536 3379 658 3477; x_wconf 90' lang='grc' dir='ltr'>τίθησι</span> <span class='ocrx_word' id='word_1_214' title='bbox 682 3377 798 3481; x_wconf 83' lang='grc' dir='ltr'>λε’γων</span> <span class='ocrx_word' id='word_1_215' title='bbox 817 3378 871 3458; x_wconf 87' lang='grc' dir='ltr'>ότι</span> <span class='ocrx_word' id='word_1_216' title='bbox 891 3381 910 3458; x_wconf 91' lang='grc' dir='ltr'>ό</span> <span class='ocrx_word' id='word_1_217' title='bbox 929 3379 1004 3479; x_wconf 73' lang='grc' dir='ltr'>μὲν,</span> <span class='ocrx_word' id='word_1_218' title='bbox 1023 3378 1123 3478; x_wconf 80' lang='grc' dir='ltr'>Υίῖνς,</span> <span class='ocrx_word' id='word_1_219' title='bbox 1140 3379 1186 3461; x_wconf 82' lang='grc' dir='ltr'>τά</span> <span class='ocrx_word' id='word_1_220' title='bbox 1204 3379 1252 3480; x_wconf 72' lang='grc' dir='ltr'>δὲ,</span> <span class='ocrx_word' id='word_1_221' title='bbox 1271 3385 1396 3462; x_wconf 83' lang='grc' dir='ltr'>δοῦλα·</span> <span class='ocrx_word' id='word_1_222' title='bbox 1425 3383 1483 3460; x_wconf 85' lang='grc' dir='ltr'>καί</span> <span class='ocrx_word' id='word_1_223' title='bbox 1503 3384 1526 3461; x_wconf 88' lang='grc' dir='ltr'>ό</span> 
     </span>
     <span class='ocr_line' id='line_1_26' title="bbox 324 3495 1526 3610; baseline 0.011 -34"><span class='ocrx_word' id='word_1_224' title='bbox 324 3495 389 3598; x_wconf 72' lang='grc' dir='ltr'>μὲν</span> <span class='ocrx_word' id='word_1_225' title='bbox 413 3501 460 3583; x_wconf 88' lang='grc' dir='ltr'>ὡς</span> <span class='ocrx_word' id='word_1_226' title='bbox 478 3498 566 3584; x_wconf 80' lang='grc' dir='ltr'>Υἱός</span> <span class='ocrx_word' id='word_1_227' title='bbox 592 3501 683 3599; x_wconf 83' lang='grc' dir='ltr'>μετὰ</span> <span class='ocrx_word' id='word_1_228' title='bbox 710 3511 774 3582; x_wconf 85' lang='grc' dir='ltr'>τοῦ</span> <span class='ocrx_word' id='word_1_229' title='bbox 794 3502 941 3606; x_wconf 78' lang='grc' dir='ltr'>Πατρός</span> <span class='ocrx_word' id='word_1_230' title='bbox 968 3506 1005 3582; x_wconf 82' lang='grc' dir='ltr'>ἐν</span> <span class='ocrx_word' id='word_1_231' title='bbox 1034 3503 1134 3610; x_wconf 77' lang='grc' dir='ltr'>δεξιᾷ</span> <span class='ocrx_word' id='word_1_232' title='bbox 1161 3503 1324 3605; x_wconf 88' lang='grc' dir='ltr'>κάθηται,</span> <span class='ocrx_word' id='word_1_233' title='bbox 1346 3502 1392 3584; x_wconf 85' lang='grc' dir='ltr'>τά</span> <span class='ocrx_word' id='word_1_234' title='bbox 1415 3503 1452 3584; x_wconf 69' lang='grc' dir='ltr'>δὲ</span> <span class='ocrx_word' id='word_1_235' title='bbox 1474 3507 1526 3589; x_wconf 87' lang='grc' dir='ltr'>ὡς</span> 
     </span>
     <span class='ocr_line' id='line_1_27' title="bbox 325 3623 1584 3730; baseline 0.012 -32"><span class='ocrx_word' id='word_1_236' title='bbox 325 3623 438 3702; x_wconf 85' lang='grc' dir='ltr'>δοῦλα</span> <span class='ocrx_word' id='word_1_237' title='bbox 456 3623 657 3726; x_wconf 76' lang='grc' dir='ltr'>παρέστηκε</span> <span class='ocrx_word' id='word_1_238' title='bbox 675 3629 734 3704; x_wconf 85' lang='grc' dir='ltr'>καὶ</span> <span class='ocrx_word' id='word_1_239' title='bbox 751 3625 1017 3706; x_wconf 75' lang='grc' dir='ltr'>ἀποστέλλεται</span> <span class='ocrx_word' id='word_1_240' title='bbox 1037 3629 1094 3706; x_wconf 84' lang='grc' dir='ltr'>καὶ</span> <span class='ocrx_word' id='word_1_241' title='bbox 1114 3635 1324 3730; x_wconf 88' lang='grc' dir='ltr'>λειτουργεῖ.</span> <span class='ocrx_word' id='word_1_242' title='bbox 1541 3653 1584 3713; x_wconf 77' lang='lat'>²5</span> 
     </span>
     <span class='ocr_line' id='line_1_28' title="bbox 333 3743 1526 3852; baseline 0.006 -26"><span class='ocrx_word' id='word_1_243' title='bbox 333 3743 335 3748; x_wconf 34' lang='lat'><strong>¹</strong></span> <span class='ocrx_word' id='word_1_244' title='bbox 381 3743 529 3826; x_wconf 76' lang='grc' dir='ltr'>Τούτων</span> <span class='ocrx_word' id='word_1_245' title='bbox 548 3746 585 3827; x_wconf 73' lang='grc' dir='ltr'>δὲ</span> <span class='ocrx_word' id='word_1_246' title='bbox 610 3750 721 3831; x_wconf 73' lang='grc' dir='ltr'>οὕτως</span> <span class='ocrx_word' id='word_1_247' title='bbox 749 3749 1018 3851; x_wconf 74' lang='grc' dir='ltr'>γεγραμμένων,</span> <span class='ocrx_word' id='word_1_248' title='bbox 1044 3751 1085 3828; x_wconf 81' lang='grc' dir='ltr'>οὐ</span> <span class='ocrx_word' id='word_1_249' title='bbox 1111 3751 1258 3852; x_wconf 81' lang='grc' dir='ltr'>γενητὸς</span> <span class='ocrx_word' id='word_1_250' title='bbox 1285 3753 1324 3830; x_wconf 81' lang='grc' dir='ltr'>ἐκ</span> <span class='ocrx_word' id='word_1_251' title='bbox 1347 3750 1526 3832; x_wconf 79' lang='grc' dir='ltr'>τούτωνὸ</span> 
     </span>
     <span class='ocr_line' id='line_1_29' title="bbox 325 3862 1527 3972; baseline 0.005 -24"><span class='ocrx_word' id='word_1_252' title='bbox 325 3862 413 3954; x_wconf 77' lang='grc' dir='ltr'>Υἱὸς</span> <span class='ocrx_word' id='word_1_253' title='bbox 440 3871 660 3968; x_wconf 82' lang='grc' dir='ltr'>σημαίνεται,</span> <span class='ocrx_word' id='word_1_254' title='bbox 680 3867 708 3948; x_wconf 85' lang='grc' dir='ltr'>ῶ</span> <span class='ocrx_word' id='word_1_255' title='bbox 726 3871 902 3972; x_wconf 85' lang='grc' dir='ltr'>Ἀρειανοί,</span> <span class='ocrx_word' id='word_1_256' title='bbox 921 3871 1022 3951; x_wconf 80' lang='grc' dir='ltr'>ἀλλὰ</span> <span class='ocrx_word' id='word_1_257' title='bbox 1048 3879 1195 3970; x_wconf 87' lang='grc' dir='ltr'>μάλλον</span> <span class='ocrx_word' id='word_1_258' title='bbox 1220 3873 1337 3958; x_wconf 76' lang='grc' dir='ltr'>ἄλλος</span> <span class='ocrx_word' id='word_1_259' title='bbox 1364 3874 1429 3972; x_wconf 75' lang='grc' dir='ltr'>μὲν</span> <span class='ocrx_word' id='word_1_260' title='bbox 1451 3881 1527 3955; x_wconf 80' lang='grc' dir='ltr'>τῶν</span> 
     </span>
     <span class='ocr_line' id='line_1_30' title="bbox 159 3991 1525 4097; baseline 0.01 -32"><span class='ocrx_word' id='word_1_261' title='bbox 159 4015 296 4067; x_wconf 60' lang='grc' dir='ltr'>Βασίας.</span> <span class='ocrx_word' id='word_1_262' title='bbox 327 3999 495 4092; x_wconf 91' lang='grc' dir='ltr'>γενητῶν,</span> <span class='ocrx_word' id='word_1_263' title='bbox 524 3993 609 4076; x_wconf 87' lang='grc' dir='ltr'>ἰ’διος</span> <span class='ocrx_word' id='word_1_264' title='bbox 638 3991 676 4071; x_wconf 75' lang='grc' dir='ltr'>δὲ</span> <span class='ocrx_word' id='word_1_265' title='bbox 703 4003 767 4073; x_wconf 86' lang='grc' dir='ltr'>τοῦ</span> <span class='ocrx_word' id='word_1_266' title='bbox 795 3992 950 4097; x_wconf 78' lang='grc' dir='ltr'>Πατρός,</span> <span class='ocrx_word' id='word_1_267' title='bbox 979 3997 1016 4074; x_wconf 88' lang='grc' dir='ltr'>ε’ν</span> <span class='ocrx_word' id='word_1_268' title='bbox 1041 4002 1115 4079; x_wconf 92' lang='grc' dir='ltr'>τοῖς</span> <span class='ocrx_word' id='word_1_269' title='bbox 1144 3994 1294 4080; x_wconf 85' lang='grc' dir='ltr'>κόλποις</span> <span class='ocrx_word' id='word_1_270' title='bbox 1322 3996 1373 4077; x_wconf 85' lang='grc' dir='ltr'>ῶν</span> <span class='ocrx_word' id='word_1_271' title='bbox 1400 4000 1525 4078; x_wconf 82' lang='grc' dir='ltr'>αὑτοῦ·</span> 
     </span>
     <span class='ocr_line' id='line_1_31' title="bbox 162 4081 1527 4224; baseline 0.006 -32"><span class='ocrx_word' id='word_1_272' title='bbox 162 4081 200 4133; x_wconf 52' lang='grc' dir='ltr'>ιε’</span> <span class='ocrx_word' id='word_1_273' title='bbox 326 4116 385 4194; x_wconf 86' lang='grc' dir='ltr'>καί</span> <span class='ocrx_word' id='word_1_274' title='bbox 412 4113 484 4217; x_wconf 80' lang='grc' dir='ltr'>γάρ</span> <span class='ocrx_word' id='word_1_275' title='bbox 509 4118 566 4195; x_wconf 83' lang='grc' dir='ltr'>καί</span> <span class='ocrx_word' id='word_1_276' title='bbox 594 4117 636 4196; x_wconf 85' lang='grc' dir='ltr'>τὸ</span> <span class='ocrx_word' id='word_1_277' title='bbox 663 4117 910 4218; x_wconf 76' lang='grc' dir='ltr'>γεγραμμένον</span> <span class='ocrx_word' id='word_1_278' title='bbox 933 4119 1085 4197; x_wconf 83' lang='grc' dir='ltr'>ἐνταῦθα</span> <span class='ocrx_word' id='word_1_279' title='bbox 1110 4119 1277 4224; x_wconf 84' lang='grc' dir='ltr'>Γενόμενος</span> <span class='ocrx_word' id='word_1_280' title='bbox 1306 4121 1347 4198; x_wconf 83' lang='grc' dir='ltr'>αὖ</span> <span class='ocrx_word' id='word_1_281' title='bbox 1375 4119 1527 4221; x_wconf 86' lang='grc' dir='ltr'>γενητόν</span> 
     </span>
     <span class='ocr_line' id='line_1_32' title="bbox 327 4237 1586 4347; baseline 0.007 -30"><span class='ocrx_word' id='word_1_282' title='bbox 327 4241 492 4338; x_wconf 90' lang='grc' dir='ltr'>σημαίνει</span> <span class='ocrx_word' id='word_1_283' title='bbox 511 4238 574 4320; x_wconf 82' lang='grc' dir='ltr'>τόν</span> <span class='ocrx_word' id='word_1_284' title='bbox 591 4239 690 4336; x_wconf 85' lang='grc' dir='ltr'>Υῖόν,</span> <span class='ocrx_word' id='word_1_285' title='bbox 710 4237 834 4342; x_wconf 81' lang='grc' dir='ltr'>ὥσπερ</span> <span class='ocrx_word' id='word_1_286' title='bbox 855 4242 949 4338; x_wconf 85' lang='grc' dir='ltr'>ὑμεῖς</span> <span class='ocrx_word' id='word_1_287' title='bbox 969 4241 1137 4346; x_wconf 79' lang='grc' dir='ltr'>νομίζετε·</span> <span class='ocrx_word' id='word_1_288' title='bbox 1177 4247 1206 4322; x_wconf 90' lang='grc' dir='ltr'>εί</span> <span class='ocrx_word' id='word_1_289' title='bbox 1224 4241 1289 4342; x_wconf 75' lang='grc' dir='ltr'>μίν</span> <span class='ocrx_word' id='word_1_290' title='bbox 1308 4241 1380 4347; x_wconf 80' lang='grc' dir='ltr'>γὰρ</span> <span class='ocrx_word' id='word_1_291' title='bbox 1397 4243 1526 4330; x_wconf 81' lang='grc' dir='ltr'>ἅπλῶς</span> <span class='ocrx_word' id='word_1_292' title='bbox 1542 4285 1586 4340; x_wconf 87' lang='lat'>30</span> 
     </span>
    </p>
   </div>
   <div class='ocr_carea' id='block_1_6' title="bbox 328 4483 1528 4619">
    <p class='ocr_par' dir='ltr' id='par_1_6' title="bbox 328 4483 1528 4619">
     <span class='ocr_line' id='line_1_33' title="bbox 363 4483 1528 4565; baseline 0.011 -29"><span class='ocrx_word' id='word_1_293' title='bbox 363 4502 389 4548; x_wconf 85' lang='lat'>4.</span> <span class='ocrx_word' id='word_1_294' title='bbox 408 4483 467 4538; x_wconf 86' lang='lat' dir='ltr'>Hoc</span> <span class='ocrx_word' id='word_1_295' title='bbox 480 4485 598 4540; x_wconf 76' lang='lat' dir='ltr'><strong>scholion</strong></span> <span class='ocrx_word' id='word_1_296' title='bbox 613 4503 627 4540; x_wconf 80' lang='lat' dir='ltr'>e</span> <span class='ocrx_word' id='word_1_297' title='bbox 640 4487 714 4541; x_wconf 85' lang='lat' dir='ltr'>Maio</span> <span class='ocrx_word' id='word_1_298' title='bbox 726 4497 752 4542; x_wconf 80' lang='lat' dir='ltr'>et</span> <span class='ocrx_word' id='word_1_299' title='bbox 766 4487 901 4544; x_wconf 79' lang='lat' dir='ltr'>Cramero.</span> <span class='ocrx_word' id='word_1_300' title='bbox 1000 4489 1025 4545; x_wconf 91' lang='lat'>6.</span> <span class='ocrx_word' id='word_1_301' title='bbox 1044 4489 1087 4562; x_wconf 78' lang='grc' dir='ltr'>τό]</span> <span class='ocrx_word' id='word_1_302' title='bbox 1102 4495 1116 4544; x_wconf 88' lang='grc' dir='ltr'>ὁ</span> <span class='ocrx_word' id='word_1_303' title='bbox 1129 4509 1265 4562; x_wconf 72' lang='lat' dir='ltr'>perperam</span> <span class='ocrx_word' id='word_1_304' title='bbox 1278 4491 1306 4546; x_wconf 90' lang='lat' dir='ltr'>b.</span> <span class='ocrx_word' id='word_1_305' title='bbox 1398 4512 1439 4550; x_wconf 86' lang='lat'>11.</span> <span class='ocrx_word' id='word_1_306' title='bbox 1458 4517 1528 4565; x_wconf 79' lang='grc' dir='ltr'>γνω-</span> 
     </span>
     <span class='ocr_line' id='line_1_34' title="bbox 328 4552 750 4619; baseline 0.021 -15"><span class='ocrx_word' id='word_1_307' title='bbox 328 4552 398 4619; x_wconf 86' lang='grc' dir='ltr'>ρίσει</span> <span class='ocrx_word' id='word_1_308' title='bbox 411 4553 437 4607; x_wconf 89' lang='lat' dir='ltr'>b.</span> <span class='ocrx_word' id='word_1_309' title='bbox 548 4573 588 4608; x_wconf 84' lang='lat'>12.</span> <span class='ocrx_word' id='word_1_310' title='bbox 604 4556 644 4609; x_wconf 89' lang='grc' dir='ltr'>ότι</span> <span class='ocrx_word' id='word_1_311' title='bbox 657 4575 710 4612; x_wconf 88' lang='lat' dir='ltr'>om.</span> <span class='ocrx_word' id='word_1_312' title='bbox 723 4559 750 4614; x_wconf 82' lang='lat' dir='ltr'>b.</span> 
     </span>
    </p>
   </div>
   <div class='ocr_carea' id='block_1_7' title="bbox 0 0 1655 5130">
    <p class='ocr_par' dir='ltr' id='par_1_7' title="bbox 0 0 1655 5130">
     <span class='ocr_line' id='line_1_35' title="bbox 0 0 1655 5130; baseline 0 0"><span class='ocrx_word' id='word_1_313' title='bbox 0 0 1655 5130; x_wconf 95' lang='lat' dir='ltr'> </span> 
     </span>
    </p>
   </div>
  </div>
 </body>
</html>
