3284 5130
149 341 266 410 ηαδ.
323 341 381 408 ΙΝ
411 340 728 407 8.]ΟΑΝΝΕΜ.
774 340 870 406 LIB.
894 339 974 406 XII.
1019 341 1173 407 CARI.
1286 344 1345 408 151

148 512 267 605 σιῦμα,
296 507 465 590 σκιοειδές
492 541 529 586 τε
558 508 617 586 καὶ
649 505 775 608 ἀέριον,
809 505 896 608 ὅπερ
927 506 1005 590 ἔθος
1035 508 1133 586 τισὶν
1165 505 1347 611 ὀνομάζειν

147 628 393 728 πνευματικὸν,
422 631 505 710 ἀλλ’
526 627 612 709 αῦτὸ
640 628 684 728 δὴ
711 638 818 710 τοῦτο
845 626 888 708 τὸ
915 628 1139 731 ἐσπαρμένον
1160 632 1199 710 ἐν
1226 635 1346 736 φθορᾷ
1395 645 1472 696 10⁰r·
1514 715 1517 720 ,

148 751 239 832 κατὰ
277 751 342 853 τὴν
378 762 442 834 τοῦ
481 750 632 834 Παύλου
665 751 790 856 φωνην
822 751 1019 832 διαναστάν
1050 753 1271 854 πιστεύηται,
1300 751 1346 832 τὸ
1391 726 1433 762 xv.
1447 725 1518 776 μ’

148 875 291 974 σώματι
309 878 492 979 πρέποντα
512 883 564 985 τῷ
586 883 697 980 παχεῖ
716 874 865 978 δέδρακέ
883 910 922 956 τε
941 881 999 955 καὶ
1018 875 1179 981 δέδειχευ.
1208 879 1344 978 ἀποδη-

34 1075 38 1086 ,
115 997 257 1099 ὅμήσει
283 1000 399 1102 γεμῆν
417 1002 480 1080 οῦκ
507 999 579 1080 ἀπὸ
604 1007 668 1080 τοῦ
692 999 890 1102 πρέποντος
914 1008 1097 1100 λογισμοῦ
1118 998 1160 1080 τὸ
1183 1006 1293 1081 είπεῖν
1308 1003 1346 1080 έν

149 1124 285 1227 ἀρχαῖς,
308 1124 350 1202 οῦ
378 1133 554 1204 τοσοῦτον
581 1126 784 1222 ἀπιστῆσαι
811 1121 870 1202 διὰ
897 1121 1042 1225 γνιὸμης
1069 1111 1256 1204 ἀσθένειαν
1282 1125 1348 1205 τὸν

149 1242 321 1350 μακάριον
360 1246 534 1348 μαθητὴν,
567 1247 657 1328 ὁσον
697 1248 736 1327 ἐκ
767 1247 991 1350 περιχαρείας
1021 1249 1085 1345 τῆς
1117 1246 1211 1348 ἀγαν
1240 1255 1346 1330 τοῦτο

149 1374 285 1450 παθεῖν.
321 1368 521 1470 ἀκηκόαμεν
537 1369 609 1473 γὰρ
630 1377 695 1450 τοῦ
717 1369 892 1473 μακαρίου
911 1367 1118 1475 φάσκοντος
1138 1375 1260 1451 Λουκᾶ
1287 1375 1379 1452 καὶὸ

149 1496 229 1597 περὶ
266 1500 338 1574 τῶν
369 1494 496 1574 ἄλλων
528 1492 697 1574 ἀπάντων
726 1492 784 1573 ὁτι
820 1504 841 1542 “
859 1491 1108 1574 ἀπιστούντων
1140 1494 1257 1574 αὐτῶν
1287 1497 1345 1575 καὶ
1391 1498 1515 1629 ξηξωχ

97 1651 136 1698 ιο.
151 1626 172 1663 “
189 1616 439 1720 θαυμαζὸυτων
467 1615 540 1698 ἀπὸ
568 1621 631 1716 τῆς
663 1617 807 1722 χαρᾶς.”
851 1617 977 1696 οὐκοῦν
1006 1615 1048 1696 τὸ
1077 1615 1272 1714 θαυμάσαι,
1300 1617 1347 1698 τὸ

148 1742 205 1820 ἐπὶ
233 1746 276 1846 τῇ
303 1742 424 1822 πίστει
449 1741 583 1843 βράδος
607 1747 680 1825 τοῖς
704 1744 879 1841 μαθηταῖς
903 1737 1128 1844 ἐνειργάζετο.
1163 1741 1281 1841 ἐπειδὴ
1308 1740 1345 1822 δὲ

149 1862 278 1942 λοιπὸν
297 1862 576 1969 ἀπροφάσιστος
600 1860 645 1962 ἦν
669 1870 744 1948 τοῖς
766 1866 900 1967 ὁρῶσιν
917 1864 940 1964 ἡ
960 1863 1120 1961 ἀπιστία,
1139 1865 1346 1949 ἀκολούθως

149 1986 170 2066 ὁ
187 1985 358 2090 μακάριος
376 1992 510 2085 Θωμᾶς
535 1982 733 2091 ὀρθοτάτην
752 1989 805 2067 ἐπ’
825 1989 921 2096 αύτῷ
945 1986 1011 2087 τὴν
1029 1988 1227 2090 ὁμολογίαν
1247 1991 1343 2068 ε’ποι-

149 2117 220 2189 εῖτο
249 2111 367 2212 λέγων
398 2110 443 2191 ‘0
473 2109 589 2218 Κύριίς
617 2147 682 2216 μου
712 2119 771 2191 καὶ
802 2120 817 2193 ί
846 2114 932 2196 Θιίς
963 2148 1039 2213 μου.
1078 2118 1130 2218 τῷ
1157 2110 1230 2214 γὰρ
1255 2109 1346 2192 κατά

94 2255 135 2314 ¹5
150 2233 263 2336 φύσιν
283 2235 405 2340 Κυρίιρ
428 2234 487 2313 καὶ
510 2232 552 2313 τὸ
578 2233 668 2314 κατά
691 2231 838 2315 πάντων
856 2234 972 2339 ἔχοντι
999 2233 1127 2337 κράτος
1152 2235 1347 2337 παρέπαιτο

150 2355 193 2437 ἀν
212 2359 357 2458 ἀληθῶς
382 2391 421 2437 τε
449 2360 508 2437 καὶ
529 2356 824 2460 ὁμολογουμένως
850 2363 908 2438 καὶ
935 2357 978 2438 τὸ
1005 2354 1092 2437 εἶναι
1111 2361 1195 2464 Θεῷ
1222 2355 1346 2462 ὥσπερ

149 2481 211 2560 οῦν
229 2479 350 2580 ἀμέλει
370 2484 427 2560 καὶ
446 2487 497 2589 τῷ
516 2479 740 2588 κατὰφύσιν
760 2487 843 2592 Θεῷ
861 2479 1003 2584 προσὸν
1022 2483 1137 2588 ὁρῷτο
1156 2479 1200 2581 δὴ
1217 2516 1377 2566 παντε-ο

149 2610 224 2688 λοῦς
251 2607 308 2710 καὶ
337 2603 380 2684 τὸ
407 2611 479 2684 τιῦν
498 2603 595 2685 ὁλων
614 2605 789 2685 δύνασθαι
815 2611 964 2708 κρατεῖν,
983 2607 1041 2684 καὶ
1066 2602 1133 2704 τὴν
1151 2607 1214 2703 τῆς
1231 2605 1346 2708 κυριό-

149 2761 254 2828 τητος
272 2727 496 2833 ἀμπέχεσθαι
515 2728 639 2835 δόξαν.

95 2871 135 2912 ²0
204 2849 461 2954 Ἐπιτηρητέον
489 2849 527 2930 δὲ
555 2852 610 2931 ὁτι
636 2853 836 2953 μοναδικῶς
854 2854 913 2932 καὶ
940 2849 1153 2955 σννάρθρως
1168 2849 1213 2932 ‘0
1237 2849 1346 2958 Κύριίκ

149 3011 215 3079 μου
234 2978 329 3082 φησὶ
355 2983 414 3056 καὶ
439 2984 453 3057 ὁ
481 2977 567 3061 Θείς
594 3012 673 3081 μου.
709 2975 751 3054 οῦ
778 2973 850 3080 γὰρ
873 2977 999 3059 ἁπλῶς
1027 2975 1097 3081 ἔφη
1118 2973 1249 3079 Κύριός
1276 3009 1347 3070 μου

151 3101 210 3177 καὶ
238 3097 329 3181 Θεὸς
356 3133 436 3196 μου,
454 3098 512 3178 ἵνα
538 3097 588 3199 μή
617 3133 670 3183 τις
698 3098 812 3199 οίηται
841 3101 921 3180 καθ’
951 3099 1143 3200 ὁμοιότητα
1169 3098 1235 3198 τὴν
1261 3099 1346 3197 ἡμε-

151 3219 256 3323 τέραν
283 3221 394 3325 ἤγουν
416 3228 489 3302 τιῦυ
513 3223 626 3323 ἁγίων
651 3217 820 3324 ἀγγέλων
836 3222 956 3327 κύριον
974 3220 1082 3303 αῦτὸν
1100 3226 1263 3324 εἰρῆσθαι
1288 3224 1346 3301 καὶ

152 3343 258 3424 Θεὸν·
306 3347 441 3425 πολλοὶ
468 3343 540 3448 γάρ
567 3348 605 3425 ε’ν
632 3347 770 3454 οὐρανῷ
803 3349 860 3426 καί
891 3349 948 3426 ἐπὶ
980 3349 1048 3448 γῆς
1080 3345 1196 3450 κύριοί
1221 3379 1260 3425 τε
1288 3347 1346 3423 καὶ
1391 3353 1476 3480 23⁰2·

97 3492 136 3552 25
152 3471 234 3566 θεοὶ,
267 3466 427 3570 καθάπερ
460 3471 480 3548 ὁ
512 3467 632 3575 σοφὸς
668 3470 760 3568 ἡμᾶς
791 3467 930 3576 ἐδίδαξε
965 3474 1126 3554 Παῦλος·
1165 3470 1249 3548 ἀλλ’
1285 3467 1347 3547 ἕνα

153 3591 287 3694 Κύρων
322 3591 430 3672 αῦτὸν
462 3596 579 3676 ίδικῶς
615 3598 674 3672 καὶ
711 3589 817 3690 Θεὸν,
851 3594 899 3677 ὡς
931 3595 970 3672 ἐκ
1007 3601 1071 3672 τοῦ
1103 3591 1195 3672 κατὰ
1233 3589 1347 3697 φύσιν

152 3717 286 3817 Κυρίου
313 3719 371 3794 καὶ
395 3720 490 3795 Θεοῦ
516 3715 729 3818 γεννηθέντα
756 3716 902 3819 Πατρός
928 3715 974 3796 ‘O
1005 3716 1119 3822 Κύριίς
1145 3752 1210 3820 μου
1240 3723 1300 3795 καὶ
1330 3722 1345 3794 ὁ

149 3843 234 3926 Θιίς
261 3877 327 3945 μου
350 3841 455 3944 φησὶ,
474 3841 532 3919 καὶ
555 3837 597 3918 τῦ
623 3839 674 3919 ἔτι
701 3840 819 3943 μεῖζον
837 3845 886 3924 είς
913 3837 1148 3943 παράστασιν
1167 3836 1380 3937 ἀληθείας,ᾱ

148 3961 275 4062 ἀκήκοε
301 3970 407 4042 τοῦτο
431 3961 600 4066 λέγοντος
625 3962 793 4066 ὁΣωτὴρ
817 3972 881 4043 τοῦ
906 3965 994 4043 ἰδίου
1018 3968 1192 4061 μαθητοῦ,
1214 3967 1342 4041 διακει-

91 4121 133 4179 30
148 4087 313 4184 μένοντε
338 4088 397 4167 καὶ
421 4089 700 4171 πεπιστευκότος
718 4087 772 4166 ὁτι
801 4084 844 4184 δι)
873 4083 964 4165 κατὰ
982 4083 1153 4184 ἀλήθειαν
1171 4087 1191 4163 ὁ
1213 4082 1347 4185 Κύριός

148 4243 186 4289 τε
214 4206 321 4295 αι’πὸς
349 4207 501 4315 ῦποίρχοι
529 4214 587 4290 καὶ
610 4213 630 4289 ὁ
650 4207 754 4306 Θεὸς,
773 4211 858 4290 ἀλλ’
878 4210 1042 4308 ἐπιτιμᾶν
1061 4209 1124 4287 οῦκ
1149 4203 1237 4314 ᾤετο
1259 4208 1343 4286 δεῖν.

185 4389 211 4430 2.
229 4372 405 4442 ι’νσπορμίνον
418 4373 451 4428 Ε.
488 4373 616 4429 voluitne
628 4371 836 4444 ένιοπορμένονί
956 4390 982 4437 ⁴·
1000 4369 1125 4494 {effuant
1140 4372 1200 4442 (pro
1213 4372 1299 4438 more)
1313 4368 1347 4426 Ε.

151 4459 193 4514 17.
234 4447 246 4460 '
261 4443 323 4498 EAE.
338 4443 390 4498 Ed.
403 4443 566 4514 mgstd.
703 4460 744 4498 21.
764 4445 961 4512 danumptum
974 4457 1007 4494 ex
1046 4481 1052 4496 .
1186 4439 1228 4495 26.
1247 4437 1345 4512 ίδικῶς]

147 4512 411 4656 γρὲχῖωῗγελῖἆὲιως.
424 4514 470 4568 sed
483 4525 586 4585 praeter
598 4531 653 4568 rem
666 4523 698 4568 ut
710 4511 765 4568 vid.
778 4513 864 4569 ίδικῦς
876 4511 955 4566 habet
969 4510 998 4566 F.
1118 4523 1161 4581 27.
1180 4511 1347 4624 γεννηθέντος
