3284 5130
132 367 192 412 xx.
208 349 326 434 26,27.
371 351 430 416 IN
460 351 773 419 S.JOANNEM.
819 353 1021 421 LIB.XII.
1056 355 1204 423 CARI.
1273 351 1335 426 14⁷

130 519 200 590 τοῦ
238 514 408 613 σώματος
443 514 647 597 ἀνάστασιν
684 516 834 599 ἔσεσθαι
871 522 1090 621 προσδοκᾶν,
1127 526 1156 600 εἰ
1192 520 1242 622 μῆ
1281 521 1370 611 &ab

129 641 262 714 πᾶσαν
280 638 536 740 ἀποβεβληκός
559 639 746 722 ἀσθένειάν
763 675 801 722 τε
821 645 878 722 καὶ
900 643 1044 740 ἀτιμίαν
1061 642 1127 743 τῆν
1145 642 1217 724 ἀπὸ
1236 651 1330 750 φθο-

128 765 200 860 ρᾶς
230 764 288 840 καὶ
317 769 456 854 παθῶν,
488 769 536 847 είς
569 760 635 862 τὴν
664 763 709 870 ἐξ
735 767 848 869 ἀρχῆς
877 768 1129 869 ἀναδραμεΐται
1161 769 1330 868 ποίησιν;

129 884 323 983 πεποίηται
351 885 422 988 γὰρ
451 889 515 966 οὐκ
537 889 594 967 ε’πὶ
612 886 756 993 θανάτῳ
782 889 839 966 καὶ
864 893 996 996 φθορᾷ.
1033 889 1151 988 ἐπειδὴ
1179 889 1217 971 δέ
1243 891 1335 995 πρὸς

93 1027 114 1090 5
130 1010 387 1112 πληροφορίαν
405 1013 510 1111 σαφῆ
533 1010 591 1088 καὶ
609 1017 715 1088 τοῦτο
733 1005 909 1115 ἐξῄτησεν
928 1013 949 1089 ὁ
968 1017 1114 1109 Θωμᾶς,
1134 1015 1334 1113 ἀναγκαίως

130 1129 154 1207 ὁ
178 1130 309 1232 Κύριος
336 1131 437 1230 ἡμῶν
454 1134 597 1232 Ἰησοῦς
621 1131 823 1236 όΧριστὸς
849 1132 1039 1239 πρόφασιν
1067 1138 1232 1235 οὐδεμίαν
1256 1146 1334 1223 ταῖς

131 1252 318 1355 ἡμετέραις
348 1256 612 1359 ὀλιγοπιστίαις
643 1254 808 1354 ἐνδιδοὺς,
836 1258 884 1340 ὡς
915 1256 1085 1360 ἐζήτησεν
1116 1265 1210 1358 ἰδεῖν,
1241 1263 1334 1342 οὕτω

131 1378 193 1456 καὶ
218 1378 392 1481 φαίνεται,
410 1381 538 1460 έπείτοι
567 1383 625 1459 καὶ
648 1387 698 1464 είς
725 1379 835 1460 αὐτὸν
853 1382 1057 1478 ἀναβαίνων
1084 1382 1147 1462 τὸν
1171 1383 1334 1486 οὐρανὸν,

132 1502 193 1580 καὶ
219 1499 400 1604 γνωρίζων
418 1510 494 1584 ταῖς
522 1502 596 1582 ἀνω
617 1501 823 1601 δυνάμεσιν,
847 1506 972 1608 ἀρχαῖς
994 1538 1034 1584 τε
1057 1506 1116 1585 καὶ
1139 1505 1364 1613 ε’ξουσίαις,α

78 1655 120 1706 το
133 1627 193 1704 καὶ
220 1632 294 1709 τοῖς
321 1632 394 1705 τῶν
417 1627 619 1728 ἀγγελικῶν
641 1625 835 1727 ταγμάτων
862 1624 1106 1730 προεστηκόσι
1134 1633 1193 1709 καὶ
1220 1663 1330 1732 προε·

134 1747 309 1848 δρειίονσι,
328 1756 393 1829 τοῦ
417 1750 499 1828 καθ’
527 1745 653 1828 ἑαυτὸν
674 1751 876 1854 μυστηρίου
900 1750 966 1851 τὴν
989 1750 1149 1850 δυ’νιιμιν,
1174 1755 1212 1832 έν
1237 1754 1334 1861 αὐτῷ

134 1868 179 1970 δῆ
205 1870 320 1980 τούτῳ
348 1872 546 1978 διεφαίνετο
573 1871 758 1981 πάλιντῴ
785 1873 958 1978 σχήματι,
977 1874 1034 1954 ἵνα
1062 1873 1106 1975 δῆ
1134 1878 1192 1955 καὶ
1221 1875 1333 1960 ὄντως

134 1991 325 2097 ἄνθρωπόν
343 2031 382 2077 τε
410 1994 577 2098 γενέσθαι
605 1997 647 2076 δι’
668 1995 760 2094 ἡμᾶς
787 1995 1020 2076 πιστεύσειαν
1041 1995 1108 2078 τὸν
1129 2000 1168 2078 έκ
1188 1996 1333 2102 Πατρός

133 2151 172 2197 τε
201 2120 259 2198 καὶ
286 2120 324 2199 ἐν
350 2123 468 2224 Πατρὶ
494 2115 627 2220 Λόγον,
655 2121 713 2198 καὶ
743 2123 861 2197 εἰδεῖεν
891 2118 947 2200 ότι
973 2119 1154 2221 τοσαύτην
1182 2130 1333 2204 ποιεῖται

82 2273 121 2337 ¹5
135 2247 207 2321 τῶν
235 2241 331 2323 ἰδίων
359 2240 567 2340 κτισμάτων
593 2240 659 2338 τῆν
686 2237 868 2342 πρόνοιαν,
897 2245 947 2327 ὡς
977 2245 1035 2344 καὶ
1069 2248 1133 2342 τῆς
1161 2242 1333 2349 ἡμετέρας

133 2366 368 2468 προτεθνάναι
396 2365 497 2468 ζωῆς.
539 2363 628 2467 ὑπὲρ
652 2362 689 2444 δὲ
712 2371 776 2443 τοῦ
804 2365 1036 2471 σαφεστέραν
1063 2368 1231 2468 γενέσθω
1258 2376 1333 2452 τοῖς

134 2486 367 2591 ἀκροωμένοις
390 2497 454 2568 τοῦ
476 2487 589 2592 λόγου
614 2487 681 2585 τῆν
699 2484 859 2586 δύναμιν,
879 2487 969 2567 αι’πά
987 2487 1190 2592 παραθήσω
1209 2488 1256 2570 τά
1273 2490 1366 2571 διάᾱ

133 2616 257 2717 φωνῆς
274 2610 434 2692 Ἠσαίου
455 2615 536 2714 περὶ
557 2610 693 2692 τούτων
712 2612 830 2690 αὐτῶν
847 2612 1022 2715 εἰρημένα.
1061 2612 1158 2714 λέγει
1180 2645 1329 2717 τοιγαρ·

134 2741 197 2812 οῦν
215 2743 238 2782 “
252 2735 317 2820 Τίς
340 2735 442 2820 οὗτος
460 2737 481 2814 ὁ
498 2733 780 2839 παραγινόμενος
799 2734 843 2841 ἐξ
855 2731 989 2832 Ἐδάιμ,
1009 2735 1165 2836 ἐρύθημα
1184 2736 1331 2833 ἱματίων
1375 2753 1492 2807 mlxiii.

81 2887 122 2934 νο
135 2868 156 2906 “
173 2860 282 2939 αὐτοῦ
310 2862 349 2938 ἐκ
377 2856 503 2964 Βοσόρ
518 2861 551 2955 ;”
581 2861 664 2938 ἀλλ’
685 2864 717 2939 οἱ
745 2867 860 2939 ταῦτα
885 2864 1042 2954 βοῶντες
1069 2862 1127 2938 καὶ
1155 2858 1330 2961 λέγοντες,
1377 2832 1398 2872 ¹⁸

134 2986 227 3088 φημὶ
247 2981 290 3084 δῆ
308 2981 350 3064 τό
368 2982 434 3067 Τίς
452 2982 555 3066 οὗτος
573 2983 593 3061 ὁ
614 2980 896 3084 παραγινόμενος
923 2982 967 3089 ἐξ
981 2980 1115 3080 Ἐδὼμ,
1144 2983 1332 3064 τουτέστιν

133 3106 173 3184 έκ
190 3109 266 3206 γῆς,
285 3106 436 3209 ἄγγελοι
461 3107 519 3186 καὶ
538 3103 699 3204 δυνάμεις
719 3108 789 3185 εἰσὶ
811 3105 966 3209 λογικαί·
996 3107 1237 3200 ἀναβαίνοντα
1258 3105 1331 3212 γάρ

133 3227 374 3331 θαυμάζουσιν
405 3235 454 3314 εἰς
485 3226 653 3331 οὐρανοὺς
678 3227 743 3308 τὸν
777 3227 924 3331 Κύριον.
969 3226 1080 3328 μόνον
1108 3227 1147 3308 δὲ
1174 3231 1252 3335 οὐχὶ
1279 3236 1331 3339 τῷ

133 3353 210 3459 ίδίιρ
237 3352 513 3460 πεφοινιγμένον
540 3351 662 3451 αἵματι
689 3348 894 3449 βλίττοντες,
914 3349 1064 3452 λέγουσι
1091 3349 1183 3454 πρὸς
1212 3351 1330 3451 αὑτὸν,

80 3505 120 3570 ο5
133 3477 232 3556 οὕτω
250 3473 416 3560 συνέντες
442 3474 485 3556 τὸ
508 3473 708 3579 μυστήρων
736 3475 876 3554 “Διατί
891 3507 961 3555 σου
978 3473 1110 3578 έρυθρά
1133 3474 1180 3555 τά
1198 3475 1329 3576 ἱμάτια,
1374 3499 1415 3552 1b.
1424 3514 1448 3552 ι.

134 3609 156 3647 “
174 3603 232 3680 καὶ
259 3599 305 3682 τά
331 3596 509 3697 ένδιίματά
530 3633 600 3678 σου
618 3602 666 3682 ὡς
685 3595 757 3678 ἀπὸ
780 3606 941 3698 πατητοῦ
967 3607 1079 3700 ληνοῦ
1091 3601 1127 3694 ;”
1156 3598 1240 3706 οἴνῳ
1257 3598 1359 3702 γάρο

132 3721 297 3823 μάλιστα
328 3729 380 3830 τῷ
413 3721 480 3830 νέιρ
513 3727 571 3801 καὶ
603 3720 683 3823 ἄρτι
715 3720 951 3829 πεπατημένιρ
986 3720 1052 3821 τὴν
1083 3729 1148 3803 τοῦ
1181 3723 1330 3822 αἵματος

132 3848 297 3951 εὔχροιαν
323 3843 617 3949 παραβάλλουσι.
657 3847 715 3924 καὶ
743 3844 781 3923 τί
806 3843 897 3947 πρδς
929 3843 1057 3930 αὐτοὺς
1090 3846 1109 3924 δ
1137 3843 1325 3947 Χριστόςς

131 3975 276 4072 πρῶτον
299 3968 363 4068 μὲν
381 3968 438 4048 ἵνα
458 3970 580 4066 νοῆται
599 3966 689 4047 κατὰ
709 3965 823 4074 φάσιν
848 3968 1018 4073 ίτιτάρχων
1037 3964 1130 4052 Θεός
1154 3978 1176 4014 “
1189 3963 1326 4068 Ἐγὼ,”
1371 3999 1412 4051 ω.
1423 4014 1445 4052 ι.

81 4117 121 4179 30
134 4093 239 4199 φησὶ,
258 4102 280 4139 “
290 4089 502 4192 διαλέγομαι
521 4089 781 4191 δικαιοσύνην,”
800 4085 843 4170 τό
861 4089 1085 4193 Διαλέγομαι
1105 4087 1231 4187 πάλιν,
1251 4091 1329 4171 ἀντὶ

171 4379 196 4438 7.
213 4365 336 4436 ἐζήτησεν
348 4365 380 4420 E.
395 4363 456 4421 Sev.
469 4365 595 4436 ι’ξῆτησιν
608 4364 659 4421 Ed.
754 4363 850 4435 26-p.
862 4363 921 4432 148,
936 4379 977 4418 10.
992 4361 1066 4418 Hanc
1078 4363 1141 4418 citat
1154 4361 1255 4418 Cutem
1265 4362 1327 4434 pul·

133 4436 265 4492 cherrima
276 4437 304 4491 in
316 4447 432 4510 quatuor
462 4437 586 4508 ropham
602 4437 630 4492 in
642 4436 708 4491 bibl.
722 4435 751 4492 S.
761 4435 918 4490 Laurentiae
931 4433 1083 4488 florentina
1095 4433 1180 4505 (le.
1193 4451 1219 4489 v.
1232 4437 1262 4506 9)
1274 4449 1328 4489 nec.

133 4527 161 4563 x.
174 4509 219 4563 fol.
232 4523 259 4563 ιι
293 4525 319 4571 v,
332 4507 383 4562 sub
395 4455 474 4561 tituYo
487 4508 612 4588 κορίλλορ
623 4507 652 4561 ίκ
663 4509 711 4562 τοῦ
722 4506 785 4562 κατδ
796 4507 893 4562 λουκᾶν
904 4503 1065 4577 εὐαγγελίου.
1222 4515 1265 4577 27.
1281 4525 1328 4560 πε·

134 4521 281 4651 mmm}
299 4585 326 4642 4
341 4578 370 4633 έν
381 4580 418 4650 τῷ
429 4579 499 4650 ληνηῖ
514 4577 574 4633 Cat.
587 4585 632 4632 cit.
