3284 5130
139 362 329 430 xx.22‚23.
375 342 431 408 IN
463 343 497 407 S.
517 339 919 408 JOANNEM.'LIB.
936 341 1016 407 XII.
1061 342 1162 406 CAP.
1178 341 1205 407 1.
1278 344 1338 406 131

141 517 164 556 “
182 508 313 607 κοίους,
333 507 434 588 ἀλλά
461 505 695 611 ἁμαρτωλοὺς
720 513 768 592 εἰς
793 506 1012 608 μετάνοιαν,”
1030 511 1089 586 καὶ
1113 506 1226 587 πάλιν
1244 516 1266 553 “
1280 507 1339 586 Oi»
1351 535 1372 600 d
1384 501 1483 630 {ff

141 642 164 679 “
184 633 307 736 χρείαν
344 633 490 739 ἔχουσιν
526 639 560 713 οἱ
603 633 818 734 ὑγιαίνοντες
859 639 992 736 ἰατροῦ,
1027 635 1111 712 ἀλλ’
1150 637 1183 711 οἱ
1223 639 1339 716 κακῶς

141 764 164 802 “
184 756 359 860 ἕχοντες·”
397 760 455 838 καὶ
483 757 534 837 ε”τι
560 757 651 860 πρὸς
679 757 815 842 τούτοις
842 754 929 838 ποτὲ
957 756 1021 854 μέν
1040 767 1061 802 “
1073 753 1161 836 Ὅτι
1189 756 1340 852 καταβέ-
1384 757 1472 884 ξξῐζὲ
1570 751 1573 760 ’

142 890 165 928 “
182 887 280 979 βηκα
309 885 347 961 ἐκ
373 890 437 962 τοῦ
465 882 616 986 οὐρανοῦ
644 882 711 986 οὐχ
738 882 796 961 ἵνα
822 887 913 961 ποιῶ
941 878 982 960 τά
1012 878 1154 980 θέλημα
1182 878 1224 960 τὸ
1255 879 1340 976 ε’μδν

108 1015 165 1088 5“
183 1004 285 1084 ἀλλά
302 1003 344 1085 τὸ
363 999 507 1104 θέλημα
524 1015 588 1085 τοῦ
605 1003 819 1113 πέμψαντός
844 1006 918 1105 με,”
939 1004 1025 1084 ποτὲ
1051 1003 1089 1084 δὲ
1113 1002 1226 1084 πάλιν
1245 1014 1266 1052 “
1281 1006 1339 1085 Οὐ
1384 998 1473 1116 ij¹¹¹

141 1137 164 1176 “
183 1127 256 1231 γάρ
275 1129 487 1209 ἀπέστειλεν
506 1130 526 1208 ὁ
545 1126 638 1212 Θεὸς
663 1128 727 1208 τὸν
745 1127 820 1209 υίδν
839 1130 946 1208 αὐτοῦ
972 1134 1020 1212 είς
1043 1126 1107 1208 τὸν
1125 1126 1264 1229 κόσμον
1281 1127 1340 1208 ἵνα

141 1263 164 1299 “
182 1254 285 1359 κρίνη
302 1250 366 1334 τὸν
385 1253 537 1352 κόσμον,
559 1253 643 1332 ἀλλ’
663 1254 721 1333 ἰ’να
740 1255 843 1358 σωθῇ
868 1254 888 1331 ό
911 1250 1047 1350 κόσμος
1066 1251 1108 1330 δι’
1129 1253 1272 1332 αι’ντοῦ.”
1302 1256 1340 1333 ἐν

141 1377 280 1479 ὀλίγοις
297 1385 487 1483 τοιγαροῦν
505 1385 578 1462 τοῖς
602 1376 740 1481 ῥήμασι
765 1375 811 1457 τά
834 1381 898 1475 τῆς
923 1379 1132 1475 ἀποστολῆς
1155 1377 1336 1476 ἐπιτηδεῦ-

140 1536 239 1599 ματα
272 1500 447 1598 συνελὼν,
475 1504 587 1585 οὕτως
617 1500 835 1582 ἀποστεῖλαί
863 1506 980 1606 φησιν
1007 1499 1149 1599 αὐτοῦς,
1179 1500 1368 1605 καθάπερο

92 1655 128 1694 10
140 1625 251 1704 αὐτὸν
279 1628 299 1706 ὁ
330 1625 468 1730 Πατὴρ,
497 1625 539 1705 ἵν’
564 1629 683 1706 εἰδεῖεν
710 1627 880 1722 ε’ντεῦθεν,
904 1628 951 1709 ὡς
980 1632 1101 1706 καλεῖν
1129 1624 1339 1731 ὀφείλουσιν

140 1748 379 1852 ἁμαρτωλοὺς
396 1754 444 1834 είς
461 1747 661 1849 μετάνοιαν,
676 1747 879 1852 θεραπεύειν
893 1749 930 1828 δὲ
948 1747 1029 1833 τοῦς
1048 1755 1165 1834 κακῶς
1183 1749 1340 1854 ἔχοντας,

139 1881 356 1972 σωματικάς
384 1907 421 1953 τε
445 1877 503 1954 καὶ
528 1880 782 1972 πνευματικῶς,
802 1874 839 1952 ἐν
860 1872 897 1952 δὲ
922 1880 998 1956 ταῖς
1024 1879 1097 1952 τῶν
1117 1871 1340 1976 πραγμάτων

292 1998 302 2027 Ι
406 1997 417 2025 λ
451 1997 468 2029 U

139 2007 354 2100 οὶκονομιαις
381 2033 423 2079 το
453 2000 540 2077 ιδιον
568 1999 648 2102 οὐχὶ
674 1996 817 2081 πάντως
845 1995 985 2099 θέλημα
1015 1996 1139 2101 ζητεῖν,
1166 1996 1266 2077 ἀλλά
1298 1995 1339 2078 τὸ

138 2132 205 2204 τοῦ
229 2121 523 2219 ἀποστείλαντος,
543 2118 668 2223 σώζειν
690 2155 729 2201 τε
754 2119 913 2202 καθόσον
934 2120 1109 2227 ἐνδέχεται
1134 2128 1211 2207 ταῖς
1236 2125 1335 2202 διδα-

91 2247 311 2341 ι5σκαλίαις
338 2247 402 2327 τὸν
426 2242 576 2345 κόσμον.
618 2249 678 2326 καὶ
705 2255 794 2347 γοῦν
820 2244 878 2324 διά
905 2245 1042 2324 τούτων
1065 2243 1234 2326 ἁπάντων
1257 2249 1335 2327 δια·

137 2375 288 2476 πρέπειν
321 2368 591 2473 σπουδάζοντας
623 2374 682 2450 καὶ
718 2367 844 2453 αῦτοῦς
877 2366 1073 2471 εὑρήσομεν
1103 2368 1184 2454 τοῦς
1217 2371 1339 2471 ἁγίους

137 2494 315 2596 μαθητάς,
345 2498 403 2575 καὶ
434 2495 454 2574 ὁ
484 2499 548 2594 τῆς
579 2495 830 2603 πληροφορίας
859 2490 969 2578 πόνος
1001 2495 1043 2572 οὐ
1074 2491 1190 2576 πολῦς
1217 2501 1269 2601 τῷ
1298 2529 1339 2596 γε

137 2616 243 2726 ἅπαξ
269 2618 470 2726 ε’γκιίφαντι
497 2623 542 2723 τῇ
569 2624 643 2698 τῶν
666 2616 833 2724 πράξεων
857 2623 1057 2724 συγγραφῇ
1085 2619 1143 2698 καὶ
1171 2625 1249 2702 ταῖς
1275 2624 1503 2698 rafinum„

138 2748 245 2851 ἁγίου
265 2747 417 2827 Παύλου
435 2753 584 2853 φωναῖς.

87 2989 125 3030 ²0
140 2979 202 3046 Καὶ
233 2983 330 3046 τοῦτο
361 2977 464 3046 εἰπὼν
494 2979 676 3068 ἒνεφύοιιοε
709 2979 761 3045 καὶ
797 2980 884 3055 λέγει
918 2975 1029 3046 αὐτοῖς
1055 2978 1176 3058 Λάβετε
1204 2978 1335 3055 Πνεῦμα
1350 3005 1387 3047 ιο

183 3104 307 3180 ἈΙ-ιον.
351 3104 390 3170 άν
416 3129 514 3172 τινων
541 3105 648 3192 άφάτε
674 3105 734 3172 τάς
760 3103 931 3196 ἁμαρτίας,
958 3105 1110 3192 ἀφίενται
1136 3100 1257 3171 αὐτοῖο·
1297 3103 1390 3186 άνο3

189 3253 288 3297 τινων
317 3235 468 3320 κρατεῖτε,
495 3231 721 3322 κεκράτηνται.

195 3400 396 3505 Λαμπροάς
422 3402 611 3510 ἀποφήνας
639 3407 691 3510 τῷ
718 3401 869 3510 μεγάλῳ
896 3406 960 3502 τῆς
989 3404 1199 3502 ἀποστολῆς
1224 3402 1336 3508 ἀξιό-

136 3558 236 3626 ματι,
261 3530 320 3605 καὶ
347 3532 419 3606 τῶν
447 3526 550 3606 θείων
577 3527 855 3630 θυσιαστηρίων,
885 3525 1045 3629 καθάπερ
1073 3526 1164 3634 ἔφην
1191 3528 1335 3631 ἀρτίως,

85 3673 124 3734 ²5
137 3649 345 3747 οἰκονόμους
371 3683 409 3730 τε
435 3653 493 3730 καὶ
520 3650 721 3755 ίερουργοάς
746 3651 940 3758 ἀναδείξας,
960 3649 1091 3756 ἁγιάζει
1117 3656 1370 3758 παραχρῆμαῑ)

137 3773 180 3854 τὸ
209 3772 298 3853 ’ίδιον
327 3775 445 3858 αὐτοῖς
470 3780 620 3872 Πνεῦμα
647 3773 764 3859 διδοάς
792 3776 835 3854 δι’
854 3777 1035 3883 ἐμφανοῦς
1061 3775 1335 3881 ε’μφυσήματος,

136 3898 197 3977 ἵνα
225 3901 284 3977 καὶ
311 3897 411 3997 ἡμεῖς
437 3898 621 4002 ἀραρότως
649 3898 872 3998 πιστεύωμεν
896 3903 944 3985 ὡς
969 3901 1033 3980 οῦκ
1058 3901 1254 4003 ἀλλότριον
1274 3907 1339 3979 τοῦ

137 4027 231 4102 Υὶοῦ
255 4020 297 4101 τὸ
315 4019 447 4123 Ἀγιον
467 4020 618 4121 Πνεῦμά
641 4025 752 4118 ἐστιν,
772 4023 857 4102 ἀλλ’
878 4023 1071 4123 ὁμοούσιον
1089 4025 1196 4131 αὐτῷ,
1215 4026 1273 4104 καὶ
1293 4026 1335 4103 δι’

171 4146 181 4172 2
231 4154 247 4172 n
340 4141 365 4170 ιιλ
435 4143 446 4167 ἱ
487 4147 497 4173 2
588 4154 605 4172 a
744 4143 753 4169 Ι
977 4146 1026 4176 λθ
1122 4154 1138 4171 Α
1192 4153 1200 4176 2
1285 4147 1295 4177 Ι

137 4180 248 4226 αυτον
266 4179 394 4248 προιον
412 4180 454 4226 το
479 4180 518 4226 εκ
542 4181 605 4226 του
627 4151 783 4250 Πατρος.
824 4145 933 4254 ἔδειξε
950 4152 987 4227 δε
1006 4181 1061 4228 οτι
1080 4181 1152 4230 τοις
1172 4183 1219 4232 εις
1239 4153 1336 4227 θειαν

80 4301 122 4357 30
137 4270 353 4369 ἀποστολὴν
389 4271 431 4349 δι’
467 4271 575 4351 αῦτοῦ
610 4269 930 4376 προχειριζομὲνοις
966 4273 988 4371 ἡ
1025 4279 1088 4351 τοῦ
1126 4270 1336 4371 Πνεῦματος

137 4393 242 4479 δόσις
268 4395 470 4496 ἀναγκαίως
498 4397 698 4476 ἀκολουθεῖ.
736 4398 795 4476 καὶ
823 4393 882 4474 διά
908 4396 1015 4476 ποίαν
1033 4397 1170 4491 αἱτίαυ;
1200 4397 1241 4476 οὐ
1265 4395 1337 4500 γάρ

211 4603 253 4642 22.
272 4585 449 4660 κεκράτηνται]
463 4588 505 4643 καὶ
517 4590 653 4660 κράτηντοι
668 4589 698 4644 Ε.
937 4605 1103 4661 23-p.141,
1120 4606 1150 4645 ιτ
1164 4589 1226 4643 citat
1239 4608 1264 4660 p.

713 4697 728 4742 s
746 4679 766 4730 2
