3278 5130
167 433 179 504 [
248 333 389 506 mm
495 335 537 402 Β.
559 331 748 402 ΟΥΒΠιῙιῙ
774 331 1040 400 ΑΙιΕΧΑΝΠΒ.
1066 329 1350 398 FRAGMENTA
1451 329 1529 414 i.9.

192 449 239 490 no

324 509 496 616 κοόρημα,
513 515 571 594 καὶ
599 511 643 614 δὴ
667 513 727 594 καὶ
749 513 892 615 ε’ροῦσιν
919 513 968 596 ὡς
993 509 1121 590 ἐνόσει
1146 515 1192 614 τῇ
1217 507 1310 611 πρός
1328 505 1426 590 θεόν
1451 505 1555 606 τὴν·

324 638 388 734 τῆς
412 635 504 717 κατὰ
522 635 636 743 φῦσιν
653 632 819 736 θεότητος
842 636 1077 738 περικείσεται
1094 631 1218 740 δόξαν.
1253 630 1425 732 ὁμολόγει
1441 632 1525 711 τοί·

325 791 389 838 νυν
414 761 533 859 ἀληθῆ
560 757 626 858 τὴν
653 759 782 839 ἕνωσιν
809 760 867 838 καὶ
893 755 944 857 μὴ
971 756 1125 864 σαφίῷυ
1151 752 1194 835 τό
1220 759 1354 860 χρῆμα,
1378 751 1528 836 διιστὰς

323 878 389 980 μὲν
411 879 476 966 τάς
494 880 622 988 φύσεις
649 884 708 962 καὶ
735 878 804 960 ἀνά
830 879 937 983 με’ρος
965 877 1122 978 ἑκάστην
1144 883 1262 974 τιθεὶς,
1279 879 1451 981 ἀουνοφῆ
1481 909 1526 955 τε

325 1000 413 1084 εἶναι
444 1005 597 1107 θατέραν
631 1003 748 1107 λέγων
778 1006 836 1084 καὶ
864 1001 979 1103 μόνην
1005 1002 1090 1102 ἡμῖν
1116 1008 1189 1083 τῶν
1214 1000 1424 1104 προσώπων
1451 997 1562 1098 την5

323 1127 453 1208 ἕνωσιν
480 1128 544 1209 οῦκ
571 1124 637 1208 οἶδ’
661 1126 759 1213 ίτπως
781 1126 988 1234 ἐξευρηκῶς.

379 1254 558 1354 Είρῆσθαι
581 1251 699 1330 τοίνυν
720 1247 1020 1348 διαβεβσιοόμεθα
1045 1245 1137 1351 πρός
1161 1246 1225 1328 τόν
1249 1249 1288 1327 ἐκ
1306 1252 1402 1328 θεοῦ
1425 1245 1526 1326 κατὰ

324 1371 438 1477 φύσιν
464 1372 555 1454 Υίόν
579 1377 628 1457 ὡς
655 1373 738 1453 καθ’
772 1372 864 1472 ἡμᾶς
895 1367 1081 1473 γεγονότα,
1112 1370 1299 1450 τουτέστιν
1327 1370 1526 1472 ἀνθραπτον

321 1496 539 1600 Ἠγόνπησας
564 1493 766 1590 θικαιοσόιην
786 1503 846 1576 καὶ
871 1494 1039 1600 όμίσησας
1060 1496 1214 1600 ἀνομίαν,
1235 1488 1295 1573 διό
1312 1495 1404 1572 τοῦτο
1423 1491 1520 1596 ἔχρι-

323 1617 378 1700 σόν
408 1602 495 1700 n'o‘
528 1619 614 1706 Θεός
643 1627 659 1700 ι’
690 1619 776 1705 Θιός
808 1653 868 1698 σου
897 1618 1008 1698 ίλααν
1036 1614 1289 1720 ἀγαλλιάσεως
1318 1613 1418 1723 παρόν
1443 1616 1523 1701 τοὺς
1541 1655 1580 1697 10

322 1742 488 1844 μετόχους
517 1777 588 1822 σου.
629 1739 746 1841 ἐπειδὴ
775 1739 848 1844 γὰρ
875 1741 896 1819 ό
925 1745 1068 1843 πρῶτος
1100 1738 1288 1841 ἅνθρωπος
1318 1736 1385 1839 τὴν
1417 1738 1525 1818 θείειν

322 1861 525 1966 πεπότηκεν
556 1863 714 1964 ε’ντολὴν,
739 1860 814 1944 εἶτα
843 1860 1032 1962 νενόσηκεν
1063 1863 1085 1962 ἡ
1115 1862 1308 1965 ἀνθρώπου
1334 1859 1448 1967 φόσις
1474 1861 1523 1941 τό

322 1981 420 2068 πολῦ
438 1985 523 2067 λίαν
546 1985 855 2091 εὐπαρακόμιστον
881 1985 972 2089 πρός
994 1987 1179 2088 ἁμαρτίας·
1218 1984 1276 2065 διὰ
1293 1992 1400 2064 τοῦτο
1425 1984 1524 2063 κατὰ

323 2108 438 2215 φύσιν
462 2109 635 2214 ἄτρεπτος
659 2108 711 2190 ῶν
735 2112 756 2190 ό
781 2111 820 2190 ε’κ
838 2114 935 2190 Θεοῦ
954 2106 1086 2210 Λόγος,
1114 2107 1214 2212 ἀγιός
1232 2142 1271 2188 τε
1299 2110 1357 2187 καὶ
1385 2107 1523 2192 δίκαιος

322 2233 381 2312 καὶ
407 2238 526 2330 μισῶν
553 2232 620 2331 τὴν
646 2233 784 2313 ἀδικίαν
809 2234 934 2334 γε’γονε
962 2233 1046 2312 καθ’
1077 2233 1170 2332 ἡμᾶς
1194 2235 1254 2312 καὶ
1282 2228 1522 2336 κεχρημάτικε
1538 2265 1575 2322 ¹5

322 2357 461 2452 δοῦλος,
479 2357 538 2435 καὶ
553 2353 649 2436 θεόν
665 2355 898 2460 ἐπεγράψατο
917 2355 982 2435 τόν
995 2355 1143 2457 Πατέρα
1160 2353 1219 2436 διὰ
1234 2352 1278 2436 τό
1292 2354 1523 2457 ἀνθρώπινον

321 2478 436 2557 καίτοι
458 2476 551 2562 θεός
580 2475 760 2583 ῦπόρχων,
785 2481 843 2558 καί
871 2478 915 2586 ἐξ
939 2481 1047 2559 αὐτοῦ
1074 2479 1262 2582 κεχρίσθαι
1289 2477 1431 2580 λέγεται
1458 2476 1523 2557 διὰ

320 2608 384 2680 τοῦ
403 2600 530 2702 Ἀγίου
550 2601 767 2699 Πνεῦματος,
786 2602 852 2707 οόχ
870 2603 984 2709 ἑαυτῷ
1006 2599 1194 2705 δεχόμενος
1211 2609 1330 2680 τοῦτο·
1367 2603 1426 2680 καὶ
1444 2599 1522 2703 γάρ

321 2724 400 2802 ε’στι
419 2722 509 2804 κατὰ
527 2723 641 2831 φύσιν
659 2722 759 2826 ἀγιος
778 2728 826 2810 ὡς
845 2723 952 2808 θεός·
990 2721 1074 2805 ἀλλ’
1094 2723 1169 2804 οἷον
1188 2724 1232 2805 δι’
1249 2725 1375 2804 ἑαυτοῦ
1393 2757 1517 2825 προσ-

321 2844 421 2946 όγων
457 2846 549 2946 ἡμᾶς
583 2853 629 2953 τῇ
664 2847 783 2952 χοίριτι
818 2849 877 2927 καὶ
912 2847 1035 2954 ἀξίους
1069 2849 1282 2954 ἀποφαίνων
1315 2851 1379 2945 τῆς
1414 2843 1519 2948 παρά
1535 2889 1576 2930 νο

323 2967 469 3071 Πατρός
487 2969 662 3072 εὐλογίας,
680 2970 794 3050 καίτοι
820 2968 937 3051 πόλαι
960 2970 1292 3075 προσκεκρουκότας
1316 2967 1376 3049 δαί
1392 3003 1431 3049 τε
1449 2966 1519 3068 τὴν

321 3089 360 3169 ἐν
377 3088 487 3189 Ἀδὰμ
511 3090 723 3195 παράβασιν
746 3097 805 3172 καὶ
822 3090 889 3194 τὴν
912 3091 1002 3191 μετὰ
1028 3101 1135 3173 τοῦτο
1157 3091 1242 3173 καθ’
1262 3093 1363 3192 ἡμῶν
1386 3126 1518 3192 τυραν-

155 3243 271 3297 Εαιιίυ.
284 3256 309 3312 9·
322 3210 491 3311 νήσασαν
517 3214 705 3316 ἁμαρτίαν·
741 3217 833 3296 “Οό
861 3214 934 3319 γὰρ
960 3214 1136 3320 πρέσβυς,
1154 3217 1218 3296 οῦκ
1245 3216 1401 3319 ἅγγελος
1428 3216 1516 3294 ἀλλ’

322 3343 346 3382 “
364 3333 499 3419 αότός”
520 3337 541 3416 ό
561 3336 692 3439 Κύριος
711 3338 853 3418 ἔσωσεν
870 3339 975 3439 ἡμᾶς.
1010 3344 1039 3418 εὶ
1059 3339 1097 3419 δὲ
1114 3337 1159 3438 δή
1177 3373 1231 3424 τις
1255 3338 1364 3419 οἴεται
1389 3337 1453 3418 τόν
1477 3341 1519 3418 ε’κ

322 3461 418 3537 θεοῦ
437 3456 583 3562 Πατρός
603 3459 725 3561 Λόγον
743 3466 790 3544 είς
812 3462 903 3541 ἰδίαν
922 3461 1036 3568 φύσιν
1055 3461 1222 3567 δέχεσθαι
1240 3458 1305 3542 τόν
1322 3459 1516 3564 ἁγιασμόν,
1533 3485 1570 3545 25

321 3585 371 3665 εὶς
389 3578 510 3661 πλατῦ
529 3584 587 3661 καὶ
605 3581 699 3683 με’γα
716 3584 932 3688 δυσφημιῶν
950 3585 1177 3685 ἀποδημήσει
1192 3585 1365 3687 πέλαγος.
1395 3589 1424 3663 εί
1443 3583 1517 3687 γάρ

321 3703 359 3784 ἐν
377 3703 543 3809 ἐσχάτοις
562 3711 626 3784 τοῦ
643 3709 770 3790 αἰῶνος
792 3715 924 3811 καιροῖς
948 3705 1152 3813 πεπρόχθαι
1172 3707 1292 3814 φαμὲν
1309 3706 1376 3806 τὴν
1392 3707 1518 3788 ε’νθάδε

321 3826 518 3929 λεγομένην
544 3827 667 3932 χρίσιν
693 3829 772 3928 ἤτοι
803 3829 997 3932 ἁγιασμόν,
1024 3837 1102 3914 πῶς
1132 3833 1195 3911 οῦκ
1224 3830 1424 3932 ἀναγκαίως
1456 3833 1517 3910 καὶ

321 3951 388 4055 οὐχ
415 3948 559 4035 ἑκόντας
586 3952 778 4053 ὁμολογεῖν
804 3955 852 4036 ὡς
882 3955 945 4033 οῦκ
975 3951 1019 4032 ἀν
1050 3953 1103 4054 ε’ίη
1131 3951 1224 4034 κατὰ
1253 3953 1366 4060 φύσιν
1397 3955 1514 4054 ἅγιος,

320 4082 466 4170 μᾶλλον
493 4073 532 4156 δὲ
558 4074 638 4154 οῦδὲ
665 4072 766 4176 ἅγιος
794 4075 885 4156 κατά
906 4109 949 4178 γε
969 4073 1053 4162 τοῦς
1079 4080 1118 4157 ἐν
1145 4079 1239 4183 ἀρχῇ
1266 4081 1325 4159 καὶ
1351 4073 1424 4178 πρό
1452 4081 1517 4177 τῆς·
1531 4109 1572 4168 30

321 4194 474 4302 χρίσεως
491 4197 640 4302 χρόνους
657 4197 769 4300 ἤγουν
788 4198 1004 4301 ἀπεράντους
1022 4205 1153 4286 αἰῶνας
1169 4205 1226 4281 καὶ
1245 4206 1330 4305 πρὶν
1346 4201 1518 4305 γενέσθαι

358 4444 383 4485 ο.
401 4432 524 4511 ὁμολόγει
536 4431 683 4488 emendavi.
694 4431 824 4506 ᾀμολογει
836 4433 882 4490 Gr.
1017 4451 1058 4490 ιο.
1076 4434 1159 4504 ἡοω.
1173 4433 1219 4493 Cr.
1356 4451 1399 4507 ²3·
1417 4435 1518 4492 ἀλλ’-

321 4497 387 4566 ἡμᾶς
399 4500 489 4553 υαιὶιις
501 4499 651 4558 Grumum.
