3294 5150
172 425 184 492 [
209 424 267 477 m
287 425 299 493 ]
323 329 389 394 264
501 330 540 394 Β.
558 327 747 394 CYRILLI
769 327 1036 396 ALEXANDR.
1059 329 1350 433 FRAGMENTA.
1411 330 1453 396 vi.
1470 345 1520 416 15.

194 435 208 490 5
269 463 275 478 .

322 526 361 572 εν
385 491 470 592 ἡμῖν
493 494 542 576 ὡς
571 490 641 596 ζωὴ
669 494 728 572 καὶ
756 490 936 596 ζωοποιὸς,
958 491 1016 574 ἵνα
1044 492 1108 574 τὸν
1136 500 1210 578 τοῖς
1239 489 1390 593 με’λεσιν
1418 494 1521 593 ἡμῶν

321 614 578 722 ἐπισκήψαντα
596 613 751 696 θάνατον
767 615 982 721 καταργήσῃ
1000 618 1042 696 δι’
1061 620 1197 697 ἑαυτοῦ·
1228 620 1287 698 καὶ
1304 626 1410 698 τοῦτο
1427 617 1520 718 ἡμᾶς

321 737 561 819 ἀπαλλάσσει
585 744 725 846 φθορᾶς
750 742 898 819 καὶτῶν
917 747 981 821 τοῦ
1000 740 1156 820 θανάτου
1173 739 1320 846 βρόχων
1338 743 1396 821 καὶ
1414 741 1515 841 ἀμεί·

322 896 404 946 νονς
432 869 529 944 ποιεῖ
549 869 677 943 παθῶν
706 869 898 966 σαρκικῶν.
937 866 997 943 καὶ
1024 861 1199 969 δεχόμεθα
1225 862 1291 964 τὴν
1321 862 1453 966 ἅῷιμον
1481 865 1520 943 ἐν

321 985 457 1069 ἑαυτοῖς
486 987 724 1066 διδασκαλίαν
750 993 822 1066 τῷν
850 987 954 1067 θείων
983 987 1119 1089 λογίων
1146 985 1212 1086 τὴν
1241 987 1448 1092 τρέφουσαν
1476 984 1550 1076 τὸς

322 1106 543 1210 ἡγεμονικὸν,
561 1112 621 1188 καὶ
638 1107 802 1211 συζῶμεν
819 1113 983 1216 Χριστῷ,
1002 1113 1116 1208 δῆλον
1133 1108 1171 1189 δὲ
1189 1108 1244 1189 ὅτι
1261 1117 1517 1209 πνευματικῶς,

321 1232 583 1335 περιγενόμενοι
604 1239 677 1312 τῶν
694 1235 757 1331 τῆς
780 1231 917 1333 σαρκὸς
934 1234 1073 1312 παθῶν.
1113 1237 1142 1311 εί
1160 1233 1279 1346 τοίνυν
1296 1234 1401 1317 αὐτός
1418 1235 1519 1312 ἐστιν

322 1355 380 1455 “vj
400 1355 542 1460 κεφαλὴ
561 1363 624 1435 τοῦ
642 1354 812 1453 σώματος
829 1359 894 1454 τῆς
912 1356 1134 1454 ἐκκλησίας,”
1154 1355 1252 1454 ἡμεῖς
1270 1355 1339 1459 ἄρα
1357 1355 1467 1453 ἐσμὲν
1485 1359 1519 1436 οί

322 1480 402 1558 καθ’
423 1478 559 1558 ἕκαστα
579 1473 687 1578 μίλη·
723 1477 809 1558 ὅταν
835 1478 897 1557 οὖν
921 1483 970 1562 εἰς
999 1476 1154 1562 ἀτόπους
1183 1477 1311 1577 ἡδονὰς
1341 1479 1517 1560 καταπεπ-

321 1635 448 1699 τωμεν,
463 1599 544 1681 τότε
562 1600 607 1700 δὴ
625 1599 706 1681 τότε
722 1600 1036 1701 πλημμελήσομεν
1047 1607 1096 1685 εὶς
1109 1599 1227 1698 αὐτὸν,
1241 1601 1283 1680 οὗ
1296 1607 1355 1682 καὶ
1369 1600 1519 1704 γεγόνα-
1535 1636 1573 1677 ιο

321 1758 387 1823 μεν
404 1721 511 1824 μίλη·
541 1722 687 1826 πόρνοις
700 1723 772 1826 γὰρ
786 1722 909 1826 ὥσπερ
924 1721 970 1804 τὰ
983 1726 1092 1804 αὑτοῦ
1108 1723 1336 1828 χαριούμεθα·
1365 1723 1411 1804 τὰ
1424 1725 1518 1824 με’λη

322 1848 431 1926 αὐτοῦ
458 1847 676 1947 μολόνονται
706 1853 751 1951 τῇ
782 1848 937 1955 ἁμαρτίᾳ
965 1848 1024 1927 καὶ
1056 1848 1171 1954 πόρνης
1198 1856 1381 1927 ποιοῦνται
1412 1848 1516 1954 μίλη.

320 1969 445 2073 ὥσπερ
464 1968 535 2073 γὰρ
552 1971 572 2050 ὁ
591 1974 730 2072 γυναικὶ
749 1968 977 2069 κολλώμενος
997 1970 1036 2050 ἓν
1048 1969 1140 2073 πρὸς
1154 1969 1264 2070 αι’πην
1278 1969 1380 2050 ἔσται
1398 1977 1518 2072 σῶμα,

320 2094 432 2177 οὕτως
463 2095 523 2172 καὶ
553 2095 573 2173 ὁ
605 2097 688 2200 Θεῷ
717 2091 1028 2191 σννδεσμούμενος
1057 2099 1190 2193 νοητῶς
1222 2093 1260 2173 ἓν
1290 2094 1381 2197 πρὸς
1410 2094 1519 2176 αι’πὸν

154 2233 203 2286 ²3·
215 2234 271 2287 Pet.
279 2234 297 2286 ¹·
321 2215 425 2296 ε”σται
438 2222 587 2314 πνεῦμα·
607 2213 805 2319 γεγόναμεν
816 2214 889 2318 γὰρ
902 2217 1024 2300 “θείας
1037 2218 1198 2296 κοινωνοὶ
1211 2215 1387 2322 φύσεως,”
1407 2217 1516 2318 σννή-
1535 2256 1572 2318 15

61 2389 66 2404 ·
151 2315 177 2362 4'
323 2338 464 2445 φθημέν
481 2373 520 2419 τε
539 2341 597 2418 καὶ
614 2336 819 2442 ἡγιοίσμεθα
837 2336 897 2419 διὰ
913 2346 978 2418 τοῦ
997 2337 1206 2437 Πνείματος
1223 2341 1262 2419 ἐν
1279 2343 1441 2448 Χριστῷ.

359 2566 382 2604 1.
402 2549 452 2619 (οη
466 2548 504 2604 Η.
518 2549 568 2616 ζωὴ
582 2547 644 2620 (nie)
655 2549 688 2601 Α.
702 2549 751 2614 (ὧν
764 2547 829 2603 Mai.
880 2545 1048 2603 ίνα-ίαντοῦ
1060 2565 1114 2602 om.
1129 2547 1166 2603 Η.
1309 2562 1369 2620 2-7.
1388 2551 1429 2605 καὶ
1440 2555 1516 2607 τοῦτο

319 2619 444 2675 -παθῶν
457 2620 532 2674 Haec
544 2627 712 2673 accesserunt
725 2636 757 2672 ex
771 2617 808 2672 H.
941 2630 1020 2688 7-11.
1038 2616 1162 2686 «ι’-μελη
1180 2617 1268 2689 priua]
1284 2618 1377 2675 Paullo
1389 2621 1464 2676 aliter
1478 2623 1516 2678 H.

321 2690 376 2746 ε’πεὶ
391 2689 437 2744 οὗν
448 2693 462 2744 ὁ
475 2691 588 2760 Χριστὸς
604 2687 705 2759 κεφαλή
719 2688 791 2743 ἐστιν
802 2688 847 2755 τῆς
862 2686 1008 2758 ἐκκλησίας,
1020 2690 1121 2744 πάντως
1132 2687 1203 2756 ἡμεῖς
1221 2690 1246 2742 οἱ
1262 2689 1320 2744 καθ’
1333 2690 1430 2746 ἕκαστα
1440 2691 1516 2761 μίλη.

320 2761 365 2814 ἐὰν
377 2759 422 2814 οὖν
433 2758 623 2829 πορνεῦσωμεν,
636 2758 672 2813 εἷς
683 2760 728 2812 τὸν
739 2760 851 2829 χριστὸν
861 2760 1070 2828 πλημμελοῦμεν,
1083 2757 1114 2812 οὗ
1125 2761 1266 2828 γεγόναμεν
1276 2759 1350 2828 με’λη.
1431 2763 1458 2818 8.
1476 2761 1515 2834 οί]

320 2831 353 2884 τὰ
365 2830 488 2886 emendat
501 2829 604 2900 Migne,
617 2827 663 2882 sed
676 2845 739 2882 cum
750 2827 828 2882 editis
841 2836 971 2883 consonat
984 2828 1011 2881 H
1015 2867 1032 2892 .‚
1045 2828 1081 2884 cf.
1091 2837 1148 2882 not.
1160 2846 1246 2898 praec.
1359 2847 1401 2886 10.
1420 2833 1461 2886 καὶ
1473 2851 1517 2887 ας-

321 2908 460 2970 sumptum
474 2917 506 2953 ex
519 2899 553 2952 A.
701 2913 742 2952 11.
761 2898 923 2980 χαριούμεθα
936 2899 969 2954 Α.
980 2897 1278 2969 πόρνοις-χαριούμεθα
1291 2916 1346 2954 non
1358 2901 1465 2956 exhibet
1478 2902 1516 2957 H.

323 2969 400 3030 Quae
420 2977 570 3040 sequuntur
591 2966 669 3022 nobis
689 2967 841 3040 suppedmt
863 2967 900 3024 Η.
1069 2984 1111 3036 14.
1131 2972 1188 3040 θεῷ
1200 2968 1279 3037 edidi,
1293 2972 1358 3026 θεὸς
1369 2981 1416 3026 aut
1429 2973 1456 3026 H
1469 2981 1517 3027 aut

321 3041 388 3096 mule
400 3037 580 3095 transcribens
591 3037 657 3108 ipse.
