3278 5130
117 374 162 436 ix.
180 393 230 439 10.
362 373 416 437 IN
444 371 701 438 EPISTOLAM
732 370 795 434 AD
828 369 1078 436 HEBRAEOS.
1252 373 1341 536 409[

1354 483 1399 536 119
1411 471 1472 537 M.]

120 623 180 688 Καί
207 622 380 712 διαφόροις
408 618 599 702 βαπτισμοῖς
628 621 680 688 καί
707 621 903 700 δικαιώμαοι
934 622 1055 712 σαρκός
1082 623 1173 714 μέχρι
1202 629 1315 714 καιροῦ
1333 633 1369 674 ¹0

505 755 714 847 διορθώσεως
738 755 938 834 ἐπικείμενα.

175 927 411 1008 Τετελείωκεν
429 931 450 1009 ὁ
469 927 576 1025 νόμος
598 926 723 1008 οὐδένα
747 923 839 1008 κατὰ
863 929 1082 1028 συνείδησιν,
1100 927 1317 1028 είσκεκόμικε

119 1050 158 1131 δὲ
185 1059 330 1150 μᾶλλον
357 1059 578 1151 βαπτισμῶν
606 1049 763 1157 διδαχάς,
787 1048 988 1156 α’φηγῆσεις
1015 1054 1316 1154 περιρῤαντηρίων
1329 1081 1485 1144 στρατια.

84 1185 142 1260 5“
159 1174 251 1275 πρὸς
282 1174 349 1274 τῆν
379 1181 442 1274 τῆς
473 1172 609 1277 σαρκός
637 1174 894 1278 καθαρότητα·”
941 1174 1137 1275 καταλήγει
1168 1173 1240 1277 γάρ
1269 1181 1463 1260 είςιιιιιιτ.

118 1305 226 1377 τοῦτο
256 1299 363 1397 μόλις
391 1304 455 1398 τῆς
485 1303 630 1398 νομικῆς
659 1297 853 1402 ἱερωσύνης
885 1297 907 1396 ἦ
939 1296 1097 1395 δύναμις·
1146 1294 1214 1376 κᾶν
1245 1296 1317 1400 γὰρ
1330 1285 1369 1335 ¹³⁸

119 1429 244 1522 νεκροῦ
261 1456 314 1506 τις
332 1422 467 1529 ἥψατο,
487 1419 554 1502 κάν
572 1430 718 1524 λεπροῦ,
735 1418 801 1499 κάν
818 1418 1014 1525 γονορῤυῆς
1031 1420 1181 1521 ἐγένετο,
1201 1421 1314 1512 ἐβαπ-

118 1543 243 1647 τίζετο,
264 1549 322 1626 καὶ
345 1547 455 1630 οὕτως
475 1543 583 1625 ἐδόκει
607 1541 871 1650 καθαρίζεσθαι·
902 1552 1016 1623 ταῦτα
1033 1545 1070 1623 δὲ
1090 1537 1317 1649 άιιιιιιάμιιτιι

118 1665 216 1767 ἦσαν
235 1665 371 1775 σαρκός,
389 1669 573 1748 τουτέστιν
597 1670 737 1747 ἐντολαὶ
760 1663 937 1770 σάρκιναι,
956 1673 1134 1771 σαρκικῶς
1159 1668 1314 1747 δικαιοῦ-

62 1825 105 1867 ιο
119 1825 185 1870 σαι
206 1788 288 1876 τοῦς
311 1790 403 1871 κατὰ
427 1790 548 1894 σάρκα
576 1794 767 1874 δοκοῦντας
794 1787 1170 1895 ἀκαθάρτους-’Ότι
1185 1787 1223 1870 δέ
1241 1797 1318 1874 ταῖς

119 1913 212 1994 κατὰ
237 1914 346 2012 νόμον
365 1922 483 1999 σκιαῖς
506 1912 589 1999 τοῦς
607 1913 651 2020 ἐξ
671 1914 817 2008 αἵματος
835 1910 991 2015 Ἰσραὴλ
1008 1912 1187 1996 ἀσυνέτως
1206 1915 1314 2020 ε’μφι-

119 2045 295 2142 λοχωρεῖν
327 2039 391 2118 οῦκ
422 2039 519 2144 ἠφίει
552 2035 655 2133 Θεὸς,
687 2035 731 2142 ἐξ
760 2038 877 2116 αὐτῶν
909 2036 1077 2134 εἰσόμεθα
1110 2043 1183 2115 τῶν
1215 2041 1318 2139 ἱερῶν

119 2160 352 2262 γραμμάτων·
399 2161 624 2266 προστέταχε
651 2159 716 2259 μίν
744 2159 817 2261 γὰρ
844 2160 1085 2240 καταθύεσθαι
1113 2156 1177 2238 τόν
1204 2159 1316 2258 ἀμνὸν

119 2289 170 2368 είς
196 2283 310 2364 τόπον
330 2289 507 2387 Χριστοῦ,
535 2285 764 2386 ὁδοιπορικῶς
792 2281 830 2362 δέ
858 2280 1099 2380 ἐσταλμένους
1125 2289 1314 2378 σιτεῖσθαι,
1328 2315 1408 2366 Ειοι.
1422 2316 1465 2367 ιι.

62 2440 105 2501 15
119 2406 307 2505 σημαίνων
326 2409 373 2490 ὡς
395 2406 499 2510 με’χρι
522 2407 656 2490 παντὸς
675 2408 716 2486 οῦ
735 2406 910 2504 στήσεται
939 2403 986 2483 τὰ
1014 2408 1050 2485 ἐν
1077 2405 1210 2504 τύποις,
1229 2407 1313 2487 ἀλλ’
1331 2395 1370 2431 '¹'

119 2531 226 2608 οἱονεὶ
243 2533 425 2634 δραμεῖται
442 2530 533 2634 πρὸς
551 2529 733 2630 ἀλήθειαν.

118 2773 205 2843 γαλῆν
217 2771 246 2825 δι’
257 2771 297 2825 καί
310 2773 360 2841 μῦν
370 2772 411 2826 καί
424 2773 576 2841 καλαβότην
587 2769 740 2843 άπαγορεῦει
752 2771 787 2828 ίις
797 2771 932 2842 ψοφοδεῆ,
944 2771 979 2827 ίις
990 2769 1102 2828 κλίπτας
1114 2770 1156 2825 καί
1168 2771 1315 2840 ὑποκριτάς·

119 2843 164 2896 καί
176 2844 191 2896 ό
202 2841 345 2910 ἁπτόμενος
362 2842 453 2905 αῦτῶν,
466 2843 558 2913 φησίν,
576 2842 726 2911 άκάθαρτος·
752 2843 910 2896 όκοινωνιῑιν
926 2842 977 2912 γάρ
995 2841 1092 2910 κλέπτῃ
1110 2841 1151 2896 καί
1169 2845 1255 2910 λῃστῇ
1274 2843 1316 2898 καί

118 2911 199 2967 αῦτός
210 2913 405 2983 συγκαλάζεται·
425 2911 439 2980 ἢ
451 2914 544 2967 πλυνεῖ
556 2913 587 2967 τό
599 2914 693 2981 ίμάτία,
706 2911 748 2966 καί
759 2911 901 2982 ἀκάθαρτος
912 2913 986 2966 ἔσται
999 2910 1047 2968 ἕως
1058 2911 1171 2981 ίσπὲρας
1182 2913 1316 2967 τουτέστιν

119 2981 171 3038 ἕως
187 2985 231 3050 τῆς
249 2986 363 3051 Χριστοῦ
379 2983 530 3052 παρουσίας·
556 2983 585 3036 ίν
597 2981 695 3054 ἑσπέρα
706 2983 757 3053 γάρ
769 2983 799 3036 τό
811 2983 889 3036 αι’ντοῦ
900 2983 1006 3053 γεγονός
1023 2982 1165 3052 μυστήριον
1181 2979 1316 3050 άπίγλλαξε

118 3053 219 3108 πάντας
233 3059 285 3106 τῶν
304 3051 368 3124 [τῶν
384 3069 439 3108 om.
459 3051 560 3124 Maius]
580 3053 717 3122 ἁμαρτιῶν.
742 3056 822 3107 ταῦτα
842 3053 927 3106 τοίνυν
946 3053 1116 3121 αίνιττόμενος
1133 3054 1149 3106 ό
1167 3051 1317 3110 άπάστολοε

120 3121 230 3212 εζαηκεν,
249 3122 289 3176 ὅτι
310 3123 343 3176 τά
363 3123 427 3178 κατά
445 3125 522 3192 νόμον
540 3123 680 3193 τελούμενα
698 3123 741 3177 ε’πί
758 3125 895 3193 βρώμασιν
912 3120 943 3190 ἦν
962 3124 1003 3176 καὶ
1021 3123 1108 3190 μέντοι
1127 3123 1169 3176 καί
1191 3124 1314 3189 πόμασιν·

121 3193 257 3282 εἰπεκγάρ,
269 3193 347 3280 φησί,
360 3191 454 3282 Κόρως
465 3190 729 3284 πρόςὶἈαρόνΙΟίναγ
741 3193 782 3281 καί
795 3193 886 3282 σίκερα
899 3191 929 3246 οῦ
940 3193 1033 3248 πίεσθε
1049 3193 1084 3247 σῦ
1097 3192 1138 3246 καί
1157 3193 1181 3246 οί
1199 3191 1248 3246 υίοί
1266 3215 1317 3248 σου

121 3263 756 3403 ῖῖίίι’ίῖίῖόῖῖσὲῖόισῦᾞίῖόό”ίίιῦίῖῗ
767 3284 958 3405 ‘mquam
976 3332 1100 3388 ιιιειιιο
1121 3261 1316 3387 ιίίὲιῖίίίίὲ

122 3402 159 3456 ad
180 3401 294 3485 Reginae
313 3423 340 3474 p.
356 3402 406 3457 166
427 3403 470 3460 cd
489 3405 626 3485 pertineat,
663 3403 816 3465 memini,
836 3401 931 3458 deinde
952 3402 1071 3458 scholion
1089 3405 1210 3474 longum,
1251 3421 1316 3458 uum
1330 3402 1392 3457 120
1408 3400 1455 3456 M.

124 3473 154 3526 S.
170 3471 301 3544 Cynllum
319 3483 454 3528 auctorem
470 3492 515 3527 τιν
532 3474 637 3542 habeat,
645 3423 692 3529 δίς
707 3472 836 3527 exhibeo:
856 3471 929 3527 οὕτω
941 3473 991 3543 γὰρ
1003 3473 1147 3545 γέγραπται
1159 3473 1186 3528 ἐν
1197 3476 1233 3547 τῷ
1265 3495 1316 3528 ενι·

122 3546 194 3597 σις’·
219 3543 259 3597 ὅτι
280 3542 458 3599 είσελεῦσεται
475 3543 523 3598 ’Λα
540 3546 576 3598 ὧν
596 3545 632 3601 είς
652 3543 684 3598 τά
703 3543 793 3608 άδυτα,
812 3546 902 3608 λαβὼν
922 3546 1024 3614 μόσχον
1042 3543 1102 3631 περί
1123 3542 1255 3612 ἁμαρτίας,
1275 3545 1318 3598 καί

123 3633 156 3684 κρ
182 3635 197 3666 ν
215 3613 252 3669 είς
269 3613 445 3685 όλοκαίιτωμα·
475 3613 506 3667 λ’
549 3636 591 3668 ται
611 3615 639 3668 δι’
660 3613 701 3668 καί
718 3615 789 3684 παρά
808 3617 853 3682 τῆς
876 3616 1027 3685 συναγωγῆς
1048 3615 1094 3668 δυο
1112 3615 1238 3684 χιμάρους
1258 3615 1318 3683 περὶ

122 3683 256 3752 ἁμαρτίας,
275 3685 317 3738 καί
335 3686 407 3756 κριόν
426 3684 463 3740 είς
481 3682 655 3751 όλοκαῦτωμα·
680 3685 721 3738 καί
740 3685 868 3756 προσάξει
887 3686 933 3739 τόν
950 3687 1060 3754 μόσχον·
1086 3685 1127 3738 καί
1145 3682 1239 3752 στήσει
1258 3685 1318 3740 τοὺς

123 3755 250 3823 χιμάρους
266 3755 349 3808 ἔναντι
367 3755 454 3824 κυρίου
471 3755 542 3825 παρά
559 3755 605 3824 τῆν
617 3753 697 3825 θόρον
708 3757 753 3821 τῆς
770 3755 864 3822 σκηνῆς
881 3757 927 3808 τοῦ
944 3754 1092 3823 μαρτυρίου·
1118 3754 1159 3807 καὶ
1177 3753 1248 3823 ρανεῖ
1265 3753 1317 3808 α’πό

122 3826 171 3876 τοῦ
188 3823 294 3892 αἵματος
311 3828 357 3879 τοῦ
372 3827 476 3896 μόσχον
493 3825 533 3880 καί
550 3829 596 3880 τοῦ
613 3826 724 3896 χιμάρον
741 3827 778 3912 τηῖ
796 3822 914 3895 δακτῦλιρ
931 3824 1035 3880 ίπτάκις
1052 3821 1094 3878 ε’πί
1110 3825 1141 3878 τό
1158 3822 1316 3892 ίλαστῆριον,

123 3881 180 3948 είτα
195 3895 237 3948 καὶ
253 3894 296 3949 ε’πί
310 3896 340 3948 τό
355 3893 548 3966 θυσιαστήριον.
572 3897 729 3965 λαμβάνεται
741 3916 788 3963 μεν
799 3893 870 3949 οῦνό
885 3897 987 3963 μόσχος
1003 3895 1040 3951 είς
1054 3893 1134 3948 τόπον
1146 3897 1270 3962 Χριστοῦ,
1283 3894 1317 3950 ίις

122 3964 227 4032 ὅμαιμος
238 3965 279 4018 καί
291 3965 326 4034 μῆ
337 3967 516 4038 πεπληγμένος
528 3967 557 4053 ἐξ
568 3965 699 4034 ἁμαρτίας·
722 3966 882 4034 προσάγεται
898 3965 927 4018 δὲ
942 3965 1007 4032 πρός
1022 3965 1100 4020 αὐτός
1114 3965 1161 4020 τάς
1178 3963 1256 4033 θιίρας
1271 3966 1317 4033 τῆς

123 4037 228 4102 σκηνῆς,
238 4036 268 4089 τό
279 4035 370 4090 παθεῖν
381 4035 412 4090 οῦ
422 4058 622 4106 παροιτουμενος
634 4036 698 4104 ὑπὲρ
710 4037 756 4104 τῆς
767 4035 858 4088 ίαυτοῦ
870 4033 1014 4102 ἐκκλησίας,
1027 4035 1090 4088 κατὰ
1101 4037 1131 4088 τό
1142 4033 1221 4104 ’Υπὲρ
1233 4035 1317 4088 αὐτῶν

122 4102 219 4174 άγιάζω
231 4105 282 4174 ε’γῶ
294 4105 411 4175 ίμαντόν,
423 4107 542 4162 τοντίστι
554 4106 680 4178 προσάγω
692 4105 734 4158 καί
748 4101 903 4175 προσφίροι·
929 4103 1107 4175 ἐπιτιθεμένων
1119 4104 1146 4157 δι’
1160 4110 1212 4159 τῶν
1222 4109 1316 4175 χειρῶν

121 4177 170 4228 τοῦ
187 4173 395 4244 ἡμαρτηκότος,ό
412 4177 505 4248 σφαγὴ
522 4178 627 4267 γίνεται·
650 4175 726 4232 σῦτός
742 4176 793 4246 γάρ
811 4174 882 4244 ἡμῶν
899 4171 964 4244 αίρει
982 4177 1027 4230 τός
1042 4174 1174 4244 ἁμαρτίας,
1191 4175 1232 4228 καί
1251 4175 1316 4241 ὑπὲρ

122 4244 194 4314 ῆμιῦν
202 4245 328 4310 όδυνῦται,
338 4248 380 4301 καὶ
389 4247 453 4318 ὑπὲρ
459 4247 645 4318 τῶνημετίρων
653 4247 743 4318 ἔργων·
764 4246 843 4336 ἔργον
857 4243 907 4317 [ita
919 4243 987 4300 Cod.
998 4244 1091 4315 Μίμας
1103 4245 1180 4315 ἔργον
1190 4242 1254 4314 Ed.]
1264 4245 1315 4314 γὰρ

121 4315 165 4368 καί
175 4316 292 4385 πράξεως
303 4317 383 4374 τόπος
394 4316 409 4385 ἦ
421 4319 488 4388 χείρ·
509 4319 616 4372 ε’νιίιπιον
628 4317 656 4370 δί
668 4316 755 4387 κυρίου
767 4317 897 4406 εσφόζετο
910 4317 924 4369 ά
936 4314 1022 4438 ἀρνός·
1042 4311 1148 4382 θελῆσει
1160 4315 1210 4404 γάρ
1219 4315 1316 4384 πατρός

120 4388 170 4440 τοῦ
188 4389 304 4455 σωτῆρος
316 4392 432 4457 Χριστοῦ
449 4389 479 4441 τό
493 4389 574 4443 πάθος
590 4386 699 4456 ε’γίνετο.
723 4387 849 4456 λαμβανιι
867 4385 896 4438 δὲ
913 4384 950 4440 άπ
982 4387 1029 4438 τοῦ
1047 4381 1152 4452 αίματος
1169 4385 1256 4446 αυτοῦ,
1275 4385 1315 4437 καὶ

121 4453 203 4526 ῥαίνει
221 4458 325 4513 ἑπτάκις
341 4457 382 4511 ς’πί
400 4459 429 4511 τό
443 4457 594 4526 ι’λαστῆριον
605 4460 649 4524 τῆς
661 4459 779 4517 κιβωτοῦ·
804 4455 895 4527 γίγονε
907 4455 957 4543 γάρ
970 4453 1029 4525 ἡμῖν
1040 4455 1153 4522 Χριστός
1165 4455 1276 4524 ίλασμός
1288 4454 1316 4508 ε’ν

121 4523 211 4590 αἵματι
222 4528 341 4596 διαθῆκης
352 4527 462 4581 αἰωνίου·
488 4529 590 4584 ίπτάκις
607 4527 644 4582 δί’
669 4527 755 4580 τελεία
771 4527 821 4597 γάρ
837 4525 897 4596 ἡμῖν
908 4547 923 4592 η
935 4525 1031 4596 ἄφεσις
1043 4524 1118 4592 ε’δόάη
1135 4523 1163 4579 ίν
1177 4527 1214 4597 τῷ
1230 4521 1315 4592 α’ίματι

121 4595 211 4650 αὐτοῦ·
236 4597 625 4668 τίλειοςγόράριθμόςόίπτά·
651 4597 718 4668 χρίει
734 4597 762 4650 δὲ
781 4598 821 4651 καὶ
840 4597 871 4650 τό
889 4595 982 4666 κίρατα
1000 4598 1047 4650 τοῦ
1064 4593 1251 4665 θυσιαστηρίου
1268 4599 1315 4648 τοῦ

167 4697 239 4742 νος.
256 4699 306 4744 111.
712 4701 731 4764 3
748 4699 767 4742 α
