3280 5142
135 349 225 417 xviii.
239 369 357 435 24-27.
412 353 468 418 IN
495 353 529 417 S.
553 354 575 418 J
581 353 812 420 OANNEM.
859 355 956 422 ΙιΙΒ.
980 355 1062 422 XII.
1294 352 1336 416 45

137 517 375 605 ἀναστάσεως
402 527 466 601 τοῦ
489 527 666 622 Χριστοῦ,
687 525 745 601 καὶ
768 521 841 626 πρὸ
865 525 929 622 τῆς
954 516 1247 628 καταφοιτήσεως
1272 521 1338 616 τῆς

137 642 193 721 ἐπ’
222 640 349 727 αῦτοῦς
377 643 565 748 γενομένης
592 653 656 726 τοῦ
683 646 811 747 Ἀγίου
840 645 1060 745 Πνεῦματος,
1087 647 1146 724 καὶ
1176 643 1268 726 τίνες
1299 643 1336 721 ἐν

136 773 213 850 τοῖς
234 767 324 864 μετὰ
348 776 472 866 ταῦτα,
490 768 723 868 κομισάμενοι
740 767 806 870 τὴν
825 769 884 850 διὰ
904 779 968 850 τοῦ
987 769 1196 866 Πνεῦματος
1215 763 1333 872 χάριν,

137 887 185 989 ἦν
206 893 266 970 καὶ
283 902 305 938 “
318 893 363 998 ἐξ
389 895 504 999 ι’ίψους
531 891 704 989 δόναμιν”
723 893 911 994 ὠνόμασεν
939 896 959 974 ὁ
986 891 1160 996 Χριστός.
1200 896 1333 995 προθυ-

103 1015 315 1109 5μοτάτους
346 1013 413 1114 μὲν
444 1017 515 1118 γάρ
547 1022 595 1100 εἱς
628 1015 814 1124 ἀνάληψιν
846 1021 983 1121 ἀρετῆς,
1011 1015 1281 1120 εὐζωνοτάτους·
1298 1015 1335 1096 δὲ

137 1139 224 1217 λίαν
243 1144 292 1223 είς
308 1138 351 1219 τὸ
376 1136 495 1221 θίλειν
512 1141 664 1221 ἕπεσθαι
681 1144 733 1248 τῷ
750 1145 915 1248 Χριστῷ,
934 1145 992 1221 καὶ
1016 1141 1151 1224 παντὸς
1176 1139 1337 1219 κινδύνου

138 1268 333 1342 καταθλεΐν
352 1267 410 1343 καὶ
434 1263 583 1370 σφόδρα
605 1262 817 1349 πλειστάκις
838 1263 1134 1369 ἐπιχειρήσαντας
1157 1260 1339 1367 θεωρήσειν

138 1419 193 1470 τις
221 1386 277 1466 ἀν.
316 1389 401 1466 ἀλλ’
420 1389 519 1467 οὕτω
547 1384 811 1491 κατηργηκότος
839 1397 903 1468 τοῦ
929 1392 1097 1491 Σωτῆρος
1125 1388 1226 1489 ἡμῶν
1244 1393 1336 1489 Χρι-

138 1518 233 1588 στοῦ
250 1519 315 1590 τοῦ
334 1511 489 1590 θανάτου
507 1511 549 1591 τὸ
568 1508 707 1614 κράτος,
725 1509 886 1615 σκληρός
905 1546 982 1597 πως
999 1509 1043 1612 ἦν
1062 1511 1113 1592 ἔτι
1137 1514 1195 1592 καὶ
1219 1511 1333 1614 ἀπρό·

89 1665 126 1705 10
139 1669 243 1718 σιτος
267 1641 453 1736 παντελῶς
479 1636 499 1714 ὁ
524 1635 569 1742 ἐξ
589 1637 697 1716 αὐτοῦ
723 1633 849 1741 φόβος·
880 1641 913 1716 oi
938 1635 976 1718 δὲ
1001 1638 1102 1718 οὔπω
1124 1634 1165 1716 τὸ
1190 1641 1338 1734 Πνεῦμα

139 1757 327 1855 λαβόντες,
347 1759 430 1838 ἀλλ’
452 1757 531 1838 οῦδὲ
556 1759 615 1838 διά
639 1764 703 1858 τῆς
728 1757 864 1840 ἀνωθεν
882 1761 1154 1865 κεχαλκευμένοι
1174 1759 1335 1865 χάριτος,

138 1887 190 1965 είς
214 1878 281 1981 τὴν
302 1880 391 1984 ὑπὲρ
414 1882 530 1988 φάσιν
552 1883 717 1985 ἀνδρείαν
734 1885 834 1963 οὕτω
858 1889 1046 1968 παντελῶς
1068 1886 1255 1986 ἐλευθέραν
1275 1887 1338 1983 τῆς

139 2007 365 2108 ἀνθρωπίνης
392 2006 636 2112 μικροψυχίας
663 2005 729 2106 τὴν
754 2006 912 2088 διάνοιαν
939 2007 1090 2112 ἔχοντες,
1118 2009 1182 2088 οῦκ
1207 2007 1508 2111 άθραυ-οΙθθῖΔ·

139 2163 224 2208 στοι
252 2132 381 2235 κομιδῇ
407 2135 480 2213 τοῖς
505 2133 544 2210 ἐκ
568 2138 632 2210 τοῦ
657 2136 783 2211 παθεῖν
809 2132 997 2238 ἐφαίνοντο
1022 2131 1195 2231 δείμασιν.
1233 2130 1341 2234 ὅιπερ

89 2280 125 2342 15
140 2251 214 2355 γάρ
231 2249 366 2354 τρόπον
384 2253 403 2332 ὁ
420 2254 578 2355 σίδηρος,
598 2253 711 2334 καίτοι
730 2254 822 2334 κατά
840 2254 954 2362 φύσιν
973 2254 1144 2362 ὑπάρχων
1163 2254 1339 2358 σκληρὸς,

138 2378 206 2457 οῦκ
224 2375 269 2456 ἀν
287 2375 487 2477 άλωβήτως
510 2377 685 2478 ὁμιλήσω
710 2386 785 2462 τοῖς
809 2385 882 2458 τῶν
900 2380 1013 2460 λίθων
1032 2379 1293 2484 ἀπηνεστίροις,
1312 2385 1343 2460 εί

138 2499 192 2601 μὴ
219 2498 286 2599 τὴν
313 2504 352 2581 ἐκ
378 2510 443 2580 τοῦ
476 2508 707 2599 στομοῦσθαι
734 2501 946 2606 προσλάβοι
976 2504 1137 2601 δύναμιν·
1182 2508 1293 2586 οὕτως
1320 2504 1342 2603 ἦ

139 2623 333 2728 ἀνθρώπου
351 2623 455 2731 ψυχὴ
479 2623 544 2705 κάν
568 2623 716 2731 σφόδρα
740 2625 955 2727 νεανιειίηται
972 2635 1049 2711 ταῖς
1067 2633 1115 2712 είς
1132 2633 1206 2706 πᾶν
1225 2628 1343 2706 ὁτιοῦν

140 2746 280 2850 ἀγαθὸν
307 2749 594 2853 ἀπαρατρέπτοις
626 2751 836 2849 ἐπιθυμίαις,
865 2748 965 2831 ἀλλά
992 2755 1056 2850 τῆς
1084 2757 1157 2831 τῶν
1184 2753 1343 2831 ἐντεῦθεν

88 2901 126 2940 20
141 2873 293 2976 ἀγώνων
315 2872 563 2975 σκληρότητος
591 2875 633 2952 οῦ
660 2872 845 2975 περιέσται
871 2872 969 2972 ποτὲ,
989 2872 1041 2974 μὴ
1064 2876 1143 2981 οῦχὶ
1167 2874 1342 2978 πρότερον

140 3003 187 3101 τῇ
219 2996 278 3076 διά
308 3006 373 3077 τοῦ
406 2999 501 3076 θείου
533 2997 743 3094 Πνεῦματος
780 2999 996 3100 ἁδρυνθεῖσα
1027 2999 1155 3104 χάριτι.
1215 3001 1342 3080 οὐκοῦν

140 3122 396 3223 ἀσθενέστεροι
414 3120 479 3220 μίν
496 3155 574 3206 πως
593 3120 635 3200 τὸ
653 3123 691 3200 ἐν
709 3124 836 3226 ἀρχαῖς
858 3126 917 3202 καὶ
941 3124 1039 3203 aino}
1063 3120 1174 3228 τυχὸν
1191 3120 1289 3222 ἦσαν
1306 3128 1340 3202 οἱ

140 3249 311 3345 μαθηταὶ,
328 3242 563 3344 κομισάμενοι
581 3243 619 3324 δὲ
636 3242 679 3324 τὸ
700 3251 849 3342 Πνεῦμα
871 3253 934 3326 τοῦ
960 3244 1048 3348 ὑπὲρ
1071 3247 1208 3331 πάντας
1227 3251 1373 3344 Θεοῦ,1>

140 3367 208 3468 τὴν
237 3371 373 3450 ἑαυτῶν
402 3369 470 3470 ἤδη
504 3367 776 3470 παρελάσαντες
807 3369 1004 3466 ἀσθένειαν,
1035 3375 1082 3453 είς
1113 3368 1179 3468 τὴν
1208 3370 1339 3450 ἐκείνου

87 3523 126 3585 ²5
140 3492 365 3598 στερρότητα
382 3491 743 3598 μετεπλάττοντο,τῇ
765 3495 929 3601 κοινωνίᾳ
953 3496 998 3599 τῇ
1024 3493 1114 3597 πρὸς
1138 3493 1225 3574 αὐτὸ
1249 3492 1339 3597 πρὸς

140 3613 208 3716 τὴν
226 3613 315 3719 ῦπέρ
334 3617 448 3722 φύσιν
466 3613 717 3720 ἀνατρίχουτες
734 3617 936 3715 εὐτολμίαν.

197 3740 487 3843 Ἀναγέγραπται
515 3740 634 3820 τοίνυν
655 3741 842 3844 χρησίμως
866 3745 925 3821 καὶ
948 3741 970 3841 ἡ
997 3747 1069 3821 τῶν
1091 3743 1204 3844 ἁγίων
1222 3741 1337 3822 ἀσθέ-

141 3898 218 3945 νεια
251 3862 342 3967 πρὸς
379 3861 522 3944 ἔπαινόν
558 3897 596 3942 τε
633 3865 692 3944 καὶ
729 3864 841 3970 δόξαν
873 3870 979 3963 Θεοῦ,
1010 3865 1255 3964 μετατιθέντος
1290 3873 1339 3951 εἷς

141 3989 293 4085 δύναμιν
318 3984 361 4067 τδ
384 3986 591 4089 ἠσθενηκὸς,
618 3990 676 4066 καὶ
702 3985 827 4091 ῶσπερ
854 3987 933 4069 τινὰ
960 3989 1101 4094 πιίργον
1126 3987 1339 4072 ἀνιστάντος

88 4143 127 4199 30
141 4113 285 4217 ἄμαχον
302 4107 345 4191 τὸ
364 4114 423 4190 καὶ
439 4116 565 4217 ψιλοῖς
587 4108 846 4214 εῦανάτρεπτον
865 4112 1005 4219 φόβοις,
1024 4117 1081 4193 καί
1107 4111 1231 4212 μόναις
1256 4112 1337 4193 ἔσθ’

141 4236 202 4317 ὅτε
230 4243 307 4321 ταῖς
334 4237 374 4315 ἐκ
400 4243 464 4314 τοῦ
488 4269 524 4315 τι
551 4241 678 4316 παθεῖν
697 4237 869 4342 ὑποψίαις
894 4235 1122 4340 κατεῤῥαγός.
1161 4235 1213 4336 ε’ίη
1240 4238 1273 4315 δ’
1294 4233 1339 4317 ἀν

1379 881 1475 962 Quo.

1379 965 1450 999 xm.
1462 965 1504 1016 ⁴9·

177 4527 204 4583 8.
222 4525 294 4596 ἡμῶν
305 4533 473 4596 assumptum
486 4543 517 4579 ex
532 4524 565 4580 E.
671 4541 713 4581 11.
732 4523 929 4596 κεχαλκευμίνοι
944 4522 971 4578 F.
986 4521 1037 4578 Ed.
1050 4542 1106 4596 mg.
1120 4523 1274 4596 κεχαλμίνοι
1288 4523 1341 4579 Ed.

141 4615 186 4670 3ο.
206 4594 312 4670 ψιλοῖς]
332 4603 358 4661 ÷
374 4597 415 4651 καὶ
429 4595 480 4652 Ed.
493 4597 577 4652 invito
591 4595 623 4652 E.
662 4595 713 4652 Pro
725 4597 813 4666 μόναις
825 4595 921 4650 iterum
934 4595 1030 4666 φόβοις
1043 4595 1149 4652 exhibet
1163 4597 1195 4650 E.
