3294 5150
146 389 200 429 xv.
218 383 260 452 35
273 389 340 452 sqq.
387 367 440 431 IN
466 367 531 432 ΕΡ.
554 366 581 430 Ι.
609 366 672 430 ΑΙ)
699 365 992 431 CORINTHIOS.
1032 366 1116 431 LIB.
1137 368 1216 432 VII.
1281 369 1345 430 307

1371 473 1497 538 [mh]

592 808 800 883 ΤΟΜΟΣ
847 808 890 883 Ζ.

179 1029 264 1093 Ἀλλ’
297 1027 364 1119 ὲρεῐ
391 1057 438 1096 τις
465 1034 541 1098 Πῶς
570 1034 748 1122 ὲτείρονται
776 1033 805 1100 οἱ
834 1034 942 1124 νεκροί
954 1065 963 1117 5
1000 1034 1085 1119 ποίῳ
1113 1033 1148 1098 δὲ
1177 1031 1304 1109 σώματι
1359 1045 1396 1105 35
1412 1051 1472 1108 S‘l‘l·

590 1160 741 1248 ἔρχονται
753 1190 762 1242 5
788 1165 897 1229 κ.τ.λ.

202 1340 251 1417 ‘O
282 1346 574 1424 ΠΡΟΦΗΤΗΣ
602 1344 762 1428 Ἡσαΐας
789 1343 879 1442 μετὰ
899 1347 962 1441 τῆς
979 1345 1018 1422 ε’κ
1033 1348 1165 1443 νεκρῶν
1184 1340 1340 1421 ἀναστό-

112 1492 129 1550 5
146 1495 241 1546 σεως
254 1461 296 1541 τδ
314 1466 512 1569 μυστήριον
527 1471 574 1552 ὡς
590 1469 692 1547 ἕσται
707 1466 799 1547 κατὰ
814 1466 953 1569 καιροῦς
966 1472 1062 1546 Θεοῦ
1079 1463 1342 1562 κατανεύοντος,

146 1588 206 1664 καὶ
230 1589 359 1695 άφάτῳ
386 1589 528 1687 δυνάμει
553 1590 865 1690 μεταπλάττοντος
890 1596 939 1674 εἱς
960 1588 1051 1693 ζωὴν
1068 1585 1112 1669 τδ
1129 1595 1181 1695 τῷ
1201 1585 1342 1694 θανάτῳ

146 1712 416 1812 κεκρατημένον,
454 1713 758 1817 προανακεκράγει
792 1714 915 1818 ,λέγων
954 1724 975 1759 “
992 1709 1274 1811 Ἀναστήσονται
1310 1714 1342 1789 οἱ
1356 1721 1478 1849 ᾕρην-

147 1844 168 1880 “
188 1838 313 1936 νεκροὶ,
333 1839 390 1914 καὶ
415 1835 669 1938 ἐγερθήσονται
694 1842 727 1916 οἱ
750 1840 788 1915 ε’ν
806 1845 879 1921 τοῖς
898 1835 1087 1936 μνημείοις,
1106 1837 1164 1914 καὶ
1183 1835 1338 1940 εῦφραν·
1390 1825 1395 1835 “

148 1967 169 2004 “
189 1956 363 2056 θήσονται
390 1963 422 2037 οἱ
449 1962 485 2038 ἐν
512 1965 557 2064 τῇ
585 1967 645 2064 γῇ·
680 1960 702 2059 ή
730 1960 801 2064 γὰρ
830 1959 961 2063 δρόσος
986 1961 1008 2060 ἡ
1036 1957 1134 2061 παρὰ
1161 1964 1231 2036 σοῦ
1256 1956 1344 2055 ἴαμα

95 2115 132 2152 ιο
148 2089 170 2126 “
188 2080 307 2164 αῦτοῖς
325 2083 459 2161 έστιν·”
490 2082 624 2185 δρόσον
643 2080 739 2180 οἶμαι
758 2084 877 2185 λέγων
895 2089 1070 2186 τροπικῶς
1088 2079 1154 2181 τὴν
1173 2076 1343 2181 ζωοποιόν

148 2200 326 2304 ἐνέργειαν
358 2212 421 2283 τοῦ
449 2209 559 2302 Θεοῦ,
591 2209 672 2284 καθ’
706 2204 750 2305 ἦν
785 2209 842 2284 καὶ
873 2205 915 2285 τὸ
945 2202 1033 2284 εἶναι
1065 2211 1138 2288 τοῖς
1167 2205 1231 2283 οῦκ
1260 2204 1343 2282 οὖσι

147 2325 355 2427 προσνέμει,
376 2332 433 2406 καὶ
460 2334 533 2412 τοῖς
562 2328 630 2429 ἤδη
658 2327 970 2432 παρενηνεγμένοις
995 2334 1043 2412 εἱς
1070 2326 1222 2432 ὕπαρξιν
1241 2325 1283 2406 τὸ
1305 2327 1343 2406 εὖ

147 2446 235 2528 εἶναι
259 2450 450 2553 χαρίζεται·
480 2452 679 2551 συνέστηκε
702 2452 774 2555 γὰρ
798 2451 843 2531 τῦι
865 2450 984 2531 πάντα
1002 2454 1039 2531 έν
1057 2453 1162 2558 αὐτῷ,
1182 2449 1342 2552 καθάπερ

148 2570 273 2672 ἀμέλει
299 2577 357 2652 καὶ
384 2576 426 2652 δι’
446 2577 554 2655 αὑτοῦ
579 2574 748 2681 παρήχθη
766 2577 856 2678 πρὸς
874 2577 1026 2678 γένεσιν·
1055 2574 1196 2682 ψάλλει
1214 2574 1259 2652 δέ
1272 2608 1342 2654 που

96 2725 133 2786 15
148 2699 206 2775 καὶ
236 2697 255 2775 ὁ
286 2697 478 2781 θεσπέσιος
504 2702 638 2778 Δαυεὶδ
668 2702 748 2801 περὶ
778 2706 851 2778 τῶν
880 2702 936 2778 ἐπὶ
965 2704 1031 2800 γῆς
1060 2697 1150 2802 πρὸς
1177 2696 1241 2778 τὸν
1270 2703 1341 2776 τῶν

149 2817 247 2898 ὅλων
266 2823 418 2923 Σωτῆρα
436 2820 531 2900 Θεόν
555 2832 575 2868 “
589 2823 809 2940 Ἀνοίξαντος
828 2822 873 2901 δέ
885 2857 954 2903 σου
974 2822 1039 2923 τήν
1058 2828 1158 2926 χεῖρα
1175 2820 1223 2901 τὰ
1240 2819 1338 2919 σύμ·
1353 2816 1458 2943 ῗέχθῑῑῑ·
1473 2817 1502 2864 ²⁸

148 2952 171 2988 “
187 2977 307 3022 παντα
325 2941 580 3045 πλησθήσεται
599 2943 858 3050 χρηστότητος·
898 2947 1197 3052 ἀποστρέψαντος
1215 2945 1259 3023 δέ
1271 2977 1341 3024 σου

149 3075 171 3112 “
189 3062 232 3145 τῦ
251 3064 461 3168 πρόσωπον,
482 3067 785 3172 ταραχθήσονται·
820 3071 1020 3153 όντανελεΐς
1045 3068 1086 3149 τὸ
1110 3077 1248 3165 πνεῦμα
1277 3069 1339 3146 αύ-

95 3227 102 3238 ·
148 3198 170 3238 “
189 3194 261 3266 τῶν
279 3193 337 3269 καὶ
365 3192 586 3296 έκλείψουσι,
606 3193 663 3270 καὶ
692 3198 740 3276 εἰς
767 3191 831 3273 τὸν
850 3201 938 3296 χοῦν
961 3194 1078 3271 αὐτῶν
1096 3191 1339 3295 ε’πιστρέψου·

94 3349 135 3388 20
148 3319 171 3358 “
189 3340 262 3391 σιν·
295 3312 550 3419 ε’ξαποστελεῖς
579 3313 621 3394 τδ
648 3324 787 3415 πνεῦμα
810 3350 881 3396 σου
903 3319 961 3396 καὶ
988 3313 1257 3414 κτισθήσονται,
1283 3317 1342 3392 καὶ

149 3444 172 3481 “
190 3437 397 3520 άνακαινιεῖς
424 3435 466 3516 τὸ
494 3437 693 3540 πρόσωπον
721 3443 784 3539 τῆς
812 3438 913 3540 yffi
947 3438 1100 3518 πέπονθε
1127 3435 1194 3536 μέν
1221 3435 1291 3538 γάρ
1319 3437 1396 3534 ήτθ
1413 3455 1459 3509 Μ.

148 3557 338 3659 ἀνθρώπου
367 3559 479 3664 φύσις
507 3569 570 3640 τοῦ
598 3563 693 3641 θείου
720 3561 919 3664 προσώπου
947 3560 1013 3660 τήν
1038 3558 1276 3665 ἀποστροφὴν
1304 3562 1342 3638 έν

148 3679 258 3779 Ἀδὰμ
283 3680 341 3761 διὰ
364 3681 430 3782 τὴν
447 3681 671 3786 παράβασιν·
708 3687 887 3787 τοιγάρτοι
910 3685 1100 3788 μονονουχὶ
1125 3682 1341 3787 συγκέχυται

150 3806 209 3884 καὶ
236 3801 456 3907 τετάρακται,
475 3809 533 3885 καὶ
558 3811 606 3890 εὶς
632 3805 696 3884 τὸν
714 3807 802 3885 ἰ’διον
820 3807 1044 3906 ῦπενόστησε
1072 3813 1172 3910 χοῦν,
1194 3814 1339 3899 κατεβι-

95 3959 133 4017 25
148 3926 276 4028 βάσθη
305 3963 343 4008 τε
376 3931 432 4007 καὶ
461 3936 509 4014 εὶς
536 3929 691 4009 θάνατον
719 3933 776 4007 καὶ
810 3928 964 4035 φθοράν.
1007 3927 1125 4028 ἐπειδὴ
1152 3927 1189 4007 δὲ
1216 3929 1342 4030 γέγονε

148 4052 231 4130 καθ’
251 4051 343 4151 ἡμᾶς
361 4052 381 4129 ὁ
402 4051 611 4153 Μονογενὴς
636 4058 700 4131 τοῦ
719 4057 813 4131 Θεοῦ
833 4051 962 4153 Λόγος,
982 4056 1040 4131 καὶ
1062 4049 1128 4151 τὴν
1146 4059 1208 4130 τοῦ
1227 4050 1342 4151 Ἁγίου

150 4173 360 4274 Πνεύματος
393 4176 691 4275 πεπλουτήκαμεν
728 4174 880 4281 μέθεξιν,
913 4173 1216 4282 ἀναμορφούμεθα
1251 4173 1342 4275 πρὸς

146 4295 190 4379 τῦ
209 4300 247 4376 έν
265 4301 390 4402 ἀρχαῖς
418 4301 475 4378 καὶ
497 4297 571 4378 οἷον
588 4300 837 4398 ἀνεκτίσμεθα·
872 4296 1075 4398 κεκλήμεθα
1103 4295 1174 4401 γὰρ
1192 4301 1241 4381 εἷς
1266 4331 1341 4376 και-

148 4417 281 4521 νότητα
308 4421 406 4525 ζωῆς,
435 4421 476 4500 τὸ
506 4430 567 4501 τοῦ
590 4421 743 4503 θανάτου
772 4422 1080 4526 διαδιδράσκοντες
1108 4418 1245 4524 κράτος.
1284 4421 1342 4499 καὶ

219 4600 242 4638 1.
262 4582 303 4664 [ta
315 4582 385 4639 edidi
398 4601 430 4640 ex
446 4583 472 4640 H
486 4583 532 4656 qui
544 4585 668 4654 κυρίλλον
681 4585 708 4638 ἐκ
721 4587 768 4639 τοῦ
782 4587 797 4650 ζ
807 4587 886 4654 τόμον
899 4587 962 4655 πρὸς
976 4585 1116 4656 κορινθίους
1128 4583 1150 4638 α’
1163 4583 1278 4639 exhibet.

704 4686 725 4730 R
739 4687 755 4729 Γ
772 4685 790 4732 2
