3294 5150
169 363 224 428 xii.
238 385 270 449 9.
365 365 419 430 IN
444 363 512 430 ΕΡ.
533 364 561 430 Ι.
587 363 651 428 AD
677 360 969 429 CORINTHIOS.
1013 359 1100 426 LIB.
1120 355 1162 426 V.
1294 356 1363 423 289
1385 457 1503 524 [6621]

168 526 284 630 λόγον
310 534 369 611 καὶ
397 529 576 630 θαύματος
603 535 636 611 οἱ
663 526 828 634 μακάριοι
850 533 1046 637 προφῆται·
1075 535 1189 608 ταῦτα
1211 525 1250 608 δὲ
1271 524 1362 608 είναί

167 652 350 757 φαμεντᾶ
377 661 449 734 τῶν
467 650 632 761 θυνάμιων
651 655 861 763 ἒνεργιίμιιτα
885 655 926 735 δι’
947 651 1024 737 ε’νῖνς
1048 661 1112 733 τοῦ
1135 651 1356 752 Πνεύματος·

167 774 269 856 ἀλλὰ
295 781 353 858 καὶ
379 779 596 885 προφητεύει
622 812 678 862 τις
700 777 828 881 ἕτερος,
855 776 954 878 πλὴν
978 777 1021 858 οὐ
1045 775 1128 882 δίχα
1152 783 1216 856 τοῦ
1236 776 1354 856 Πνεύ·

166 931 290 999 ματος·
328 901 399 1007 ἕχει
423 901 463 982 δέ
487 936 541 986 τις
566 905 624 982 καὶ
650 897 833 1008 θιανιρίσενς
849 901 1057 1008 πνευμάτων,
1074 899 1173 1000 πλὴν
1200 889 1239 980 εἰν
1262 900 1358 1008 αὐτῷ

133 1030 218 1131 5τῷ
247 1024 441 1124 Πνειίματι·
476 1026 588 1106 ποίων
615 1022 653 1104 δὲ
679 1022 898 1121 πνευμάτων,
926 1023 1059 1126 ε’ίρηται
1085 1021 1271 1126 πρότερον·
1306 1026 1360 1104 δι-

167 1145 266 1227 δόναι
291 1147 405 1250 γεμὴν
422 1151 481 1228 καὶ
499 1148 628 1251 ε’τίροις
647 1146 861 1252 ἰσχυρίζεται
879 1145 921 1226 τὸ
940 1145 1063 1226 εἰδέναι
1082 1143 1157 1248 γένη
1178 1146 1360 1249 γλωσσιῖν,

167 1273 227 1350 καὶ
244 1269 363 1369 με’ντοι
388 1275 445 1350 καὶ
469 1273 647 1378 ἑρμηνείας·
687 1268 852 1375 χάρισμα
870 1269 907 1349 δὲ
924 1267 1030 1348 τοῦτό
1052 1276 1171 1375 φαμεν
1193 1270 1282 1350 ’ίδιον
1299 1274 1359 1350 καὶ

167 1395 206 1474 ἐν
223 1399 333 1502 καιρῷ
351 1398 410 1476 καὶ
428 1395 528 1502 χρείᾳ
544 1397 641 1475 τισὶν
659 1398 886 1492 οἰκονομικῶς
904 1391 1199 1498 κεχορηγημένον.

222 1517 329 1596 Ἀλλ’
359 1522 393 1598 οἱ
420 1517 487 1618 μὲν
513 1524 590 1602 ταῖς
617 1517 810 1620 γλώσσαις
837 1517 1006 1614 ἐλάλουν,
1035 1517 1149 1596 καίτοι
1178 1519 1264 1620 πρὶν
1293 1517 1358 1596 οὐκ

112 1675 152 1716 10
166 1637 294 1724 εἰδότες
316 1641 435 1739 αὐτὰς,
454 1647 487 1721 οἱ
509 1641 547 1721 δὲ
565 1645 731 1741 συνῆσαν
749 1637 1028 1744 διερμηνεώοντες
1051 1641 1164 1719 καίτοι
1181 1636 1297 1721 πάλαι
1314 1637 1358 1720 τί)

165 1761 226 1846 οὖς
245 1763 308 1843 οὐκ
332 1765 475 1868 ε’ντριβῆ
494 1799 533 1845 τε
551 1768 609 1844 καὶ
627 1766 665 1844 ἐν
682 1762 752 1845 ἕθει
777 1771 851 1844 τῶν
873 1761 1043 1844 τοιούτων
1061 1761 1217 1868 ἐχόντων
1238 1769 1356 1842 τινῶν·

165 1884 334 1966 δεδόσθαι
350 1887 464 1989 γεμὴν
476 1890 499 1967 ὁ
511 1885 703 1971 θεσπέσιος
718 1893 866 1972 Παῦλος
883 1894 957 1973 τοῖς
974 1886 1017 1967 τὸ
1035 1887 1198 1988 τηνικάδε
1216 1893 1357 1992 διισχυ·

165 2007 294 2110 ρίζεται
320 2010 363 2089 τὸ
391 2009 583 2112 γλώσσαις
607 2019 743 2109 λαλεῖν,
760 2013 827 2115 οὐχ
855 2014 903 2095 ώς
930 2012 970 2090 ἐν
987 2011 1095 2117 μοίρᾳ
1121 2009 1355 2115 χαρίσματος,
1368 2039 1411 2096 67
1426 2035 1474 2094 Μ.

167 2133 251 2211 ἀλλ’
271 2135 319 2216 ὡς
336 2136 374 2212 ἐν
392 2132 491 2240 τάξει
509 2133 658 2233 σημείου
675 2142 748 2218 τοῖς
766 2141 920 2218 πιστοῖς·
951 2137 1010 2214 καὶ
1027 2131 1071 2233 δὴ
1090 2135 1148 2213 καὶ
1172 2141 1354 2240 προφητι-

114 2282 153 2343 15
167 2250 231 2334 κόν
253 2256 432 2358 παρετίθει
460 2256 584 2358 λόγιον
609 2259 719 2340 οὕτως
747 2257 830 2362 ἕχον
858 2255 980 2338 “'On
1009 2259 1047 2336 ε’ν
1072 2257 1357 2360 ἑτερογλώσσοις
1370 2287 1442 2336 Infra
1453 2287 1506 2337 xiv.

168 2387 190 2426 ‘⁴
207 2381 265 2458 καὶ
292 2381 330 2459 ἐν
346 2381 507 2485 χείλεσιν
530 2378 660 2481 ε’τέροις
688 2379 843 2482 λαλήσω
871 2387 922 2488 τῷ
949 2386 1028 2488 λαῷ
1055 2381 1180 2487 τούτιρ,
1199 2382 1258 2459 καὶ
1280 2381 1355 2460 οὐδ’
1371 2367 1410 2402 Μ’

168 2509 189 2549 “
207 2503 255 2586 ὡς
286 2501 584 2584 πιστεύσουσιν.”
629 2505 765 2607 ἐνεργεῖ
795 2501 832 2583 δὲ
865 2502 1044 2609 διαφόρως
1075 2505 1112 2582 ἐν
1144 2501 1286 2609 ἑκάστῳ
1313 2501 1357 2583 τὸ

167 2630 318 2724 Πνεῦμα
343 2625 504 2726 τὴντῶν
530 2625 765 2732 χαρισμάτων
793 2625 972 2727 διανομήν.
1013 2626 1071 2705 ἵνα
1098 2621 1232 2728 ώσπερ,
1252 2629 1357 2732 φησὶ,

166 2747 209 2828 τὸ
226 2749 326 2855 παχῖν
344 2747 388 2850 δὴ
406 2758 512 2830 τοῦτο
530 2753 587 2830 καὶ
606 2746 678 2830 σἰπῖν
696 2754 764 2850 γῆς
781 2756 890 2848 σῶμα
914 2747 1132 2848 συνέστηκεν
1150 2750 1190 2827 ἐκ
1212 2749 1358 2851 μορίων,

112 2909 153 2949 20
167 2874 259 2953 οὕτω
283 2876 342 2952 καὶ
363 2874 383 2952 ὁ
401 2870 562 2976 Χριστός
586 2872 665 2972 ἤτοι
685 2871 729 2952 τό
753 2879 862 2974 σῶμα
888 2873 1008 2970 αὐτοῦ,
1025 2870 1211 2951 τουτίστιν
1233 2871 1358 2971 ἡἘκ-

166 2996 313 3096 κλησία,
332 2994 392 3076 διὰ
417 3001 559 3096 πολλῆς
588 2997 701 3099 ἁγίων
722 2994 883 3097 πληθύος
906 3001 954 3080 είς
975 2991 1124 3094 ἑνότητα
1144 2992 1210 3093 τὴν
1228 2992 1357 3094 νοητὴν

166 3118 388 3220 τελεωτάτην
415 3119 485 3225 ἔχει
512 3118 578 3220 τὴν
605 3119 803 3201 σύστασιν.
842 3119 1008 3224 ταύτητσι
1035 3121 1094 3199 καὶ
1122 3115 1357 3200 όθεσπεῖτισς

166 3246 301 3322 Δαυεὶδ
316 3243 572 3347 περιεστάλθαι
590 3244 705 3349 φησὶν
723 3242 833 3342 αὐτὴν
849 3254 871 3290 “
885 3245 922 3322 ἐν
942 3247 1121 3349 ἱματισμῷ
1141 3239 1324 3347 διαχρύσῳ
1334 3236 1354 3265 ”
1368 3268 1411 3318 Pu.
1419 3268 1480 3320 xliv.

166 3365 515 3475 περιπεποικιλμένιρ,
537 3365 579 3447 τό
607 3373 679 3446 τῶν
705 3365 940 3472 χαρισμάτων
965 3361 1062 3465 οἶμαι
1087 3362 1270 3448 πολυειδὲς
1298 3367 1357 3444 καὶ
1371 3347 1408 3384 ¹⁰'

112 3516 151 3579 25
165 3488 282 3586 τίμιον
300 3491 349 3572 ώς
363 3489 401 3570 ἕν
419 3525 461 3592 γε
479 3489 594 3598 τούτῳ
612 3491 810 3589 σημαίνων.

216 3607 304 3690 Ὀτι
318 3613 436 3693 τοίνυν
453 3612 615 3730 ἔμελλον
626 3619 657 3692 οῖ
676 3617 739 3714 τῆς
758 3614 819 3720 ὑφ’
833 3612 924 3720 ἡλίιρ
944 3613 1178 3716 μυσταγωγοί
1196 3611 1357 3717 γλώσσῃ

202 3828 280 3883 9-22.
294 3812 370 3869 Haeo
381 3815 444 3869 citat
455 3824 482 3870 et
491 3813 591 3870 Catone
603 3817 631 3871 in
645 3817 729 3872 Pma
766 3817 864 3872 stolum
875 3816 1002 3890 Gramero
1013 3815 1084 3871 edita
1095 3834 1109 3870 ς
1119 3815 1188 3871 eod.
1197 3816 1280 3872 Coisl.
1292 3835 1356 3872 xxv.

165 3883 212 3966 ἰοί.
225 3899 287 3965 ny
300 3882 394 4008 [χρειω
405 3903 419 3938 c
432 3884 547 3976 ⁸5ng
567 3897 593 3941 et
605 3887 664 3942 cod.
679 3887 720 3978 Cf>
740 3888 791 3974 ορίὶ
803 3887 875 3942 Novi
881 3888 941 3978 ‘lviii
947 3887 1027 3974 “apud
1041 3886 1207 3976 Ονιοιιίεηιες
1227 3885 1319 3976 [αρσια
1338 3887 1357 3942 d

165 3951 293 4023 mgnum}
341 3956 414 4010 tulus
421 3963 472 4010 Τυυ
480 3977 555 4028 ογιου
561 3957 686 4028 κνρίλλου
693 3979 721 4011 εκ
729 3979 775 4028 της
786 3959 917 4028 ίρμηνεισς
927 3979 973 4027 της
984 3959 1049 4026 πρὸς
1062 3957 1203 4027 κορινθιονς
1214 3979 1231 4010 α
1250 3979 1357 4012 επιστο-

164 4025 212 4091 λῆς
223 4025 303 4092 τόμον
316 4022 343 4078 B‘
358 4023 422 4097 [sic]
436 4043 461 4081 c.
587 4043 627 4082 10.
647 4029 671 4081 σί
683 4028 712 4082 δὲ
724 4027 776 4082 c.d.
788 4029 828 4080 καί
840 4027 874 4081 Α.
887 4027 937 4081 Ed.
993 4027 1067 4081 Ηοεσ
1078 4029 1108 4081 τὸ
1121 4025 1164 4081 οὖς
1176 4036 1202 4080 et
1213 4027 1316 4097 ε’ντριβῆ
1328 4049 1358 4082 τε

164 4095 206 4148 καί
218 4105 386 4149 uocauerunt
396 4113 428 4150 ex
440 4095 493 4151 c.d.
574 4113 616 4152 Π.
629 4098 742 4169 ι’χόντιον
752 4103 828 4152 τινῶν
838 4098 890 4152 c.d.
902 4097 973 4154 ὄντες
984 4098 1078 4167 φωνῶν
1088 4095 1123 4150 Α.
1136 4095 1189 4152 Ed.
1270 4111 1311 4150 ις.
1325 4099 1357 4151 τό

163 4164 281 4232 τηνικάδε
307 4167 366 4219 τότε
377 4167 423 4234 τὴν
434 4167 510 4238 χάριν
521 4166 549 4222 d.
561 4189 592 4222 τυ
604 4167 650 4236 την
679 4169 722 4224 lun
735 4166 843 4222 dimidia
854 4169 924 4222 liuea
934 4168 1031 4222 lacuna
1042 4184 1066 4221 c.
1253 4182 1295 4290 ιχ.
1313 4187 1356 4221 πι-

164 4235 239 4290 σταῖς
250 4233 286 4288 ha
319 4236 448 4292 ntA.c.d.
486 4237 582 4306 δὴοκί.
595 4259 635 4292 τοι
672 4238 699 4293 d.
735 4236 906 4308 προφητικὸν]
919 4235 1168 4326 προτριττιιῷνοθ.
1250 4238 1356 4292 μίτοι
1414 4261 1418 4270 ·

163 4304 315 4376 ροχιίλτσιν
326 4322 375 4375 pro
387 4307 415 4362 ἐν
425 4329 453 4378 χ.
466 4308 503 4362 ίτ.
517 4307 569 4362 c.d.
726 4325 737 4364 1
733 4321 768 4433 J
786 4311 821 4364 ὣς
832 4305 1038 4431 πιστεύσουσιιέ
1048 4328 1128 4362 ουτως
1141 4304 1320 4362 πιστεῦσυσιν
1331 4325 1356 4362 ο.

168 4373 209 4428 18.
227 4372 294 4429 ίνό.
472 4394 515 4432 22.
534 4378 696 4447 τελειοτάτην
707 4397 730 4434 c.
814 4378 1001 4450 ίχεισ.θ.ίχοι
1040 4376 1066 4432 d.
1102 4375 1233 4432 σῦστοσιν
1244 4376 1356 4432 demd-

166 4458 209 4509 24.
226 4445 474 4519 πιριπιπυικιλμίνφ
486 4448 624 4503 emendavi
636 4458 696 4519 ροοῑ
709 4449 812 4520 Migne.
824 4447 1050 4530 περιεποικιλμίνην
1062 4447 1096 4501 Α.
1110 4446 1176 4503 Mai.
1275 4447 1356 4518 26-p.

165 4529 238 4637 3¹90}¹
243 4530 283 4586 19·
305 4514 379 4572 Haec
391 4517 469 4573 nobie
482 4517 653 4590 suppeditant
665 4518 718 4574 c.d.
731 4521 771 4574 ml
784 4518 839 4588 μετ’
851 4519 928 4590 ὀλίγα
940 4525 1123 4590 ρταεοιιιιεαιε
1135 4518 1162 4573 d.
1219 4515 1262 4573 τό.
1280 4515 1320 4573 ὅτι
1332 4536 1357 4574 c.

196 4604 209 4636 G
241 4621 248 4638 ι

209 4683 279 4730 νου.
296 4685 347 4732 111.
741 4691 759 4734 ς
775 4696 796 4756 p
