3284 5130
318 339 381 404 148
620 334 660 398 Β.
684 331 896 400 GYRILLI
926 333 1215 397 ALEXANDR.
1390 356 1443 397 xx.
1459 334 1511 400 28.

316 508 381 580 τοῦ
407 500 566 581 διδάσκω
594 498 711 583 τιθείς.
750 501 771 578 ὁ
799 497 838 578 δέ
867 497 1048 579 διδάσκων
1075 497 1312 598 δικαιοσύνην,
1338 504 1416 581 πῶς
1446 499 1511 578 οῦκ

317 621 363 702 ἀν
390 629 506 704 νοοῖτο
534 622 725 722 νομαθετης
752 621 1057 724 ὁμολογουμένως·
1091 628 1121 702 εί
1149 621 1186 702 δέ
1215 620 1415 721 νομοθετιγς,
1432 627 1511 704 πῦς

317 747 397 852 οὐχὶ
415 747 557 832 πάντως
575 749 633 826 καῖ
653 743 768 842 Θεύς;
798 740 874 826 εἶτα
891 742 983 846 πρὸς
1003 744 1113 824 αὐτὸν
1130 749 1164 825 οῖ
1182 744 1332 846 ἀγγελυι
1348 746 1510 848 λέγουσι,

151 869 399 952 umaro&
435 868 567 953 τύπους
603 876 675 948 τῶν
711 869 811 970 ἥλων
846 872 906 949 καὶ
946 869 1063 952 αῦτοῖς
1099 865 1224 970 ὥσπερ
1260 866 1510 949 ἐπιδεικνύντας

150 1001 236 1117 ffi
318 998 483 1095 Χριστοῦ
505 1003 527 1040 “
539 994 590 1072 Τί
604 992 707 1072 afuat
726 997 763 1072 αί
780 994 920 1094 πληγαὶ
937 989 1006 1070 ἀνά
1022 989 1135 1086 με’σον
1152 998 1224 1070 τῶν
1241 997 1368 1096 χειρῶν
1384 1025 1454 1071 σου
1466 1023 1477 1086 ;
1488 991 1545 1081 ”5

316 1114 408 1217 πρὸς
439 1114 566 1201 αὐτοῦς
597 1113 636 1196 δέ
663 1114 836 1216 ῦΚύριος
863 1113 968 1198 ““Ας
993 1113 1158 1215 ἐπλήγην
1185 1117 1301 1220 ἐντῷ
1331 1114 1415 1222 οἴκῳ
1445 1123 1511 1194 τοῦ

316 1243 503 1341 ἀγαπητοῦ
525 1239 625 1338 μου.”
663 1235 757 1322 οἶκος
775 1236 847 1340 γάρ
865 1236 915 1316 ew
937 1237 1122 1340 ἀγαπητὸς
1141 1239 1161 1316 ὁ
1178 1235 1330 1340 Ἰσραὴλ
1355 1235 1511 1343 ἐπληξεν

315 1363 416 1463 ἥλοις
435 1365 493 1442 καὶ
511 1360 632 1467 λόγχῃ
644 1360 708 1440 τὸν
725 1361 870 1462 Κύριον.
900 1357 947 1440 τά
958 1358 1031 1463 γάρ
1043 1367 1116 1441 τῶν
1134 1366 1363 1462 στρατιωτῶν
1375 1359 1511 1459 τολμή-

315 1520 413 1586 ματα
430 1493 506 1568 ταῖς
523 1483 706 1565 Ἰουδαίων
722 1490 899 1586 κεφαλαῖς
917 1480 1059 1567 εἰκότως
1076 1483 1122 1562 ἀν
1139 1482 1383 1588 ἐπιγράφοιτο.
1421 1517 1509 1585 προ·

315 1606 484 1710 σήγαγον
512 1606 584 1710 γάρ
611 1609 710 1688 αῦτοὶ
736 1612 789 1713 τῷ
816 1613 944 1687 παθεῖν
969 1605 1033 1686 τὸν
1054 1606 1198 1709 Κύρων.
1231 1607 1289 1686 ὅτε
1312 1607 1429 1686 τοίνυν
1450 1609 1509 1685 καὶ
1527 1647 1569 1698 ιο

282 1731 442 1814 Βαῦτοῦς
460 1729 638 1830 ἐθελήσας
655 1734 940 1836 πληροφορήσαι
957 1728 1120 1831 Χριστὸς
1137 1729 1218 1814 τοῦς
1236 1732 1358 1830 ἁγίους
1375 1726 1510 1831 ἀγγέλ-

316 1889 388 1951 ους,
416 1853 470 1933 ὅτι
498 1855 557 1930 καὶ
584 1851 772 1953 ἀνθραπτος
800 1852 947 1954 γε’γονεν
974 1854 1134 1952 ἀληθῶς,
1164 1855 1223 1933 καὶ
1250 1853 1304 1933 ὅτι
1331 1851 1394 1932 τὸν
1423 1851 1510 1956 ύπέρ

315 1977 418 2076 ἡμῶν
454 1976 615 2070 ῦπέμεινε
651 1974 822 2078 σταυρὸν,
854 1973 1042 2079 ἐγήγερται
1078 1980 1137 2056 καὶ
1168 1975 1299 2071 ἀνεβίω
1330 1975 1442 2057 πάλιν
1470 1980 1510 2056 ἐκ

316 2105 460 2201 νεκρῶν,
483 2099 562 2202 ούχὶ
589 2096 710 2197 μόνοις
737 2099 896 2200 ήρκείτθή
925 2097 1059 2200 λόγοις,
1086 2099 1187 2178 ἀλλὰ
1214 2099 1260 2178 τὰ
1286 2108 1350 2181 τοῦ
1375 2099 1511 2183 πάθους

315 2221 426 2328 ἔδειξε
450 2226 593 2320 σημεῖα·
624 2221 664 2301 τί
687 2219 729 2300 τῦ
758 2217 970 2320 θαυμαστὸν
993 2219 1017 2320 ἢ
1042 2221 1155 2328 ξένον,
1173 2228 1203 2301 εί
1231 2225 1290 2301 καὶ
1314 2219 1422 2303 αῦτῦν
1448 2223 1510 2302 τὸν
1526 2261 1566 2320 ¹5

314 2343 488 2447 μακάρων
517 2341 733 2450 ἀπαλλάξω
765 2348 829 2443 τῆς
861 2345 1032 2428 ἀσωτίας
1064 2347 1225 2445 θελήσας
1252 2351 1400 2444 θωμῦν,
1427 2343 1510 2430 τοῦς

315 2467 448 2553 τύπους
471 2468 580 2574 ἔδειξε
603 2473 675 2546 τῶν
693 2467 803 2566 ἥλων,
824 2468 883 2545 καὶ
901 2468 985 2568 παρ’
1007 2466 1094 2547 αὐτὸ
1115 2467 1158 2548 τὸ
1184 2467 1275 2554 είκῦς
1301 2472 1425 2575 ὀφθεὶς
1452 2468 1511 2548 διὰ

314 2589 357 2671 τῦ
380 2599 472 2672 πᾶσι
500 2590 699 2696 συμφέρον,
719 2593 778 2669 καὶ
801 2589 859 2668 ἵνα
886 2588 929 2670 τὸ
957 2596 1021 2690 τῆς
1049 2590 1283 2676 ἀναστάσεως
1309 2590 1513 2696 πεπράχθαι

315 2714 514 2816 μυστήριον
533 2713 793 2818 ἀναμφιλόγως
819 2713 1054 2812 πιστεύωμεν,
1070 2717 1137 2820 οὐχ
1164 2714 1283 2819 ἐτέρου
1309 2715 1403 2800 τινὸς
1430 2717 1513 2818 ἐγη-

287 2836 488 2941 αγερμένου
506 2836 686 2935 σώματος,
703 2835 805 2914 ἀλλά
823 2845 887 2916 τοῦ
904 2836 1081 2922 παθόντος
1098 2837 1161 2918 τὸν
1178 2836 1354 2933 θάνατον;
1526 2879 1567 2920 αα

268 3085 306 3140 28
329 3075 507 3164 Ἀπεκρίθη
534 3077 623 3162 αὐτῷ
646 3076 768 3155 Θωμᾶς
796 3079 850 3142 καί
877 3081 965 3153 λὲτει
991 3080 1082 3166 αὐτῷ
1102 3080 1145 3146 Ὃ
1173 3081 1281 3170 κύριός
1307 3101 1369 3158 μου
1396 3081 1449 3146 καὶ
1474 3081 1494 3150 ὀ

823 3202 910 3270 θεὸς
936 3226 1010 3281 μου.

373 3362 489 3470 Ὀξύς
523 3370 574 3448 είς
609 3367 808 3466 ὁμολογίαν
845 3367 865 3444 ὁ
901 3365 983 3468 ἀρτι
1019 3366 1156 3470 βραδύς
1189 3369 1270 3470 περὶ
1305 3365 1348 3447 τῦ
1384 3372 1513 3472 χρῆναι

318 3486 496 3566 πιστεύειν
517 3489 624 3593 αῦτῷ,
644 3491 682 3567 ἐν
706 3489 821 3597 ἀλίγφ
839 3486 878 3568 δέ
902 3497 1090 3574 παντελῶς
1115 3491 1365 3594 τεθεράπευται
1388 3498 1510 3598 καιρῷ.

295 3659 299 3664 ·
319 3608 412 3689 ὀκτὼ
429 3607 502 3712 γάρ
519 3609 644 3714 ἡμέραι
663 3611 895 3713 διαγεγάνασι
912 3612 1029 3712 μόναι,
1048 3617 1106 3694 καὶ
1120 3614 1166 3694 τά
1183 3619 1246 3714 τῆς
1265 3615 1514 3716 ἀλιγοπίυτιας
1526 3664 1544 3703 2
1548 3661 1567 3720 5

320 3733 573 3830 διακωλύματα
599 3733 806 3834 κατηργήθη
832 3735 932 3839 παρά
949 3743 1123 3840 Χριστοῦ,
1146 3737 1229 3822 τούς
1255 3771 1294 3817 τε
1320 3745 1392 3818 τῶν
1414 3739 1515 3838 ἥλων

318 3855 452 3938 πίπους
479 3859 536 3935 καὶ
561 3855 673 3955 αι’τιήν
691 3857 930 3964 ἐπιδειξαντος
954 3858 1020 3959 τήν
1038 3861 1208 3963 πλευράν.
1246 3863 1331 3940 ἀλλ’
1351 3861 1440 3945 ἴσως
1458 3896 1513 3946 τις

287 3977 410 4080 ἀπρῦς
439 3987 546 4058 τοῦτο
579 3981 651 4080 ἐρεῖ
677 3979 729 4060 Τί
756 3980 842 4083 γάρ,
872 3984 952 4063 είπέ
974 4018 1045 4083 μοι,
1076 3983 1136 4064 διά
1164 3990 1228 4085 τῆς
1257 3986 1348 4066 οὕτω
1379 3989 1514 4085 λεπτῆς

319 4129 671 4280 ..ξιῪῖἓζθῑια
685 4135 1514 4286 λαᾞλῖξιῖἵῇθλὲἑῑαλιξὲῗθᾚΐλὲ

319 4287 388 4322 nm
402 4287 451 4339 ¹²9
481 4272 680 4346 ,τᾷᾶγατητᾷ
701 4274 724 4328 E
742 4292 816 4355 ρτιας
835 4283 926 4346 ιοτιρι.
940 4276 990 4330 Ed.
1008 4277 1043 4331 cf.
1061 4278 1090 4331 iu
1107 4279 1145 4333 xii
1157 4278 1254 4350 proph.
1267 4277 1513 4334 adloe.etwmm.

322 4338 479 4430 νῦν
496 4343 632 4467 ττι
649 4345 1018 4484 ντῑιυτειευ
1032 4347 1089 4437 22
1115 4423 1127 4436 -
1158 4420 1178 4472 ι
1217 4349 1281 4434 ⁷2⁸·
1299 4343 1512 4440 Q

325 4561 366 4598 12.
379 4551 589 4617 τυρωτδνΕ.
698 4567 739 4619 15.
756 4502 1122 4628 ἥξίηεῌκαίξέτανῆΕ.
1230 4573 1273 4630 27.
1292 4558 1465 4630 ἐπδείθαςΕ.
