3268 5130
311 309 374 372 192
476 307 516 373 B.
539 305 730 374 OYRILLI
756 305 1022 371 ALEXANDR.
1051 303 1334 371 FRAGMENTA
1417 300 1457 364 vi.
1474 299 1509 361 6.

154 407 209 474 [1³
221 407 286 474 M.]
308 469 400 573 πρὸς
433 473 622 575 ἁμαρτίαν·
665 479 858 573 κατηρεμεῖ
882 469 948 571 μὲν
979 475 1043 570 τῆς
1074 471 1247 573 ἁμαρτίας
1276 469 1297 546 ὁ
1327 463 1433 565 νόμος
1466 468 1511 543 ἐν

307 597 352 699 τῇ
380 596 466 702 ἁγίᾳ
493 599 551 675 καὶ
579 594 752 703 πανάγντρ
779 600 889 697 σαρκὶ
916 603 981 674 τοῦ
1009 599 1186 698 Χριστοῦ·
1217 596 1275 671 καὶ
1302 593 1405 671 οὔτι
1432 622 1510 668 που

308 720 518 818 κεκινῆσθαί
536 726 657 825 φαμεν
672 721 710 798 ἐν
728 719 825 824 αὐτῷ
847 717 893 796 τά
914 724 987 798 τῶν
1005 717 1237 820 ἀνθρωπίνων
1253 719 1381 795 παθῶν
1398 715 1505 791 ἐκτο-

307 841 462 944 πιίτερα,
484 841 584 942 πλὴν
611 842 684 922 ὅσα
710 841 777 941 τήν
799 843 940 940 κίνησιν
962 841 1185 939 ἀδιάβλητον
1209 840 1290 944 ἔχει,
1311 839 1354 917 τὸ
1380 841 1509 936 πεινῆν

309 955 366 1063 δή
378 965 475 1066 λε’γω
498 969 556 1045 καὶ
580 961 622 1046 τὸ
647 969 761 1072 διψῆν
779 968 839 1044 καὶ
856 961 900 1044 τὸ
918 971 1047 1044 κοπιᾶν
1065 966 1123 1043 καὶ
1142 961 1215 1042 ὅσα
1239 965 1297 1041 καὶ
1317 962 1400 1065 παρ’
1420 960 1546 1059 ἡμῖν5

309 1088 412 1186 ὁτῆς
431 1087 576 1193 φύσεως
602 1088 710 1187 νόμος
734 1087 804 1195 ἔξω
829 1088 1019 1190 τετήρηκεν
1046 1087 1170 1171 αἰτίας·
1204 1084 1299 1184 ὅμως
1322 1088 1352 1163 εί
1373 1080 1507 1180 καὶμὴ

309 1211 487 1311 κεκίνηται
513 1211 623 1318 τυχὸν
651 1214 689 1292 ε’ν
716 1216 869 1319 Χριστῷ
895 1215 959 1310 τῆς
986 1210 1199 1312 ἁμαρτάιςὸ
1224 1205 1342 1305 νόμος,
1363 1206 1422 1286 διά
1448 1239 1508 1285 τοι

310 1333 352 1415 τὸ
371 1342 617 1435 κατηονᾶσθαι
638 1337 683 1440 τῷ
707 1343 772 1416 τοῦ
797 1339 1068 1432 οίκονσμοῦντας
1086 1333 1209 1434 Λάγου
1227 1330 1370 1431 δυνάμει
1388 1331 1508 1409 τεκαὶ

310 1459 475 1564 ἐνεργείᾳ,
503 1459 589 1538 ἀλλ’
619 1459 681 1539 οὖν
710 1457 797 1539 ὅταν
826 1460 917 1557 αὕτη
951 1459 1034 1538 καθ’
1068 1454 1196 1554 ἑαυτὴν
1225 1455 1248 1553 ἡ
1276 1458 1340 1552 τῆς
1368 1453 1509 1556 σαρκὸς

311 1580 533 1683 δοκιμάζεται
551 1578 744 1687 φύσις,
699 1616 766 1662 καν
785 1587 815 1661 εί
832 1585 870 1661 ἐν
888 1585 1040 1687 Χριστῷ
1066 1586 1182 1660 νοοῖτο
1199 1577 1318 1684 τυχὸν,
1337 1579 1404 1683 οὐχ
1425 1577 1503 1657 ἑτέ-
1524 1613 1567 1652 το

310 1737 378 1855 ραν
415 1705 530 1784 οὖσαν
565 1704 666 1806 παρὰ
698 1703 764 1806 τὴν
795 1705 895 1805 ἡμῶν
927 1703 1137 1806 εὑρήσομεν.
1179 1701 1508 1805 συνεσταυρώμεθα

311 1826 429 1904 τοίνυν
447 1815 554 1934 αὐτῷ,
572 1829 843 1930 σταυρωθείσης
867 1829 976 1908 αὐτοῦ
1000 1831 1065 1927 τῆς
1083 1824 1227 1928 σαρκὸς,
1246 1858 1304 1904 και
1323 1822 1397 1903 οἷον
1413 1823 1509 1923 ὅλην

311 1947 464 2052 ἐχούσης
482 1952 519 2030 ἐν
536 1950 643 2054 εαυιή
667 1951 733 2050 τήν
750 1950 878 2056 φύσιν·
914 1949 1075 2053 καθάπερ
1093 1944 1216 2048 άμελει
1234 1982 1293 2028 και
1311 1949 1349 2026 ἐν
1366 1945 1504 2046 Ἀδὰμ,

313 2069 371 2150 ὅτε
386 2071 532 2174 γε’γονεν
548 2071 734 2176 ἐπάρατος,
753 2073 822 2172 ὅλη
840 2072 1007 2174 νενόσηκε
1025 2073 1092 2173 τὴν
1109 2070 1200 2175 ἀράν
1218 2072 1240 2171 ἡ
1259 2071 1382 2177 φύσις·
1412 2071 1508 2150 οὕτω

312 2191 384 2296 γὰρ
401 2197 459 2274 καὶ
478 2197 738 2298 συνεγηγίρθαι
755 2196 937 2299 λεγόμεθα
950 2202 1002 2304 τῷ
1015 2197 1177 2303 Χριστῷ,
1196 2199 1452 2298 συγκαθήσθαι
1466 2193 1508 2275 δὲ
1525 2228 1562 2287 15

311 2318 369 2396 καὶ
387 2319 425 2396 ἐν
442 2324 517 2403 τοῖς
535 2321 765 2421 ἐπουρανίοις·
798 2325 827 2398 εἰ
845 2318 919 2421 γὰρ
936 2321 997 2399 καί
1011 2323 1111 2399 ε’στιν
1131 2316 1217 2420 ι’πτέρ
1236 2319 1328 2418 ἡμᾶς
1346 2321 1394 2402 ὡς
1412 2316 1509 2400 θεὸς

310 2439 600 2540 ὃἘμμιινσυὴλ,
620 2444 704 2521 ἀλλ’
729 2443 792 2521 οὖν
819 2441 897 2522 ἐπεί
918 2476 973 2522 τοι
1001 2443 1126 2545 γε’γονε
1154 2442 1238 2522 καθ’
1268 2441 1359 2541 ἡμᾶς
1386 2443 1434 2524 ὡς
1457 2438 1510 2523 εἷς

309 2563 354 2669 ἐξ
377 2565 489 2663 ἡμῶν,
514 2562 707 2669 ε’γήγερταί
730 2600 769 2645 τε
797 2569 856 2645 καὶ
883 2565 1084 2664 συνεδρεύει
1110 2571 1162 2673 τῷ
1184 2570 1266 2672 Θεῷ
1293 2569 1351 2643 καὶ
1371 2565 1505 2666 Πατρί.

310 2687 545 2793 συνεσταυρώθη
573 2689 691 2769 τοίνυν
720 2699 734 2770 ὁ
763 2688 919 2775 πολοιδτ
948 2687 1125 2797 ἅνθρωπος·
1166 2688 1314 2767 λέλυται
1347 2685 1420 2789 γὰρ
1448 2683 1509 2765 διὰ

311 2812 374 2907 τῆς
393 2810 628 2896 ἀναστάσεως
646 2816 709 2911 τῆς
726 2814 877 2917 ἀρχαίας
895 2814 1026 2912 ἐκείνης
1042 2815 1132 2914 ἀράς
1149 2813 1172 2911 ἦ
1190 2810 1346 2911 δύναμις·
1377 2809 1508 2914 κατήρ-
1523 2846 1562 2885 οο

207 3031 213 3045 Ι
311 2965 418 3033 γηται
440 2931 479 3013 δὲ
504 2936 562 3012 καὶ
585 2933 619 3014 τδ
645 2933 751 3038 τάμοι
769 2935 827 3027 τήτ
852 2937 1039 3042 ἁμαρτίαις,
1059 2937 1117 3014 καὶ
1144 2936 1223 3039 ούχὶ
1248 2933 1291 3036 δὴ
1316 2931 1461 3017 πάντως
1483 2935 1508 3032 ἦ

311 3051 421 3160 σάρξ,
449 3052 550 3134 ἀλλὰ
577 3062 649 3134 τῶν
677 3057 715 3134 ἐν
742 3058 832 3162 αὐτῷ
864 3056 1065 3158 κινημάτων
1093 3058 1115 3157 ἡ
1143 3057 1299 3161 ἔμφυτος
1327 3055 1506 3159 άγριάτης,

311 3178 555 3257 κατασείουσα
581 3177 646 3276 μὲν
673 3181 726 3257 ἀεὶ
753 3176 844 3280 πρός
870 3179 917 3261 τά
944 3182 1075 3286 αἰσχίω
1104 3176 1168 3260 τδν
1194 3187 1287 3277 νοῦν,
1309 3181 1442 3260 ε’νιεῖσα
1468 3179 1507 3260 δὲ

312 3296 438 3401 ὥσπερ
463 3303 572 3406 πηλῷ
601 3307 659 3381 καὶ
687 3301 844 3401 τέλμασι
872 3311 949 3388 ταῖς
977 3304 1232 3408 γεωδεστεραις
1257 3303 1410 3402 ἡδοναῖς·
1450 3303 1507 3383 ὅτι

312 3419 386 3522 γὰρ
403 3423 441 3501 ε’ν
458 3426 610 3530 Χριστῷ
629 3427 687 3504 καὶ
706 3434 812 3505 ταῦτα
830 3427 1061 3529 κατώρθωται
1082 3433 1127 3530 τῇ
1152 3427 1354 3534 άνθρωπείᾳ
1377 3427 1503 3533 φύσει,
1522 3467 1561 3530 ²5

145 3549 389 3630 maffia-⁷165
424 3542 469 3623 ἂν
505 3544 702 3626 ε’νδοιάσειε’
727 3582 791 3645 τις,
827 3549 979 3629 Παύλου
1015 3549 1185 3652 λέγοντος
1220 3552 1377 3653 ἐναργῶς
1411 3561 1434 3596 “
1449 3548 1505 3628 Τὸ

313 3664 424 3768 “γδιρ
443 3666 619 3748 ἀδύνατον
641 3678 705 3748 τοῦ
732 3669 843 3768 νόμου
864 3674 949 3779 ε’νῳ
932 3669 1115 3772 ἠσθένει
1143 3671 1272 3751 διδ
1229 3708 1293 3772 της
1319 3671 1505 3777 σαρκὸς,ὃ

313 3798 335 3836 “
354 3788 500 3874 θεὸς
464 3825 528 3870 τον
546 3825 671 3870 εαυταυ
654 3790 779 3871 Υίδν
796 3793 982 3899 πέμψας’
964 3830 1001 3876 εν
1020 3794 1216 3894 ὁμοιώματι
1233 3794 1369 3900 σαρκὸς
1385 3797 1503 3898 ἁμαρ-

313 3911 430 3996 “τίας
463 3947 522 3992 και
553 3917 633 4018 περὶ
662 3915 845 4017 ἁμαρτίας,
878 3918 1058 4020 κατέκρινε
1086 3916 1154 4018 τήν
1184 3920 1361 4022 ἁμαρτίαν
1393 3922 1430 3998 ἐν
1461 3923 1506 4023 τῇ

313 4035 506 4138 “σαρκί;”
537 4037 622 4143 ὁρῷς
640 4038 703 4117 οὖν
716 4036 812 4122 ὅπως
831 4077 866 4120 τι
881 4077 938 4131 της
951 4043 1128 4149 ἁμαρτίας
1142 4041 1361 4144 κατήργηται
1376 4041 1504 4146 τάμοι;
1520 4086 1561 4142 30

200 4184 240 4238 14
253 4183 301 4242 Π.
314 4160 558 4264 κατακέκριται
580 4158 652 4264 γὰρ
670 4163 708 4240 ἐν
725 4164 771 4266 τῇ
793 4165 903 4264 σαρκὶ
925 4166 988 4260 τῆς
1006 4164 1180 4265 ἁμαρτίας
1197 4163 1240 4244 τὸ
1259 4164 1416 4267 κε’ντρον·
1448 4169 1506 4244 καὶ

367 4374 1297 4458 0—p.91,.2partimcituntt,CntenaequehuJungenemoeterae.
1378 4377 1421 4432 28.
1431 4375 1505 4459 θιὸς]

503 4442 530 4496 d.
543 4392 623 4499 Parh.
637 4445 730 4499 Sinait
749 4446 885 4501 ὶατὶιίιΒ.
896 4445 965 4502 cod
979 4447 1009 4502 S.
1023 4446 1159 4503 Laurentii
1171 4447 1436 4518 Encorialensiussst
1420 4448 1458 4502 ui
1466 4448 1508 4502 18.

316 4525 359 4580 29.
378 4461 419 4566 καὶ
430 4511 515 4580 περὶ
501 4514 625 4582 αμαρτιας
636 4531 690 4568 om
705 4515 738 4568 Β.
