3268 5130
312 338 379 402 ιιι
499 335 538 398 ιι.
558 331 748 398 cmm
775 331 1037 398 AooxANoo.
1067 331 1198 397 ναια.
1244 331 1286 395 ix.
1301 351 1352 416 31,
1364 349 1416 416 33,
1432 351 1463 393 ι.
1478 347 1506 394 ι.

161 440 285 506 [Μ’]
313 499 351 580 δὲ
375 496 541 601 κήρυγμα
564 497 606 578 τό
628 495 859 600 εὐαγγελικδν
877 498 1020 579 ἁπλοῦν
1037 496 1081 577 τέ
1094 498 1174 578 ἐστι
1199 498 1257 576 καὶ
1284 491 1395 597 λόγος
1421 525 1511 572 συν-

313 621 537 722 τετμημένος.

261 863 296 920 3¹
546 853 680 943 Ἰοραίιλ
708 852 743 920 δὲ
771 853 903 919 διώκων
930 853 1029 930 νόμον
1057 852 1278 923 δικαιοσύνας.

367 1015 579 1102 Ἀποδιδοός
606 1019 725 1098 τοίνυν
752 1017 816 1101 τὰς
843 1018 957 1102 αἰτίας
983 1024 1048 1097 τοῦ
1075 1014 1125 1116 μὴ
1152 1014 1291 1100 πάντας
1316 1019 1511 1097 σεσῶσθαι

312 1142 513 1238 Ἰουδαίους,
544 1138 646 1225 εὐθὺς
681 1138 859 1222 ε’πιπλέκει
897 1147 949 1248 τῷ
986 1139 1087 1247 λόγῳ
1125 1146 1255 1238 θαῦμα,
1297 1139 1359 1220 καί
1393 1145 1547 1246 φησιν5

307 1262 359 1343 Ὢ
385 1264 592 1372 παραδόξου
619 1261 844 1368 πράγματος·
873 1263 896 1362 ἡ
922 1271 994 1343 τῶν
1020 1266 1267 1362 πλανωμένων
1292 1262 1435 1363 πληθὺς
1459 1261 1510 1362 μὴ

312 1386 448 1492 ἔχουσα
493 1387 635 1469 σκοπόν
676 1387 771 1471 ὅλως
811 1390 1091 1489 ἀγαθοεργῆσαι,
1136 1387 1368 1478 δεδικαίωται,
1407 1386 1427 1464 ό
1472 1385 1511 1464 δέ

311 1508 476 1614 Ἰσραὴλ,
509 1512 621 1591 καίτοι
654 1516 706 1618 τῷ
736 1508 794 1590 διά
828 1508 994 1593 Μωσέως
1028 1508 1126 1618 νόμῳ
1156 1508 1247 1612 πρός
1279 1507 1510 1608 δικαιοσύνην

312 1633 659 1737 παιδαγωγοιίμενος,
690 1631 860 1736 διήμαρτε
890 1637 955 1733 τῆς
982 1635 1129 1717 ἐλπίδος
1160 1636 1220 1713 καὶ
1252 1631 1425 1738 ἀμετοχος
1451 1631 1511 1735 γέ-

313 1791 396 1860 γονε
429 1761 492 1854 τῆς
525 1763 574 1842 εἷς
600 1765 707 1837 τοῦτο
736 1764 879 1860 δωρεᾶς.
923 1759 976 1842 τίς
1006 1757 1068 1836 οὖν
1098 1756 1122 1856 ἡ
1153 1757 1259 1856 αἰτία,
1290 1753 1428 1863 σαφής·
1468 1755 1510 1834 οὐ
1529 1785 1570 1827 10

313 1878 385 1981 γάρ
417 1878 648 1981 προσήκαντο
684 1879 751 1981 τὴν
781 1880 839 1961 διὰ
874 1880 1030 1965 πίστεως
1066 1881 1250 1983 σωτηρίαν
1285 1881 1344 1960 καὶ
1374 1876 1441 1979 τὴν
1473 1881 1510 1958 ἐν

313 2007 467 2110 Χριστῷ
496 2005 693 2101 δικαίωσιν,
730 2002 902 2103 ἐνόμισαν
934 2002 972 2084 δέ
1008 2005 1128 2088 αὐτοῖς
1160 2007 1279 2108 ἀρκεῖν
1309 2002 1356 2083 τά
1387 2005 1437 2086 ὡς
1470 2003 1508 2082 ἐν

314 2135 433 2209 σκιαῖς
457 2123 658 2230 αὐχήματα.

264 2344 302 2400 33
720 2318 814 2386 Λίθον
841 2320 1105 2408 προσκόμματος.

370 2480 429 2560 Οὐ
452 2479 523 2583 γάρ
541 2478 657 2580 δήπου
674 2481 793 2586 φαμέν
811 2481 866 2586 ’ότι
891 2480 949 2562 διά
971 2489 1078 2561 τοῦτο
1100 2481 1201 2581 ε’τέθη
1220 2478 1383 2583 Χριστός
1402 2482 1440 2560 έν
1457 2483 1512 2586 τῷ
1532 2518 1571 2577 15

313 2601 478 2704 Ἰσραὴλ,
503 2605 588 2682 ἀλλ’
616 2603 735 2702 ἐπειδὴ
762 2612 868 2684 τοῦτο
895 2605 1131 2706 προέγνωστο
1158 2609 1211 2712 τῷ
1236 2608 1330 2711 Θεῷ,
1354 2600 1397 2683 τό
1423 2601 1511 2682 ἐσό-

313 2758 420 2824 μενον
446 2727 798 2832 προαναπεφιόνιγκεν
826 2728 1036 2830 ἀναγκαίως,
1070 2729 1117 2811 ὡς
1150 2728 1306 2806 κείσεται
1332 2724 1398 2825 μέν
1426 2723 1508 2806 όλι·

314 2855 406 2934 σθος
433 2855 480 2933 είς
508 2849 554 2929 τὰ
581 2847 731 2949 θεμέλια
759 2849 865 2949 Σιίον,
893 2849 1075 2949 μέλλουσι
1100 2849 1138 2931 δέ
1164 2851 1388 2955 περιπίπτειν
1415 2851 1513 2956 αὐτῷ

315 2979 387 3052 τῶν
409 2973 593 3053 ἀσυνέτων
613 2973 715 3070 τινὲς,
734 2978 792 3053 καὶ
814 2983 921 3054 τοῦτο
947 2973 1104 3080 πάσχειν
1129 2974 1174 3080 ἐξ
1196 2975 1382 3058 ἀπειθείας.
1417 2975 1513 3054 ε’ποί-

315 3129 386 3174 ειτο
411 3094 449 3175 δέ
474 3095 539 3195 τὴν
564 3095 829 3200 προαγόρευσιν
856 3101 1056 3203 χρησίμως,
1075 3099 1142 3202 οὑχ
1166 3097 1224 3178 ἵνα
1247 3095 1512 3204 προσκόψειαν,
1531 3144 1572 3184 20

315 3219 402 3296 ἀλλ’
421 3219 479 3298 ἵνα
497 3218 759 3320 προεγνωκότες
777 3221 939 3319 ἀμείνους
965 3219 1126 3323 γένοιντο
1145 3229 1209 3300 τοῦ
1235 3229 1355 3301 κακοῦ.
1386 3221 1514 3300 οὐκοῦν

315 3338 465 3420 τέθειται
492 3340 557 3439 μὲν
576 3345 595 3422 ό
613 3342 777 3445 Χριστός
801 3347 848 3429 ὡς
877 3345 980 3428 λίθος
1006 3346 1132 3443 τίμιος,
1152 3343 1251 3444 πλὴν
1277 3351 1352 3428 τοῖς
1378 3343 1444 3442 μέν
1471 3343 1515 3450 ἐξ

314 3464 485 3548 ἀπιστίας
508 3465 814 3568 προσκόπτουσιν,
833 3466 982 3572 ὄλεθρος
1000 3465 1045 3569 ἦν
1062 3469 1085 3568 ἡ
1105 3468 1219 3572 ζημία·
1257 3474 1331 3552 τοῖς
1349 3466 1387 3549 δὲ
1408 3501 1514 3548 πεπι-

315 3587 499 3686 στευκόσι,
519 3586 588 3690 ζωὴ
607 3593 665 3670 καὶ
684 3592 866 3675 δικαίωσις
884 3591 927 3671 τό
945 3590 1076 3694 κέρδος.

151 3826 228 3903 Κεφ.
241 3819 301 3888 ι’.ν
708 3819 877 3909 Μαρτυρῶ
904 3821 963 3910 τὰρ
991 3816 1111 3886 αὐτοῖς.

375 3986 564 4086 Μαρτυρεῖ
581 3983 700 4063 τοίνυν
718 3985 836 4069 αὐτοῖς
854 3983 918 4064 τόν
935 3991 984 4070 εἲς
1002 3987 1084 4065 Θεδν
1105 3981 1218 4093 ζῆλον·
1257 3979 1356 4082 πλὴν
1374 3981 1514 4087 ἐλέγχει

316 4108 623 4206 πεπλανημένους·
677 4107 731 4188 ότι
769 4108 849 4188 δέον
881 4106 1069 4212 θαυμάζειν
1102 4108 1166 4187 τόν
1196 4104 1361 4209 Χριστόν
1393 4106 1439 4212 έξ
1464 4102 1516 4185 ὧν

316 4349 382 4470 &gp
394 4333 455 4388 Hoc
473 4335 594 4390 scholion
612 4335 764 4406 suppeditat
776 4335 810 4392 A.
828 4355 855 4407 p.
868 4338 930 4407 396,
948 4345 1051 4408 partem
1063 4345 1151 4392 autom
1163 4337 1350 4461 ἕοιιοιόοτοαι,
1365 4334 1516 4390 ἀπαιτεῖς-

320 4471 325 4480 Ι
383 4425 450 4459 ωπον
462 4406 497 4459 δν
506 4404 581 4475 (vido
589 4405 707 4461 Cromon'
715 4406 775 4460 Cot.
786 4407 848 4478 3⁶4·
859 4409 990 4478 27—365.
998 4407 1027 4476 6)
1041 4425 1125 4480 quum
1137 4424 1154 4461 ιι
1202 4407 1294 4479 Cyrffli
1306 4406 1368 4460 otilo
1379 4404 1514 4471 abhorret,

318 4487 399 4592 ιαχαο
412 4472 568 4554 Οεοιιαιραίἰ
580 4475 680 4530 catena
692 4476 789 4531 Photio
800 4477 854 4531 fere
866 4477 993 4550 tribuituo¹
1012 4478 1100 4532 omisi.
1257 4493 1298 4544 14.
1320 4475 1380 4530 Hoc
1393 4475 1515 4530 scholion

319 4556 355 4592 no
375 4557 397 4592 ιι
411 4542 561 4611 ιυρριιᾱιιιιι
573 4545 607 4598 Α.
619 4563 646 4614 ρ.
655 4561 717 4611 400.
825 4561 868 4614 25.
889 4547 950 4602 Hoc
963 4516 1084 4603 ιολοίἰοιι
1096 4547 1175 4604 nobb
1187 4545 1340 4622 οιιρραδίιιιι
1353 4548 1386 4600 Α.
1398 4563 1425 4617 p.
1438 4560 1502 4616 ⁴⁰5·
