3278 5130
312 339 377 404 390
455 341 494 404 Β.
519 340 709 406 CYRILLI
735 341 1002 408 ALEXANDR.
1030 341 1312 407 FRAGMENTA
1430 341 1467 407 ii.
1482 363 1515 426 9.

152 441 225 506 [ω
235 443 273 492 M.
288 441 298 508 ]
311 502 377 601 τὴν
410 504 530 610 δόξαν,
558 512 734 585 πλεῖστον
762 505 799 585 δὲ
831 505 921 585 ὅσον
951 503 1110 612 ὀφλήσει
1140 505 1295 608 γέλωτα.
1335 514 1406 585 ποῦ
1436 504 1516 606 γὰρ

311 625 391 706 είπί
414 654 476 725 μοι
505 628 618 733 ψιλὸς
647 629 835 731 ἅνθρωπος
868 632 888 708 ὁ
923 629 1111 732 Χριστόςς
1139 628 1227 710 πότε
1261 628 1298 708 δὲ
1329 629 1412 733 δίχα
1443 637 1516 708 τοῦ

311 751 501 834 ἑνωθέντος
527 752 623 858 αὐτῷ
653 760 782 833 νοεῖται
801 752 950 853 Λόγου;
982 753 1061 832 ἔστι
1088 751 1160 855 γὰρ
1187 755 1226 832 ἐκ
1254 750 1390 855 μήτρας
1411 753 1510 851 Ἐμ-

310 873 474 975 μανουὴλ
508 880 565 955 καὶ
606 877 647 955 οῦ
685 877 809 978 γε’γονε
848 885 954 956 τοῦτο
999 875 1091 955 κατὰ
1127 874 1280 979 καιρούς.
1334 883 1411 960 πῶς
1445 877 1516 956 οὖν

311 999 419 1076 αὑτὸν
442 1000 641 1098 ἐπισκοπῆς
668 1034 707 1079 τε
740 1000 799 1078 καὶ
832 997 973 1097 μνήμης
1000 998 1183 1105 ἠξιῶσθαί
1202 1004 1297 1105 φασι
1318 998 1417 1101 παρὰ
1444 1007 1549 1084 τοῦ5

312 1127 407 1199 Θεοῦ
426 1122 574 1222 Λόγου;
607 1120 682 1201 εἶτα
707 1121 905 1207 διιστὰντες
930 1157 968 1202 τε
994 1126 1052 1201 καὶ
1075 1123 1282 1226 διορίζοντες
1300 1121 1516 1224 ὁλοτρόπως

310 1247 432 1324 ἁλοῖεν
451 1243 495 1324 ἁν
513 1250 572 1325 καὶ
598 1247 666 1326 ἁνὰ
691 1247 811 1349 με’ρος,
832 1248 917 1345 ἡμῖν
935 1243 1071 1348 γυμνὸν
1088 1255 1153 1326 τοῦ
1177 1247 1365 1330 ἑνωθέντος
1384 1245 1516 1346 Λόγου

311 1369 503 1455 δεικνύντες
537 1369 655 1472 ἕτερον
688 1367 853 1472 Χριστὸν
885 1373 943 1449 καὶ
975 1368 1076 1449 Υίόν·
1116 1369 1236 1471 ἕτερον
1266 1369 1338 1470 γὰρ
1368 1369 1516 1469 ἁνὰγκη

311 1499 469 1573 νοεῖσθαι
497 1493 560 1572 τὸν
588 1496 786 1592 ἐπισκοπῆς
814 1491 922 1573 αὐτόν
950 1496 1009 1572 καὶ
1035 1491 1177 1592 μνήμης
1204 1491 1382 1598 ἠξιωκότα
1407 1491 1516 1593 παρὰ

143 1637 208 1701 pr·
221 1636 255 1686 iv.
264 1649 286 1699 5·
311 1614 374 1693 τὸν
402 1613 431 1722 ᾧ
460 1625 572 1694 ταῦτα
599 1617 737 1695 δίδοται
763 1616 846 1718 παρ’
871 1618 991 1694 αὐτοῦ·
1023 1621 1100 1698 πῶς
1127 1615 1190 1694 οῦν
1220 1616 1271 1693 ε”τι
1297 1613 1429 1716 Κύριος
1458 1613 1515 1699 εἷς
1532 1655 1570 1694 ιο

310 1741 375 1837 μία
395 1773 433 1818 τε
457 1739 579 1824 πίστις
604 1743 663 1819 καὶ
689 1737 727 1820 ἓν
745 1738 786 1818 τὸ
812 1738 1032 1836 βὰπτισμα;
1065 1745 1093 1817 εἱ
1121 1737 1274 1840 γὰρκαὶ
1302 1739 1425 1838 πολλή
1454 1773 1515 1823 τις

310 1868 382 1940 τῶν
399 1860 585 1968 φῦσεωνή
605 1861 775 1968 διαφορὰ,
792 1864 882 1962 ,ἁλλ’
903 1861 923 1941 ὅ
948 1897 989 1964 γε
1016 1865 1079 1959 τῆς
1105 1861 1265 1944 ἐνῶσεως
1290 1861 1421 1963 τρόπος
1445 1862 1515 1942 ἕνα

311 1980 374 2063 τδν
405 1984 450 2090 ἐξ
480 1988 615 2091 ἀμφοῖν
648 1986 778 2092 ἔδειξεν
804 1983 904 2064 Υίόν.
943 1987 1070 2064 οῦκοῦν
1098 1989 1127 2063 εὶ
1160 1982 1302 2082 μνήμης
1329 1985 1518 2090 ἠξιῶσθαί

142 2136 260 2186 ςςοοω
310 2114 429 2212 φαμεν
458 2107 566 2189 οῦτδν
595 2108 693 2212 παρὰ
726 2117 790 2188 τοῦ
818 2113 914 2187 Θεοῦ
942 2107 1077 2208 Λόγου,
1104 2111 1254 2213 ψυχικοί
1286 2107 1330 2205 δή
1362 2105 1513 2194 πάντως

144 2213 182 2266 ¹9·
309 2228 419 2329 ε’σμέν
443 2239 583 2329 πνεῦμα
610 2229 659 2330 μή
684 2231 824 2334 ἔχοντες
854 2229 947 2310 καθὰ
974 2226 1184 2332 γε’γραπται·
1215 2230 1408 2333 διορίζομεν
1431 2231 1510 2333 γὰρ
1531 2274 1569 2329 15

307 2358 355 2436 είς
374 2354 437 2432 δύο
455 2352 518 2433 τδν
536 2353 608 2434 ἕνα.
649 2360 678 2432 εὶ
702 2352 740 2432 δὲ
758 2351 803 2453 ἦν
820 2357 858 2432 ἐν
877 2357 1003 2457 ἀρχαῖς
1025 2353 1115 2453 ὅπερ
1138 2356 1217 2431 ἐστὶ
1246 2355 1306 2431 καὶ
1331 2352 1376 2458 ἐξ
1397 2354 1512 2452 αὐτῆς

306 2474 444 2578 μήτρας
461 2476 708 2577 Ἐμμανουήλ,
734 2482 764 2557 εἰ
792 2475 855 2556 τδν
880 2481 943 2576 τῆς
968 2475 1128 2558 ἔνῶσεως
1156 2473 1206 2574 μή
1228 2475 1509 2582 παραδεξόμεθα

307 2598 450 2700 τρόπον,
475 2599 601 2680 ἑαυτοῦ
632 2599 675 2700 δὴ
700 2597 844 2682 πόντιος
871 2601 891 2679 ὁ
917 2599 1038 2700 Λόγος
1068 2597 1356 2697 διαμεμνήσεται,
1379 2600 1510 2681 ἑαυτὸν

307 2720 442 2827 ἠξίωσε
460 2728 523 2822 τῆς
543 2725 752 2822 ἐπισκοπῆς,
771 2723 896 2803 ἑαυτὸν
915 2721 1151 2824 εὐεργετήσας
1173 2724 1308 2825 ὁρᾶται,
1327 2728 1384 2804 καὶ
1407 2737 1506 2804 πολ·

307 2843 378 2944 λήν
404 2846 488 2944 ἡμῖν
511 2849 549 2926 ἐν
579 2846 717 2930 τούτοις
745 2847 811 2945 τήν
841 2846 992 2927 ἀτοπίαν
1019 2851 1194 2943 εἶσκομιεῖ
1219 2852 1291 2924 τῶν
1315 2849 1457 2926 ἐννοιῶν
1481 2849 1569 2948 ἡιο

308 2966 467 3067 δυύαμις·
510 2970 552 3047 οῦ
583 2968 654 3072 γὰρ
688 2967 883 3070 ἀλλότριον
913 2977 977 3048 τοῦ
1009 2965 1134 3068 Λόγου
1166 2967 1208 3047 τὸ
1241 2975 1351 3068 σῶμα
1384 2972 1507 3068 αὐτοῦ,

307 3089 431 3175 ἄλλως
458 3127 497 3172 τε
524 3092 577 3175 τίς
605 3093 675 3194 ἄρα
703 3094 842 3171 ἐστῖνὸ
867 3097 1085 3172 κεκενῶσθαι
1110 3087 1305 3193 λεγόμενος
1322 3091 1422 3196 παρὰ
1440 3097 1508 3192 τῆς

308 3215 413 3315 ἁγίας
431 3219 600 3320 γραφῆςς

364 3342 409 3415 Εἰ
434 3336 499 3435 μὲν
517 3338 580 3416 οῦν
597 3336 660 3417 τὸν
677 3341 716 3418 ε’κ
740 3343 803 3437 τῆς
828 3340 931 3439 ἁγίας
956 3340 1135 3440 παρθένου
1159 3339 1418 3441 γεγεννημένον
1435 3340 1508 3420 ἁνὰ

307 3456 413 3560 με’ρος
431 3459 515 3557 ἡμῖν
534 3459 708 3558 ῖστὰντες,
722 3461 830 3542 αῦτδν
849 3463 1035 3558 ὑπομεῖναί
1050 3469 1145 3567 φασι
1164 3460 1230 3562 τήν
1249 3463 1412 3559 κε’νωσιν,
1427 3471 1505 3546 πῶς
1523 3500 1564 3557 ι5

245 3607 250 3616 ·
307 3580 459 3681 ε’κενιόθη
484 3583 754 3689 δεδοξασμένος,
774 3585 870 3687 εἴπερ
892 3587 972 3664 ἐστὶ
997 3587 1079 3665 καθ’
1098 3586 1191 3683 ἡμᾶς
1215 3587 1393 3694 ἀνθρώπῳ
1418 3587 1506 3688 τιμὴ

307 3706 365 3783 καὶ
393 3705 483 3811 δόξα
510 3705 552 3785 τὸ
579 3709 777 3806 ἐπισκοπῆς
807 3707 998 3814 ἀξιοῦσθαι
1021 3711 1079 3787 καὶ
1106 3707 1258 3807 μνήμης,
1281 3709 1441 3793 ἑνῶσεῶς
1465 3746 1506 3791 τε

307 3835 426 3933 τυχεῖν
449 3833 514 3928 τῆς
542 3829 631 3931 πρὸς
656 3828 763 3910 Θεόν·
794 3836 822 3909 εἰ
853 3833 882 3909 δ
910 3832 962 3910 ἐπ’
993 3832 1101 3911 αὐτοῦ
1131 3831 1271 3934 λέγοιεν
1299 3832 1505 3938 πεπρὰχθαι

250 4047 257 4064 ¹
306 3949 373 4050 τὴν
401 3951 552 4031 κε’νωσιν
579 3961 643 4032 τοῦ
673 3959 912 4056 Μονογενοῦς,
932 3952 1122 4034 κεκίνωταί
1146 3989 1181 4034 τι
1208 3956 1348 4035 παθῶν·
1378 3953 1506 4063 ᾧγὰρ

307 4071 350 4153 τδ
368 4081 495 4155 παθεῖν
513 4075 731 4176 συμβέβηκε,
748 4076 878 4179 πρέποι
904 4074 949 4156 ἂν
974 4085 1119 4177 μᾶλλον
1142 4080 1200 4159 καὶ
1227 4077 1270 4157 τδ
1298 4082 1363 4177 τῆς
1390 4078 1502 4158 κενῶ-
1521 4115 1563 4172 30

308 4230 402 4281 στοις
432 4203 565 4302 χρῆμα.
611 4201 836 4298 σεσώσμεθα
866 4201 985 4280 τοίνυν
1018 4202 1060 4282 δι’
1096 4202 1240 4298 ἑαυτῶν,
1273 4201 1370 4304 εἴπερ
1404 4205 1507 4283 ἐστὶν

309 4319 495 4422 ἅνθρωπος
526 4323 607 4402 καθ’
638 4324 729 4422 ἡμᾶς
763 4324 830 4428 οῦχ
861 4325 1000 4409 ἑνωθεὶς
1032 4327 1113 4404 καθ’
1145 4323 1350 4404 ὑπόστασιν
1381 4331 1433 4432 τῷ
1466 4328 1506 4407 ἐκ

661 4563 704 4616 3ο.
723 4548 754 4601 τὰ
766 4551 811 4616 τῆς
822 4551 953 4606 κενὰσεως
965 4549 1084 4620 χρήματα
1098 4549 1143 4605 Cr.
