3280 5142
301 345 342 408 ιο
603 343 643 408 Β.
666 341 873 408 onum
903 339 1195 408 ALEXANDR.
1355 338 1432 406 ια.
1446 355 1500 424 25.

359 505 467 588 Μετὰ
494 508 613 589 τοίνυν
630 505 672 589 τό
697 516 810 589 ταῦτα
833 512 953 605 εἰπεῖν,
972 501 1110 588 δίκαιον
1126 505 1228 590 εύθύς
1246 507 1424 586 ἀποκαλεῖ
1436 501 1503 584 τὸν

302 632 449 736 Πατέρα
472 633 530 712 καὶ
554 631 657 733 μάλα
675 631 829 724 εἰκότως,
849 631 892 712 οὗ
910 632 986 711 κατ’
1006 630 1165 712 εὐδοκίαν
1184 631 1243 711 καὶ
1262 628 1415 728 θέλησιν
1433 627 1497 730 γέ·

299 790 405 861 γονεν
421 755 610 860 ἅνθρωπος
628 757 648 836 ό
666 753 764 853 Υἱὸς,
777 755 836 836 ἵνα
855 757 913 835 καὶ
931 763 995 836 τοῦ
1014 752 1073 834 διὰ
1087 753 1298 855 Πνεύματος
1316 754 1502 855 ἀγιασμοῦ

274 870 279 882 ’
300 883 359 962 καὶ
386 885 451 980 τῆς
467 879 558 983 πρός
576 879 673 960 θεὸν
695 878 856 963 ένώσεως
881 881 939 959 καὶ
964 887 1029 959 τοῦ
1053 885 1131 963 ταῖς
1158 877 1233 959 ἀνω
1255 885 1380 978 μοναῖς
1398 878 1501 957 ε’ναυ-

300 1002 474 1107 λίζεσθαι,
502 1006 664 1084 συνεῖναί
690 1038 729 1085 τε
760 1005 819 1085 καὶ
846 1002 1133 1103 συμβασιλεύειν
1164 1003 1260 1112 αὐτῷ
1287 1008 1333 1108 τῇ
1362 1003 1535 1103 ἀνθρω-5
1630 1087 1631 1096 ¹

131 1114 233 1232 {2312st
267 1129 384 1235 Ιιπείη
413 1127 524 1236 φύσει
555 1127 699 1230 γένηται
726 1125 910 1235 πρόξενος,
942 1127 1131 1234 ἐκτισμένη
1158 1127 1225 1227 μὲν
1258 1137 1280 1175 “
1297 1127 1350 1208 ἐπ’
1383 1124 1502 1228 έμγοις

300 1252 483 1355 ἀγαθοῖς·”
513 1250 630 1332 έκτισε
649 1250 721 1355 γὰρ
739 1253 804 1332 οὐκ
822 1253 880 1332 ἐπὶ
897 1252 1003 1359 κακίᾳ
1020 1251 1085 1333 τόν
1103 1251 1293 1356 ἄνθρωπον
1312 1251 1332 1330 ὁ
1351 1249 1445 1335 Θεὸς
1462 1251 1502 1330 έν

300 1379 436 1483 ἀρχαῖς·
464 1375 785 1483 παρατετραμμένη
813 1374 851 1456 δὲ
876 1374 968 1479 πρὸς
995 1374 1209 1483 φαυλότητα
1235 1381 1314 1460 ταῖς
1341 1373 1502 1458 ἀνοσίοις

297 1509 363 1580 τοῦ
390 1499 565 1596 διαβόλου
592 1507 778 1606 μηχαναῖς,
797 1502 856 1580 καὶ
882 1504 946 1601 τῆς
967 1502 1119 1606 ἀρχαίας
1144 1499 1275 1599 ἐκείνης
1293 1501 1353 1580 καὶ
1371 1504 1499 1603 θεοφι-

297 1631 386 1707 λοῦς
409 1626 556 1727 ἀγωγῆς
576 1623 737 1730 καθάπερ
760 1622 856 1709 τινός
874 1625 963 1710 ίδίας
986 1624 1296 1730 έκμεμοχλευμένη
1314 1625 1497 1727 κρηπῖδος.
1518 1663 1559 1705 ιο

297 1745 343 1848 ἦν
360 1746 432 1850 γάρ
449 1746 493 1848 δὴ
512 1749 570 1828 καί
589 1751 734 1849 ἀληθῶς
753 1747 808 1829 ότι
826 1748 993 1849 μάλιστα
1008 1750 1147 1852 πρέπον
1168 1751 1219 1856 τῷ
1237 1749 1360 1856 δικαίη)
1380 1750 1502 1849 Πατρὶ

297 1868 340 1952 τό
369 1871 616 1976 καταρῤαχθέν
634 1874 673 1952 έκ
700 1873 912 1981 πλεονεξίας
940 1875 1091 1980 ὑψῶσαι
1118 1872 1243 1973 πάλιν,
1261 1875 1319 1954 καὶ
1338 1870 1381 1953 τὸ
1399 1873 1455 1978 ἐφ’
1476 1869 1503 1952 ἀ

297 1993 348 2096 μὴ
373 1999 557 2098 προσῆκεν
579 1995 857 2103 ε’ξειλκυσμένον
882 2003 930 2082 είς
958 1995 1024 2097 τὴν
1051 1999 1089 2078 έν
1116 2000 1243 2103 ἀρχαῖς
1269 2000 1503 2094 καταστῆσαι

298 2118 411 2218 θέσιν,
448 2123 507 2200 καὶ
542 2119 758 2228 ἀπαλλάξω
794 2119 860 2222 μέν
897 2121 1071 2224 ἁμαρτίας
1107 2126 1170 2222 τῆς
1204 2118 1497 2221 ἀκαλλεστάτης,

299 2242 535 2342 μεταπλάσαι
562 2240 601 2323 δὲ
631 2243 757 2347 ὥσπερ
787 2250 835 2330 εἷς
864 2243 982 2325 εἰκόνα
1011 2245 1076 2346 τὴν
1104 2245 1264 2349 πρώτην,
1295 2243 1338 2326 τὸ
1371 2247 1430 2324 καὶ
1461 2247 1502 2326 έν
1517 2280 1557 2341 ¹5

270 2369 427 2474 οάρχαΐς
445 2370 538 2449 οὕτω
563 2368 814 2469 πεποιημένον·
854 2366 918 2449 τὸν
937 2370 982 2450 δέ
1000 2404 1044 2471 γε
1061 2372 1315 2478 συντρίψαντα
1334 2371 1393 2450 καὶ
1411 2370 1497 2450 ἀνο-

299 2493 389 2576 σίως
410 2498 653 2598 παραφθεῖραι
677 2490 935 2595 τετολμηκότα,
953 2494 1118 2574 τουτέστι
1144 2492 1208 2575 τὸν
1231 2501 1404 2592 σατανᾶν,
1424 2501 1502 2579 ταῖς

296 2617 393 2725 αὐτῷ
425 2615 650 2720 πρεπούσαις
687 2618 869 2699 ὑποθεῖναι
899 2623 1051 2716 ποιναῖς,
1087 2622 1116 2697 εί
1149 2621 1208 2699 καὶ
1239 2615 1368 2722 μικρὸν
1401 2616 1501 2718 οἶμαι

296 2739 422 2841 γένοιτ’
443 2739 489 2822 ἀν
510 2747 584 2822 πᾶν
600 2738 691 2826 εἶδος
716 2743 835 2850 ἐκείνῳ
860 2741 1113 2846 κολαστηρίων
1135 2741 1318 2843 τοσαύτην
1336 2743 1498 2851 ἔνδειξα-

297 2864 392 2973 μένφ
419 2865 511 2945 κατὰ
529 2871 625 2945 θεοῦ
652 2864 719 2965 την
746 2864 930 2946 ἀπόνοιαν.
971 2862 1001 2945 ὦ
1027 2875 1220 2970 τοιγαροῦν
1243 2866 1356 2976 Πάτερ
1386 2862 1558 2948 δίιιαιέιο

129 2991 266 3043 P⁸·⁰¹'ffi·
298 2994 393 3095 φησι
412 2999 434 3037 “
447 2990 594 3071 Δίκαιος
612 2987 684 3091 γάρ
702 2985 742 3086 εἷ,
763 2992 821 3069 καὶ
844 2987 980 3093 ἀγαθός
1005 2995 1065 3072 καὶ
1080 2991 1185 3092 εύθὴς
1208 2992 1231 3092 ἡ
1255 2990 1373 3094 κρίσις
1395 2993 1498 3090 σου,”

131 3072 142 3107 Ι
180 3093 187 3108 ι

146 3067 178 3122 ³⁷
298 3111 603 3218 καταπέμψαντος
631 3117 682 3221 τῷ
713 3110 841 3222 κόσμιρ
868 3112 960 3217 πρὸς
986 3117 1190 3219 ἐπικουρίαν
1217 3118 1276 3196 καὶ
1301 3115 1500 3196 ἀνανέωσιν

297 3233 360 3335 ἐμὲ
396 3234 460 3316 τόν
496 3233 567 3316 σδν
613 3239 758 3337 ἀληθῶς
796 3243 856 3318 καὶ
902 3237 1055 3342 γνήσιον
1092 3239 1194 3322 Υίόν.
1242 3241 1327 3320 ἀλλ’
1369 3239 1399 3319 εδ
1435 3245 1500 3341 τῆς

297 3359 427 3459 ἀνοίας,
457 3361 582 3468 φησίν·
630 3359 718 3441 ὄντα
745 3360 817 3465 γάρ
846 3399 885 3444 τε
914 3372 1077 3445 τοιοῦτον
1107 3373 1122 3446 o‘
1154 3365 1283 3470 κίτμοτ
1315 3367 1374 3444 οὐκ
1404 3364 1498 3467 έγνω.

296 3481 320 3583 ἢ
339 3483 410 3588 γὰρ
435 3482 481 3564 ἀν
499 3483 601 3570 εὐθύς
626 3483 693 3585 τὴν
711 3487 804 3566 ούτω
823 3487 1084 3592 φιλάνθρωπον
1109 3486 1344 3588 ε’ννοήσαντες
1368 3493 1500 3597 ψῆφον
1516 3524 1558 3586 ²5
1632 3509 1633 3544 ³

264 3611 356 3687 ᾱκαὶ
382 3617 493 3708 νεῦμα
517 3609 560 3689 τὸ
582 3609 755 3713 γαληνὸν,
773 3609 1029 3716 προσέδραμόν
1047 3646 1086 3693 τε
1105 3617 1157 3721 τῷ
1177 3610 1340 3714 σιόᾷιντι,
1359 3614 1421 3693 καί
1436 3648 1500 3694 σοι

297 3736 487 3835 προσῆγον
505 3735 666 3814 ἐθελοντὶ
684 3733 750 3836 τὴν
769 3738 951 3839 λατρείαν.

353 3861 469 3936 Ταυτὶ
500 3854 567 3956 μέν
596 3858 658 3938 ούν
690 3859 710 3938 ὁ
739 3858 903 3964 Χριστὸς
936 3860 1114 3964 διελέγετο
1145 3869 1198 3971 τῷ
1231 3862 1361 3966 Πατρὶ,
1392 3859 1501 3966 χάριν

296 3978 421 4082 ὥσπερ
439 3978 506 4080 τὴν
525 3977 613 4084 ύπέρ
632 3982 734 4081 ἡμῶν
750 3985 809 4063 καὶ
826 3984 869 4063 δι’
890 3983 983 4084 ἡμᾶς
1000 3987 1186 4084 ἀνατιθεὶς,
1205 3987 1348 4089 ἐπείπερ
1366 3985 1500 4070 δίκαιος

296 4102 346 4180 ὢν
364 4104 530 4186 ἐπένευσε
555 4103 621 4204 μέν
638 4113 710 4191 τοῖς
736 4109 775 4187 έκ
800 4107 1009 4214 πλεονεξίας
1028 4115 1189 4190 παθοῦσι
1213 4108 1279 4212 τὴν
1297 4110 1495 4214 σωτηρίαν,
1514 4147 1558 4205 30

297 4227 507 4309 κατεδίκασε
538 4227 576 4309 δὲ
606 4238 669 4311 τοῦ
701 4227 876 4328 διαβόλου
909 4230 975 4332 τὴν
1007 4232 1201 4315 ἀπώλειαν.
1250 4236 1308 4316 καὶ
1337 4231 1402 4315 τόν
1433 4233 1500 4334 μὲν

335 4517 377 4572 15.
396 4505 437 4559 καὶ
449 4515 620 4580 assumptum
635 4527 668 4565 ex
681 4509 714 4566 Ε.
893 4528 936 4568 21.
955 4511 1030 4570 εὐθὺς
1043 4513 1075 4569 Ε.
1256 4526 1299 4584 27.
1317 4513 1454 4586 προσῆγον
1466 4513 1499 4570 Ε.

296 4573 467 4648 προσήγαγον
479 4576 530 4632 Ed.
