3280 5142
613 310 655 376 B.
677 308 883 376 CYRILLI
913 306 1200 373 ALEXANDR.
1329 303 1419 370 xviii.
1437 323 1513 390 7-9.

281 599 297 662 7
313 581 416 646 Πάλιν
439 576 496 646 οὖν
513 579 728 671 ἑπιιρώτιιοεν
750 579 867 646 αὐτούα
884 577 966 644 Τίνα
991 573 1136 669 ςκτεῑτε,
1163 575 1193 643 οἰ
1218 576 1254 642 δὲ
1272 568 1365 642 εἷπον
1379 575 1510 640 Ἰιιοοῡν

282 731 300 788 s
366 706 420 774 τὸν
448 701 646 798 Ναζωραῖον.
689 703 849 795 ἀπεκρίθη
871 704 1000 770 Ἰιιοοῠα
1031 696 1131 769 Εἶπον
1157 699 1229 780 ὑμῖν
1260 704 1311 768 ὅτι
1337 699 1404 776 ὲτώ
1433 697 1509 776 εἰμι·

281 872 299 928 9
364 829 393 897 εἰ
419 828 475 899 οὖν
502 832 560 910 ἐμὲ
590 829 720 922 ςκτεῖτε,
748 831 851 918 ἀφετε
879 831 1014 897 τούτους
1040 829 1184 904 ὐπάτειν.
1224 828 1277 894 ἵνα
1304 824 1510 916 πλιιρωθιζιό
1626 897 1627 902 1

363 959 457 1033 λότοο
485 951 644 1038 ἀνεῖπεν,
665 959 716 1023 ὅτι
744 958 800 1022 οῡα
823 955 972 1022 δεδωκάο
995 977 1060 1034 μοι,
1078 955 1137 1019 οὐκ
1159 952 1316 1020 ἀπώλεσα
1337 951 1373 1022 ἒξ
1398 949 1507 1016 αὐτῶν
1626 905 1627 998 ἰ

362 1081 491 1156 οὐδένα.
1526 1075 1546 1137 5
1626 1125 1627 1140 τ

281 1306 301 1352 ,,
366 1252 511 1363 Ἐραντᾷ
537 1253 602 1354 μὲν
621 1261 670 1341 εἰς
693 1256 856 1358 δεύτερον
878 1261 1116 1354 οἰκονομικῶς,
1136 1256 1193 1335 ἵνα
1219 1258 1282 1352 τῆς
1310 1251 1510 1348 ἐντεθείσης

1626 1363 1627 1398 ἰ

312 1378 430 1464 αὐτοῖς
452 1376 544 1460 κατά
567 1388 650 1460 νοῦν
668 1380 872 1483 πυρώσεως
890 1377 1061 1485 ἀποφήνῃ
1079 1379 1122 1459 τὸ
1142 1377 1300 1481 με’γεθος.
1340 1408 1508 1481 παρῃρη-

310 1501 409 1603 μένοι
436 1501 508 1607 γάρ
537 1501 662 1609 ὥσπερ
691 1511 755 1584 τοῦ
782 1511 845 1585 νοῦ
877 1501 944 1603 τὴν
971 1503 1166 1606 ἀκρίβειαν,
1195 1504 1254 1584 καί
1283 1498 1347 1584 τάς
1376 1498 1510 1605 φρένας

309 1624 616 1730 παρακεκομμένα
663 1626 722 1707 διά
758 1625 824 1726 τὴν
859 1627 1043 1725 ἀσέβειαν,
1083 1628 1180 1734 αὐτῷ
1214 1630 1512 1728 προσλαλοῦντες

310 1749 464 1854 τ’ργνόουν
481 1756 533 1859 τῷ
550 1752 634 1855 παρ’
653 1751 771 1831 αὐτῶν
788 1749 999 1860 ζητουμείιῳ.
1035 1749 1134 1851 πλὴν
1152 1749 1240 1853 ἀπερ
1258 1748 1329 1854 ἔφη
1347 1744 1511 1850 Χριστὸς
1528 1786 1568 1826 ιο

311 1871 444 1974 ἀλιγθὲς
458 1873 619 1980 ιίπάρχον
633 1877 691 1955 καί
702 1875 820 1959 αὐτοῖς
834 1875 918 1974 ἡμῖν
929 1875 1118 1982 ἀποφαίνει
1131 1872 1354 1978 πράγμασιν·
1377 1881 1399 1919 “
1409 1867 1511 1972 Ἐγάι

310 2009 333 2048 “
351 1997 423 2103 γάρ
441 2003 521 2098 εἰμι,
540 2001 666 2104 φησὶν,
685 1999 705 2078 ὁ
727 1994 862 2099 ποιμὴν
880 2000 901 2078 ό
919 1995 1043 2082 καλός·
1076 2000 1097 2079 ὃ
1118 1997 1251 2098 ποιμὴν
1271 1998 1291 2077 ό
1310 1992 1422 2080 καλὸς
1443 1992 1511 2095 τὴν

310 2131 334 2172 “
351 2119 477 2228 ψυχὴν
501 2125 627 2204 ἑαυτοῦ
655 2122 799 2222 τίθησιν
825 2118 911 2226 ὑπὲρ
939 2129 1011 2202 τῶν
1036 2121 1260 2224 προβότων.”
1296 2116 1511 2224 προαοπίζει

141 2272 299 2330 Ιοιοιι
310 2255 499 2350 τοιγαροῦν
516 2250 581 2346 τῆς
607 2251 680 2326 τῶν
698 2243 919 2327 ἀποστόλων
937 2247 1118 2349 σωτηρίας
1136 2246 1156 2324 ὁ
1177 2244 1320 2348 Κύριος,
1337 2248 1396 2325 καὶ
1417 2277 1511 2347 προ-

309 2369 519 2450 κινδυνεύων
548 2367 749 2468 αιίτόμολος
782 2375 830 2454 εἰς
860 2368 988 2455 αὐτοὺς
1012 2368 1160 2472 πάρεισι
1187 2368 1268 2453 τοὺς
1295 2369 1395 2471 οἵπερ
1423 2369 1512 2470 ἧκον
1528 2406 1565 2468 15

309 2494 533 2598 ἀποκομίζειν
554 2495 611 2574 ε’πί
640 2490 683 2574 τὸ
710 2490 835 2590 πάθος,
855 2492 1069 2592 ἐσταλμένοι
1096 2493 1135 2574 δὲ
1156 2491 1323 2594 δηλονότι
1345 2489 1445 2595 παρά
1471 2527 1511 2572 τε

307 2624 380 2698 τῶν
398 2619 589 2723 ἀρχιερέων
614 2619 674 2699 καί
693 2619 914 2721 Φαρισαίων.
954 2620 1003 2702 ὡς
1028 2618 1091 2698 οὖν
1117 2615 1337 2721 ἐρωτήσαντι
1360 2615 1403 2698 τὸ
1428 2617 1511 2696 τίνα

307 2750 456 2847 παρεῖεν
471 2742 515 2822 ἀν
532 2741 852 2849 ἐναποληφόμενοί
873 2776 911 2821 τε
932 2744 992 2821 καὶ
1012 2748 1087 2826 τοῖς
1105 2749 1171 2822 τοῦ
1187 2738 1344 2823 θανάτον
1359 2739 1509 2847 περιδή-

307 2899 436 2951 σοντες
462 2864 619 2970 βρόχοις,
638 2867 760 2960 Ἰησιάι
789 2863 935 2970 ε”φασαν
962 2865 1016 2946 τίι
1041 2867 1249 2976 Ναζωραῖον,
1279 2863 1403 2946 ἑαυτὸν
1426 2867 1508 2944 ε’πι·

308 2989 427 3095 δείξας
464 2995 523 3069 καί
554 2992 747 3093 μονονουχὶ
779 2993 844 3088 τῆς
876 2990 1023 3074 νωθείας
1059 2986 1322 3089 αἰτιασάμενος,
1358 2988 1512 3091 ἀνταίρειν
1527 3033 1566 3074 20

308 3112 498 3193 ἐκέλευσεν
512 3111 661 3196 ἀνέντας
679 3111 762 3196 τοὺς
780 3112 929 3197 ἀλλους.
960 3112 1023 3192 ἕνα
1041 3111 1113 3219 γάρ
1132 3117 1240 3219 ἐχρῆν
1258 3111 1348 3217 ὑπὲρ
1364 3111 1511 3194 πάντων

309 3238 510 3333 ἀποθανεῖν,
529 3234 593 3316 τὸν
611 3240 676 3336 τῆς
696 3235 867 3318 ἁπάντων
885 3237 975 3342 ζωῆς
992 3235 1173 3345 ἀντάξιον,
1191 3237 1281 3318 “’ίνα
1299 3241 1357 3318 καὶ
1375 3244 1510 3340 νεκρῶν

309 3371 332 3406 “
342 3363 401 3440 καί
420 3358 561 3462 ζώντων
579 3359 784 3467 κνριειίσῃ.”

358 3480 439 3564 Ἦν
474 3482 546 3587 γάρ
583 3486 643 3564 καί
678 3485 804 3588 ἑτέρως
838 3487 1013 3567 ἀπίθανον
1050 3491 1179 3593 κομιδῇ
1218 3486 1261 3568 τὸ
1308 3488 1513 3590 νομίζεσθαι

307 3606 407 3711 παρά
447 3641 524 3687 τισι
552 3610 612 3686 καὶ
637 3606 747 3688 αὐτὸν
773 3616 846 3688 τῶν
877 3609 991 3713 ἁγίων
1016 3611 1237 3693 ἀποστόλων
1264 3609 1329 3693 τόν
1355 3611 1511 3692 θάνατον
1526 3645 1567 3707 25
1626 3681 1627 3700 ,

274 3731 364 3812 1ιέπί
400 3729 598 3812 καταλύσει
633 3731 840 3836 πεπράχθαι
876 3734 1033 3818 θανάτου
1069 3737 1129 3816 καί
1165 3742 1318 3842 φθορᾶς,
1356 3736 1413 3816 ὅτε
1451 3737 1511 3816 καί

306 3853 409 3933 αὐτοὶ
437 3861 513 3940 τοῖς
538 3857 578 3934 ἐκ
606 3854 763 3935 θανιίτου
791 3858 850 3934 καί
878 3861 1018 3961 φθορᾶς
1043 3859 1343 3962 ἡλενθερωμείιοις
1366 3862 1508 3962 ἐναριθ-

306 3985 451 4080 μηθείεν
474 3977 519 4057 ἀν
550 3979 616 4056 καί
634 3976 739 4076 μα’λα
770 3976 922 4076 εἰκότως,
947 3983 1034 4079 μίαν
1061 3985 1111 4066 ὡς
1136 3982 1230 4086 πρὸς
1259 3982 1352 4083 ἡμᾶς
1376 3981 1511 4088 λαχόν-

306 4135 365 4185 τες
397 4099 617 4206 τὴνφύσιν,
647 4101 730 4180 καθ’
759 4095 810 4179 ὧν
837 4105 895 4182 καί
923 4102 966 4183 τὸ
1000 4113 1064 4183 τοῦ
1093 4104 1250 4186 θανάτου
1278 4107 1511 4210 τετυράνιογκε

308 4223 448 4325 κράτος.
482 4223 594 4321 μόνον
612 4225 677 4304 οὖν
693 4223 765 4326 ἀρα
783 4227 842 4304 καί
859 4234 1005 4330 πρῶτον
1022 4231 1133 4334 ἐχρῆν
1150 4229 1215 4312 τὸν
1235 4233 1275 4312 ἐκ
1298 4239 1363 4311 τοῦ
1381 4229 1511 4334 ζῶντος
1526 4257 1566 4316 30
1626 4237 1627 4264 ¹

308 4345 396 4426 ὅπα
425 4345 581 4449 ΠΠΡὸςι
607 4353 672 4447 Τῆς
703 4347 873 4428 ἆπάνΐων
904 4350 995 4452 ζωῆς
1023 4354 1237 4457 ἀντίλυτρον
1267 4355 1310 4436 τὸ
1338 4354 1428 4435 ἰδιον
1459 4351 1512 4466 τῷ

382 4544 424 4599 ι8.
441 4544 669 4616 ἀποληψόμενοί
682 4545 716 4601 E.
727 4545 928 4618 ἀποληψόμενοι
942 4547 994 4604 Ed.
1160 4565 1204 4620 25.
1224 4553 1269 4608 τόν
1280 4571 1329 4625 pro
1340 4559 1390 4612 τᾶν
1402 4555 1436 4610 E.
