3294 5130
411 349 693 418 FRAGMENTA
719 349 1040 418 HOMILIARUM.
1256 351 1322 416 4⁷3

126 519 151 556 “
168 509 317 610 πάντα,”
343 512 469 594 ἑαυτὸν
495 518 637 620 ἐμφανῆ
666 513 868 616 κατεστησε
895 513 1014 617 λε’γων
1040 511 1173 616 “’Eyd
1204 516 1275 612 είμι
1301 512 1481 632 ὀξέων·

126 641 150 678 “
168 641 295 713 λαλῶν
312 637 408 716 σοι.”
444 641 503 716 καὶ
532 635 574 718 τὸ
605 636 671 735 μὲν
698 637 843 739 γύναιον
871 635 992 744 δράμιρ
1021 636 1236 716 συντείυεται
1264 635 1323 713 καὶ

124 750 193 852 τήν
221 760 451 859 Σαμαρειτῶν
477 758 786 860 μεμυσταγιόγηκε
818 755 938 840 πόλιν·
966 756 1066 843 είδάις
1096 755 1134 837 δέ
1161 753 1325 860 Χριστὸς

126 873 183 955 ὅτι
218 881 353 958 πολλοὶ
389 879 652 961 πιστεύσουσιν
683 882 736 960 ἐπ’
770 880 894 979 αὐτὸν,
926 887 1000 966 τοῖς
1036 881 1148 982 ἁγίοις
1184 879 1323 983 ἔφασκε

94 1005 302 1099 5μαθηταῖς
321 1011 343 1049 “
363 1002 463 1104 Ἐγὼ
490 1009 633 1105 βρῶσιν
649 1002 719 1108 ἐχω
744 1007 875 1108 φαγεῖν
896 1001 941 1102 ἢν
963 1003 1058 1102 ὑμεῖς
1086 1004 1149 1082 οὐκ
1175 1001 1321 1097 οίδατε,”
1334 1017 1375 1069 Ib-
1389 1031 1427 1081 ιτ·

126 1121 250 1226 τρέφει
271 1122 342 1226 γὰρ
367 1122 492 1230 ὥσπερ
517 1124 584 1225 τήν
600 1122 832 1227 ήμεροπάπην
855 1125 970 1230 φύσιν
988 1131 1060 1204 τῶν
1077 1123 1324 1205 ἀπολωλότων

127 1242 152 1341 ἡ
170 1245 344 1348 σωτηρία.
1420 1237 1427 1248 ’

185 1367 234 1446 Ὁ
251 1366 317 1466 μέν
341 1370 404 1448 οὖν
427 1367 578 1471 γνήσιος
604 1369 751 1470 οἰκέτης·
781 1370 1012 1470 ἀναβήσομαι
1040 1367 1112 1472 γάρ
1139 1370 1240 1452 αὖθις
1267 1369 1324 1448 ἐπὶ

127 1487 194 1569 τὸν
217 1497 281 1569 τοῦ
308 1489 421 1594 λόγου
447 1492 600 1572 σκοπόν·
630 1490 693 1572 τὸν
718 1497 782 1593 τῆς
809 1493 989 1576 ἐπιεικείας
1015 1489 1216 1591 ἀνεδήσατο
1240 1489 1325 1570 οτέ-

74 1643 115 1684 10
130 1618 258 1716 φανον,
276 1613 540 1714 είσκεκόμισται
565 1613 637 1718 γάρ
653 1621 701 1700 είς
720 1614 786 1713 τήν
806 1615 921 1720 χαρὰν
939 1623 1003 1695 τοῦ
1027 1615 1115 1693 ίδίου
1134 1611 1322 1692 δεσπότου·

129 1736 151 1814 ὁ
176 1733 217 1815 δέ
241 1770 281 1837 γε
303 1735 430 1833 λαβὼν
447 1736 490 1818 τὸ
516 1735 706 1835 τάλαντον,
725 1735 800 1818 εἶτα
817 1737 974 1842 γεγονὼς
992 1735 1150 1840 ὀκνηρὸς,
1168 1770 1325 1840 προσερ-

129 1855 336 1957 γασάμενος
363 1857 402 1938 δέ
428 1867 615 1944 παντελῶς
642 1858 754 1958 οὐδὲν,
778 1861 1011 1968 κατακρύψας
1040 1860 1078 1940 δὲ
1104 1867 1249 1959 μᾶλλον
1276 1865 1325 1944 είς

129 1983 200 2080 γῆν
218 1977 314 2078 αὐτὸ,
333 1989 409 2066 ταῖς
434 1980 604 2086 ἐσχάτως
629 1984 871 2087 περιπέπτωκε
897 1983 1019 2068 δίκαις.
1057 1981 1230 2090 φύγωμεν
1251 1983 1325 2062 τοί-

130 2136 193 2181 νυν
219 2101 286 2202 τήν
311 2101 473 2204 μίμησιν,
496 2104 796 2213 ἀποπεμψάμεθα
828 2111 891 2205 τῆς
916 2107 1049 2185 εἀυτῶν
1077 2105 1232 2188 διανοίας
1261 2103 1326 2184 τὸν

75 2245 114 2305 15
130 2227 260 2328 ἀκερδή
285 2228 344 2305 καὶ
367 2226 545 2329 ἐπάρατον
563 2227 677 2324 ὄκνον,
696 2226 761 2307 τὸν
778 2230 830 2307 ἐπ’
851 2231 999 2330 ἀγυθοΐς
1017 2225 1184 2329 δηλονότι
1208 2259 1326 2307 σπου-

130 2346 306 2447 δάσμασι,
329 2347 379 2449 μή
407 2354 455 2433 είς
484 2349 613 2453 ἀργίαν
640 2349 706 2450 τὴν
728 2352 897 2430 δοθεῖσαν
925 2351 1009 2450 ἡμῖν
1034 2347 1136 2452 παρά
1161 2355 1327 2451 Χριστοῦ

129 2471 396 2576 καταχάσωμεν
413 2471 530 2576 χάριν.
570 2473 668 2577 φησί
692 2505 763 2554 που
790 2471 849 2551 διὰ
876 2476 999 2578 φωνῆς
1019 2470 1177 2552 Ἡσαΐου
1205 2472 1225 2550 ό
1253 2477 1326 2551 τῶν

129 2591 227 2673 ὅλων
244 2591 335 2678 Θεός
353 2604 375 2642 “
390 2594 508 2696 Ἱερεΐς
530 2593 721 2694 λαλήσατε
739 2599 787 2678 εἷς
804 2594 870 2694 τήν
888 2595 1035 2697 καρδίαν
1052 2590 1323 2696 Ἱερουσαλήμ·”
1338 2617 1382 2670 τι.
1394 2617 1429 2667 ιι.
1443 2632 1466 2666 2.

127 2717 168 2794 τί
191 2714 229 2795 δὲ
256 2721 286 2795 εἰ
315 2715 335 2795 ὁ
362 2713 428 2815 μὲν
453 2715 634 2795 διδάσκων
658 2713 741 2800 τοὺς
768 2719 924 2822 ἀφελεῖν
945 2715 1112 2799 εἰωθότας
1140 2716 1325 2822 ἐξυφαίνοι

73 2863 116 2908 20
129 2833 262 2939 λόγους
280 2843 353 2922 τοῖς
369 2837 613 2940 ἀκροωμείιοις,
631 2841 664 2917 οἱ
682 2836 721 2916 δὲ
738 2839 802 2917 ούκ
825 2844 873 2923 εἷς
894 2845 978 2918 νοῦν
996 2842 1054 2919 καὶ
1070 2839 1218 2941 καρδίαν
1234 2839 1323 2919 ἀπο-

127 2959 284 3040 τίθενται
310 2958 376 3060 τήν
402 2959 671 3063 μυσταγωγίαν,
695 2962 780 3040 ἀλλ’
803 2959 1099 3064 ἐπικροτήσαντες
1126 2957 1237 3059 μόνον
1265 2969 1324 3042 καὶ

128 3089 276 3185 γυμνοῖς
310 3083 465 3168 ἐπαίνοις
499 3082 737 3188 ἀμειψάμενοι
773 3083 837 3163 τὸν
868 3081 1122 3185 μυσταγωγὸν,
1154 3083 1324 3184 ἄγευστοι

128 3211 201 3284 τῶν
223 3210 326 3307 ἱερῶν
345 3205 565 3305 ἀπομένουσι
593 3203 844 3306 διδαγμάτων;
872 3202 944 3309 ἀρα
971 3207 1122 3304 ὀκνήσω
1148 3206 1325 3308 προσήκει

128 3325 192 3407 τὸν
208 3325 477 3430 μυοταγωγόνς
508 3323 583 3407 εἶτα
609 3326 732 3413 ποίους
759 3327 900 3432 εὑρήσει
923 3326 1056 3429 λόγους
1073 3329 1130 3407 ἐπὶ
1147 3334 1211 3407 τοῦ
1229 3326 1324 3408 θείου

71 3464 114 3524 ²5
127 3448 290 3549 βήματος
306 3448 389 3534 τοὺς
405 3452 676 3553 ἐπικουροῦντας
694 3451 790 3558 αύτῷ
808 3449 894 3531 ὅταν
908 3450 1111 3551 αἰτιάσηται
1127 3457 1200 3531 τῶν
1218 3453 1324 3554 ἀκρο-

127 3570 272 3670 ωμένων
289 3570 331 3652 τὸ
349 3568 511 3678 ῥᾴθυμον
528 3575 586 3652 καὶ
603 3571 808 3682 εύάφορμον
821 3573 902 3680 ε’ίπῃ
921 3572 979 3654 διὰ
997 3581 1103 3654 τοῦτο
1120 3571 1184 3653 τὸν
1198 3571 1323 3668 ὄκνους

128 3692 425 3797 κατακριθήσεται
442 3693 514 3798 γὰρ
531 3701 676 3794 μᾶλλον
695 3699 743 3780 ὡς
761 3695 862 3776 ἐστιν
880 3699 965 3777 ἰδεῖν
981 3699 1020 3776 ἐκ
1045 3700 1109 3795 τῆς
1132 3697 1321 3798 εὐαγγελι·

127 3821 192 3916 κῆς
220 3819 446 3918 παραβολῆς·
477 3818 498 3896 ὁ
526 3815 597 3918 γάρ
625 3849 680 3896 τοι
709 3817 752 3897 τὸ
778 3815 958 3900 τάλαντον
981 3816 1108 3915 λαβὼν
1132 3817 1232 3922 παρὰ
1258 3827 1323 3899 τοῦ

126 3937 391 4035 οἰκοδεσπότου,
416 3937 601 4043 κατέχωσε
631 3937 698 4037 μέν
721 3943 771 4022 είς
799 3943 869 4041 γῆν
896 3939 983 4021 αύτὸ
1012 3943 1071 4021 καὶ
1102 3943 1319 4022 ἀπολυπλα·

70 4061 283 4159 3οσίαστον
300 4059 392 4165 ἔχων
409 4059 642 4165 προσεκόμιζε
660 4059 778 4163 λέγων
796 4071 819 4109 “
834 4061 943 4164 Κύριε
969 4064 1020 4142 ’ίδε
1043 4063 1133 4168 ε’ήςεις
1155 4061 1197 4143 τὸ
1215 4061 1320 4146 σόν.”
1335 4094 1465 4148 amath.

125 4179 181 4288 ἆρ’
201 4184 264 4264 οὖν
285 4184 437 4289 ἐπῃνέθη
464 4186 523 4264 καὶ
546 4190 663 4286 γερῶν
685 4182 885 4292 ἠξίωταιή
910 4186 1149 4286 κατεδικάσθη
1176 4193 1322 4284 μᾶλλον
1334 4175 1395 4210 m.
1409 4173 1447 4222 ²⁵'

165 4411 207 4451 ιι.
224 4393 267 4466 τὸ]
281 4394 309 4450 ἐν
320 4395 389 4452 inter
399 4413 485 4452 ιιυοοι
496 4395 571 4458 addit
582 4397 681 4466 Maius,
693 4407 859 4470 repugnante
873 4398 903 4454 L.
985 4399 1026 4454 18.
1043 4397 1132 4469 Ἱεριῖι
1142 4399 1276 4469 λολὴσατε
1290 4401 1322 4458 L.

126 4466 208 4590 ίίφαίς
219 4466 360 4535 λαλήσάτω
372 4467 472 4555 M-aiun.
569 4537 574 4549 Ι
600 4485 641 4538 19.
659 4468 792 4554 ἐξυφαίνει
805 4469 836 4550 L.
955 4484 999 4540 31.
1017 4469 1125 4540 ἐπῃνέθη
1139 4469 1170 4528 L.
1182 4471 1321 4543 ἐπήνέχθυι

160 4553 185 4590 ιιι
220 4574 228 4590 .
344 4558 428 4607 γιριιν
438 4536 577 4594 emendam
588 4556 620 4593 ex
635 4538 666 4594 L.
677 4559 760 4610 γιροι
773 4538 871 4596 Malus.

172 4634 243 4682 τοο.
259 4636 312 4682 111.
717 4640 736 4705 3
752 4639 770 4682 υ
