3294 5130
356 389 360 400 .
437 338 618 406 CONTRA
648 337 997 406 SYNOUSIASTAS.
1058 389 1061 396 .
1253 341 1320 408 4⁷9

120 505 186 581 τοῦ
205 499 329 603 Λόγου
348 501 462 608 φύσιν
480 509 528 586 εἰς
554 503 641 604 ῦπερ
664 505 727 583 οῦκ
755 501 813 602 ἦν,
834 505 947 587 οὕτως
974 505 1037 584 οὐκ
1064 503 1110 583 ἀν
1134 509 1183 588 είς
1206 495 1321 610 φύσιν

122 621 290 723 θεότητος
316 623 584 729 μεταχωρήσειν
612 625 663 705 ἔτι
691 624 754 706 τὸν
781 625 941 728 γενητὸν,
960 627 1017 706 ἵνα
1045 624 1095 726 μὴ
1122 622 1249 706 πολλά
1275 621 1322 702 τά

123 743 197 824 ἀπὸ
214 752 288 825 τῶν
306 749 387 848 περὶ
407 746 517 846 αὐτὴν
536 749 650 849 ὁρῶτο
669 750 928 846 συμβαίνοντα,
947 747 971 826 ἀ
1001 752 1057 828 καὶ
1080 746 1185 852 μέχρι
1203 746 1322 845 μόνων

124 869 266 948 ἐννοιῶν
281 868 468 948 ἐλάσαντα
494 868 764 951 δυσαπόνιπτον
781 870 827 950 ἀν
851 870 925 974 ἐχοι
954 875 1016 970 τῆς
1044 871 1252 976 δυσφημίας
1279 866 1322 948 τὸ

88 990 301 1093 εέγκλημα.
341 997 371 1071 εί
394 990 466 1094 γάρ
484 990 580 1077 ὅλως
604 993 820 1092 μεθίσταταί
841 1027 875 1072 τι
897 999 970 1072 τῶν
988 999 1146 1094 γενητῶν
1173 997 1223 1075 είς
1244 989 1323 1071 θεά-

125 1145 217 1210 τητα
246 1120 418 1219 φυσικῶς,
444 1116 507 1194 οῦκ
535 1115 581 1194 ἀν
607 1148 661 1198 τις
688 1114 839 1216 ἁμάρτοι
868 1122 1050 1216 λογισμοῦ
1079 1121 1143 1193 τοῦ
1172 1112 1319 1210 εἰκότος,

21 1235 22 1240 ¹
126 1234 223 1336 εἴπερ
247 1235 365 1315 ’ἐλοιτο
393 1236 512 1339 λε’γειν
537 1241 596 1316 καὶ
622 1239 686 1317 οάκ
713 1238 759 1345 ἐξ
783 1238 847 1317 οῦκ
874 1238 988 1318 ὄντων
1013 1233 1183 1340 ὑπάρχειν
1200 1233 1322 1336 αὐτὴν,

127 1360 185 1436 καὶ
205 1358 296 1457 ὕλην
315 1355 440 1463 ῶσπερ
456 1358 537 1439 τινά
563 1368 627 1439 τοῦ
652 1357 740 1439 εἶναι
768 1365 893 1463 λαχεῖν
911 1357 953 1440 τὸ
979 1360 1043 1439 οῦκ
1068 1355 1110 1437 δν
1128 1359 1246 1456 αὐτῆς,
1265 1359 1323 1437 καὶ

127 1480 253 1563 οὐσίας
279 1481 475 1579 ἀσωμάτου
499 1480 541 1560 τδ
566 1488 675 1579 σῶμα
702 1481 871 1582 γενέσθω
897 1479 1094 1578 σύστασιν,
1113 1476 1267 1582 ἀοράτου
1285 1511 1324 1558 τε

72 1647 114 1688 10
129 1603 187 1680 καὶ
206 1604 366 1707 ἀναφοῦς
388 1602 506 1702 ἀτιήν
524 1637 562 1684 τε
588 1607 646 1684 καὶ
670 1604 814 1706 ὁρατήν.
853 1608 911 1685 καὶ
933 1604 1029 1706 εἴπερ
1047 1604 1125 1682 ἐστὶ
1144 1599 1215 1705 ζωὴ
1234 1599 1326 1680 κατά

128 1723 244 1830 φάσιν
262 1728 311 1808 ῶς
337 1727 376 1820 ἐκ
401 1725 491 1828 ζωῆς
518 1735 581 1806 τοῦ
605 1725 751 1830 Πατρός
778 1729 799 1805 ὁ
826 1725 1036 1828 Μονογενὴς
1064 1725 1173 1804 αῦτοῦ
1191 1721 1324 1824 Λόγος,

127 1848 331 1953 εἰσεδέξατο
357 1847 395 1927 δέ
419 1847 511 1928 κατά
533 1847 670 1951 τροπὴν
688 1855 736 1932 είς
758 1847 1018 1950 ὃμοουσιότηπα
1043 1844 1138 1927 καθά
1165 1852 1259 1950 φησι
1283 1841 1326 1924 τό

129 1970 174 2076 ἐξ
190 1969 413 2073 ἀνθρωπίνου
431 1971 650 2077 φυράματος,
669 1971 766 2052 πολι)
784 1971 821 2052 δέ
839 1972 881 2052 τὸ
901 1971 989 2068 δέος,
1005 1968 1056 2069 μὴ
1076 1969 1146 2071 ἀρα
1162 2001 1216 2052 τις
1235 1967 1326 2047 εἴποι

130 2097 295 2194 καθαρῶς
323 2094 387 2172 οῦκ
417 2089 505 2172 εἶναι
534 2092 627 2194 ζωὴν
654 2093 773 2173 αὐτόν·
804 2096 846 2174 οῦ
873 2094 945 2196 γάρ
973 2097 1073 2172 ἐστιν
1100 2089 1230 2191 ἀμιγὴς
1262 2097 1327 2168 τοῦ

75 2237 116 2302 ,15
132 2217 343 2320 φθείρεσθαι
374 2213 585 2320 πεφυκότος.
637 2217 788 2322 μάχεται
826 2216 864 2296 δέ
896 2219 956 2297 καὶ
991 2214 1117 2318 ἑτέρως
1153 2219 1199 2316 τῇ
1237 2209 1328 2310 μετά

130 2337 268 2440 σαρκὸς
286 2339 467 2445 οἰκονομίᾳ
491 2346 564 2418 τῶν
581 2339 904 2438 πεπλανημένωνὴ
930 2337 1030 2443 δόξα·
1060 2338 1118 2416 καὶ
1142 2337 1222 2414 τίνα
1246 2332 1328 2435 τρό-

132 2495 204 2540 πον
231 2462 388 2563 ἐροῦμεν·
427 2459 587 2569 ἐπεφάνη
616 2459 687 2562 γάρ
715 2461 799 2559 ἡμῖν
820 2459 913 2544 Θεὸς
940 2457 991 2539 ῶν
1012 2456 1153 2561 Κῦριος,
1171 2456 1229 2535 ἵνα
1261 2454 1328 2555 τὴν

132 2581 218 2662 καθ’
247 2584 349 2682 ἡμῶν
375 2583 655 2686 τυραννήσασαν
684 2583 795 2688 ἀνέλη
821 2580 972 2688 φθόρον,
1001 2581 1069 2684 οῦχ
1100 2580 1158 2658 ἵνα
1190 2583 1329 2685 φθοράς

133 2707 287 2810 μέτοχον
304 2704 371 2806 τὴν
388 2708 518 2786 οἰκείαν
541 2705 646 2790 αὐτὸς
674 2705 845 2812 ἀποφήνῃ
864 2703 979 2811 φῦσιν
1001 2705 1198 2803 ἀνακιρνῶν
1217 2702 1331 2805 ἐαιπῷ

77 2864 121 2905 20
134 2863 201 2974 την
219 2864 270 2936 τιρ
252 2827 493 2936 θανάτιρ’
447 2862 600 2934 κατοχον
618 2826 748 2932 σάρκα.
789 2825 963 2910 ἰσοπαλές
985 2826 1092 2905 οῦν
1059 2859 1136 2975 ριρα
1153 2822 1196 2903 τὸ
1215 2855 1328 2920 κατη-

133 2950 287 3068 γόρημα,
318 2952 384 3032 κάν
411 2988 441 3032 ει
471 2987 536 3031 τον
562 2961 626 3031 τοῦ
655 2959 751 3032 Θεοῦ
779 2949 962 3054 Λόγον’
934 2984 982 3033 εις
1014 2948 1183 3046 σώματος
1217 2943 1331 3051 φύσιν

134 3074 405 3180 μετεστράφθαι
440 3108 494 3158 τις
532 3072 642 3176 λέγοι,
675 3072 742 3153 κάν
774 3073 842 3153 εἴτε
874 3070 940 3169 τὴν
973 3071 1094 3175 σάρκα
1132 3067 1331 3175 μεταφάναι

135 3193 248 3277 πάλιν
279 3203 328 3282 είς
358 3194 619 3296 ὃμοουσιότητα
656 3195 747 3298 πρὸς
775 3197 882 3276 Θεόν.
933 3198 1135 3301 ἀποφοιτάν
1167 3192 1229 3271 οὖν
1262 3189 1332 3290 ἀρα

135 3321 266 3421 πρῶτοι
284 3317 329 3399 ἀν
350 3321 442 3418 ἡμᾶς
462 3318 590 3399 τούτου
611 3351 650 3398 τε
671 3319 842 3414 κάκείνου,
862 3317 958 3419 εἴπερ
981 3318 1081 3396 ἐστὶν
1099 3314 1163 3394 οῦκ
1186 3309 1332 3416 ἀζήμιον

75 3473 124 3534 ¹025
137 3440 180 3523 τὸ
197 3444 343 3523 ἐλείπθαι
361 3449 505 3549 φρονεῖν
523 3453 544 3489 “
556 3443 641 3544 παρ’
661 3439 680 3520 δ
699 3446 753 3521 δεῖ
766 3441 941 3547 φρονεῖν.”

736 3727 746 3756 Ι

190 3887 271 3969 Ἵνα
293 3886 517 3986 πιστεύωμεν
535 3886 589 3966 ὅτι
614 3884 681 3965 κάν
702 3891 732 3966 εί
755 3892 827 3968 τοῖς
855 3883 1035 3984 ἡμετέροις
1058 3881 1230 3977 σάμασιν
1249 3880 1330 3976 ὁμο-

142 4011 229 4120 φυές
252 4009 297 4111 ἦν
319 4009 361 4091 τό
387 4009 491 4113 ἀγιον
513 4010 621 4090 αὐτοῦ
649 4011 706 4088 καὶ
726 4007 910 4108 πάναγνον
929 4011 1050 4102 σῶμα,
1071 4003 1156 4081 ἀλλ’
1177 4002 1240 4081 οῦν
1256 4002 1335 4078 ἐστι

177 4271 203 4326 3.
222 4257 274 4325 δροι
286 4254 355 4310 rab
473 4251 659 4309 ἀείκότωςί).
778 4262 803 4320 7.
822 4245 1005 4303 delendum
978 4267 1024 4300 ουκ
1055 4245 1120 4297 rius.
1238 4240 1336 4313 ι9.ἀν-

134 4343 280 4464 ἀδφζνῶινγςο
281 4393 320 4465 [p
334 4323 434 4461 ἀῦόῗῦν
409 4395 427 4448 1.
441 4322 571 4464 gffunogis
580 4320 758 4480 οόποιοτνιιγίι)
777 4318 961 4443 διιιιιιιιιέἀιίιο1
963 4330 1116 4455 Ιέθροιιάῦά1
1126 4311 1339 4437 σόόεάιέἀιδάἀέίόθ

143 4463 486 4606 γὲιγρέὶητῖἐὲιωδφῐηὲἰῃῗοτὶρι.
478 4463 586 4520 ..'Vet
562 4463 607 4518 νῦ.
616 4478 678 4534 302,
686 4461 758 4533 λίγα
770 4460 847 4533 γὰρ’
832 4482 862 4514 ει
872 4460 908 4530 τῷ
922 4457 984 4512 κατὰ
996 4461 1048 4510 τῶν
1059 4457 1257 4509 συνουσιαστῶν
1266 4455 1339 4526 λόγηι
