3294 5150
150 363 238 444 vi.4,
254 377 305 450 15.
328 406 331 412 -
353 363 408 428 IN
434 363 692 430 EPIS'POLAM
716 363 744 428 1.
771 360 834 428 AD
861 360 1153 429 CORINTHIOS.
1283 363 1348 429 263

146 531 296 624 μᾶλλον
320 527 428 628 λέγει,
457 527 539 612 τοῦς
567 527 633 628 τὴν
659 529 794 608 ἑαυτῶν
822 525 938 632 ἀρχὴν
967 529 1009 607 οῦ
1040 526 1285 632 τετηρηκότας,
1312 473 1513 608 οίιίίιίιίίεί.

147 648 286 729 ἄνωθεν
304 648 403 736 ὅντες
430 653 489 730 καὶ
516 650 665 750 σώμασι
689 658 763 735 τοῖς
793 649 865 731 ἀπὸ
893 654 960 753 γῆς
989 652 1030 730 οῦ
1052 651 1345 758 πεφορτισμένοι,

146 770 472 875 κατακριθῆσονται
500 771 569 855 ῦιτὸ
597 781 669 854 τῶν
696 775 808 876 ἁγίων
832 773 924 853 κατὰ
951 773 1015 854 τὸν
1039 774 1121 854 ἴσον
1139 777 1190 882 τῷ
1218 772 1344 882 κόσμῳ

145 891 282 996 τρόπον
300 896 358 976 διὰ
385 900 447 995 τῆς
471 902 544 977 τῶν
567 899 678 999 ἁγίων
695 899 885 995 ἐπιεικείας,
904 895 959 1003 ἐφ’
980 894 1097 977 ἅπασι
1120 905 1193 981 τοῖς
1217 897 1341 1001 αἰσχί-

109 1045 252 1104 5στοις
284 1019 593 1123 κατηγορούμεναι.
638 1026 668 1100 εί
701 1021 764 1100 οῦν
791 1022 959 1122 ἀγγελῶν
987 1019 1148 1109 ἀμείνους
1176 1026 1210 1100 οἱ
1237 1020 1343 1122 ἅγιοι,

146 1149 227 1226 πῶς
251 1141 388 1250 ἀνάξιοι
413 1144 600 1246 κριτηρίων
617 1144 820 1249 ἐλαχίστων
837 1139 906 1223 εἶεν
924 1141 969 1221 ἂν
986 1149 1059 1223 τῶν
1076 1145 1133 1223 ἐπὶ
1151 1142 1343 1246 πράγμασι
1356 1163 1496 1279 ffupnver.

147 1274 333 1365 κοσμικαῖς
347 1299 357 1360 ;

1357 1375 1400 1429 56
1416 1373 1463 1432 Μ.

395 1457 534 1524 Βιωτικὰ
561 1457 620 1534 μὲν
647 1453 703 1524 οὖν
731 1460 879 1547 κριτιίρια
906 1458 965 1523 ἐὰν
992 1457 1097 1546 ἔχιιτε.
1357 1498 1374 1552 4

207 1625 349 1731 Μικρὸν
366 1633 492 1728 κομιδῆ
510 1633 568 1709 καὶ
585 1637 649 1709 τοῦ
666 1627 816 1728 μηδενὸς
834 1629 936 1736 ἄξιον
952 1637 1026 1715 τοῖς
1043 1630 1139 1733 ἄγαν
1156 1632 1354 1714 ἐπιεικέσιν.

91 1778 133 1818 ¹0
146 1753 187 1832 ε’ν
214 1753 388 1859 ἐκκλησία
413 1749 455 1832 τὸ
482 1754 612 1855 κρίνειν
638 1755 717 1832 ἐστὶ
745 1752 791 1833 τὰ
818 1753 978 1846 βιωτικά·
1019 1754 1281 1854 πεπαιδεύμεθα
1305 1751 1343 1834 δέ

147 1878 207 1954 καὶ
234 1885 340 1956 τοῦτο
366 1874 467 1978 παρὰ
492 1885 556 1956 τοῦ
588 1876 735 1978 Κυρίου·
781 1874 934 1982 προσῄει
966 1878 1031 1975 μὲν
1063 1877 1135 1981 γάρ
1164 1912 1217 1962 τις
1247 1880 1344 1986 αὐτῷ

147 1998 267 2100 λέγων
294 2009 317 2046 “
328 1999 541 2080 Διδάσκαλε
568 1999 642 2082 είπέ
669 2007 720 2106 τῷ
748 2003 896 2108 ἀδελφῷ
922 2036 991 2097 μου
1018 2001 1238 2103 μερίσασθαι
1265 2000 1340 2101 μετ’
1354 2011 1513 2141 {31322151-

147 2132 172 2170 ‘⁴
189 2125 275 2220 ε’μοῦ
303 2121 370 2222 τὴν
387 2125 639 2226 κληρονομίαν·
675 2121 751 2202 ῦδέ
775 2121 866 2226 πρὸς
884 2122 992 2203 αὐτόν
1013 2121 1217 2226 Ἀνθρωπε,
1238 2128 1342 2229 φησὶ,
1389 2115 1395 2137 ’
1439 2111 1445 2126 ’

148 2255 171 2291 “
187 2246 241 2330 τίς
261 2280 305 2343 με
324 2245 526 2346 κατέστησε
548 2244 670 2348 κριτὴν
694 2244 717 2346 ἢ
740 2245 914 2349 μεριστὴν
941 2248 999 2354 ἐφ’
1028 2250 1118 2346 ὑμᾶς
1133 2249 1170 2342 ;”
1213 2248 1344 2349 πρέποι

95 2406 133 2466 15
146 2365 220 2470 γὰρ
238 2365 284 2446 ἂν
301 2375 447 2465 μᾶλλον
464 2372 522 2449 καὶ
540 2369 823 2473 νουνεχεστεροις
841 2371 878 2448 ἐν
894 2371 1070 2475 ἐκκλησίᾳ
1089 2369 1130 2449 τὸ
1150 2371 1280 2472 κρίνειν
1298 2369 1344 2450 τὰ

145 2490 377 2591 πνευματικὰ,
395 2489 437 2572 τὸ
454 2491 660 2594 βασανίζειν
677 2492 848 2596 εὐτέχνως
865 2489 930 2572 τὸν
947 2496 1027 2594 περὶ
1045 2493 1201 2576 πίστεως
1218 2491 1342 2596 λόγον·

146 2613 375 2715 εἰηρίθμηται
403 2613 441 2694 δέ
468 2623 575 2695 τοῦτο
602 2621 676 2699 τοῖς
704 2615 840 2695 ἄνωθεν
871 2618 929 2695 καὶ
955 2613 1014 2694 διὰ
1040 2624 1104 2695 τοῦ
1133 2615 1342 2713 Πνεῦματος

146 2739 307 2839 ἀγαθοῖς·
343 2740 477 2818 δίδοται
494 2736 564 2840 γάρ
583 2772 657 2817 τισι
676 2736 786 2841 λόγος
804 2737 938 2844 σοφίας
956 2739 1014 2816 καὶ
1033 2736 1143 2840 λόγος
1162 2739 1341 2840 γνώσεως,
1353 2753 1425 2872 inf?
1435 2757 1479 2806 ¹1¹·

145 2861 276 2966 ἑτέροις
294 2859 332 2941 δέ
350 2864 408 2941 καί
427 2859 601 2962 διάκρισις
618 2860 840 2959 πνευμάτων.
1371 2857 1378 2880 ’
1420 2856 1425 2871 ’

90 3125 132 3164 20
224 3101 290 3166 Οὐκ
318 3097 431 3167 οἴδατε
458 3105 507 3168 ὅτι
533 3101 572 3167 τὰ
601 3101 737 3178 σώματα
765 3103 855 3180 ὑμῶν
881 3104 965 3179 μέλις
994 3104 1130 3191 Χριστοῦ
1157 3101 1264 3186 ierim
1356 3123 1393 3186 15

205 3278 290 3356 Πῶς
317 3271 363 3352 ἂν
392 3269 460 3352 εἶεν
491 3275 579 3378 μέλη
609 3276 749 3378 Χριστοῦ
775 3272 821 3353 τῶ
850 3273 977 3373 ἡμῶν;
1013 3273 1141 3380 έχομεν
1168 3272 1276 3354 αὐτὸν
1304 3277 1342 3355 ἐν

145 3400 281 3480 ἑαυτοῖς
306 3403 487 3496 αἰσθητῶς
511 3431 550 3476 τε
575 3400 633 3477 καὶ
658 3405 803 3496 νοητῶς·
843 3405 998 3477 κατοικεῖ
1019 3397 1085 3496 μὲν
1110 3397 1182 3500 γὰρ
1206 3400 1245 3478 ἐν
1265 3404 1341 3482 ταῖς

145 3521 303 3621 καρδίαις
328 3520 429 3618 ἡμῶν
447 3518 505 3598 διὰ
530 3526 593 3600 τοῦ
613 3519 832 3619 Πνεῦματος,
851 3520 1120 3625 μετεσχήκαμεν
1138 3519 1176 3600 δέ
1195 3525 1253 3600 καὶ
1277 3523 1342 3620 τῆς

143 3643 250 3744 ἁγίας
276 3645 385 3722 αὐτοῦ
409 3640 555 3745 σαρκὸς,
582 3641 786 3744 ἡγιιίσμεθά
810 3678 849 3722 τε
875 3648 1012 3726 διττῶς·
1049 3646 1107 3723 καὶ
1138 3639 1342 3750 κατῴκηκεν

181 3883 207 3940 η.
225 3867 353 3924 Scholion
374 3869 397 3924 ei
415 3869 444 3923 δὲ
463 3869 616 3938 ire-impe
635 3867 665 3937 ἢν
683 3868 711 3923 in
730 3868 795 3923 haee
816 3867 898 3925 verbe
916 3869 1022 3925 exhibet
1041 3869 1131 3924 Μοίρι
1149 3886 1163 3923 e
1181 3867 1271 3923 codice
1289 3884 1339 3922 ιυο

142 3939 263 4010 margine
281 3956 418 4011 apponent
437 3939 497 3994 “In
515 3956 572 3993 mar
594 3979 600 3992 .
627 3939 765 4010 Ωριγίνους
782 3939 876 4008 ὁμοίως
893 3941 934 3994 καὶ
947 3939 1108 4010 Κορίλλον,”
1127 3945 1191 3992 eunt
1206 3946 1295 3993 autem
1308 3937 1338 3992 S.

143 4009 331 4080 chrysostomi
341 4009 438 4072 omnia,
452 4009 559 4065 Honm
592 4007 627 4063 ed
639 4010 690 4063 loc.
702 4026 729 4078 p.
741 4008 791 4078 138
803 4026 827 4065 c.
1026 4025 1052 4078 9.
1072 4006 1233 4130 Μικρλνχῗρ
1248 4006 1338 4076 κομιδῆ

140 4080 237 4150 incipit
250 4079 288 4136 ii.
341 4077 492 4150 ε’πιειιιίσιν]
509 4085 538 4143 -i-
553 4077 760 4134 κιιλᾶπολίκτοις
774 4077 812 4134 ii.
967 4093 1008 4132 ιο.
1027 4078 1175 4146 ιἰικλησίοις
1220 4116 1227 4132 .
1280 4077 1338 4132 ε’στι

139 4152 172 4206 τὸ
191 4149 284 4220 κρίνεα
299 4149 405 4204 invene
422 4147 515 4204 ordine
528 4148 566 4204 Η.
610 4149 674 4204 Poet
690 4149 808 4213 βιωτικά,
820 4147 907 4238 pergit
921 4146 990 4202 ἁλλὰ
1002 4151 1053 4203 τῶν
1064 4152 1239 4217 πνευματικῶν
1254 4147 1339 4201 πολὺν

139 4221 274 4277 ποιείσθω
294 4221 375 4290 λόγον
392 4220 434 4274 καὶ
454 4219 591 4288 διακρίνειν
608 4219 637 4274 έν
653 4220 779 4282 βασάνοις
799 4239 839 4274 τις
858 4217 886 4270 έν
902 4215 981 4288 Ἀγίφ
1002 4217 1130 4287 Πνεῦματι
1150 4218 1247 4280 λαλῶν,
1264 4215 1338 4286 λέγει

141 4291 238 4362 Κύριον
249 4289 359 4357 Ἰησοῦν,
372 4289 411 4345 τίς
423 4289 451 4344 δέ
465 4289 492 4344 εἰι
502 4289 662 4356 βεελζιβοῦλ
676 4289 718 4344 καλ
733 4289 776 4344 διδ
791 4291 867 4344 τοῦτο
878 4285 911 4340 λε’
929 4309 963 4342 ων
974 4285 1101 4356 Ἀνάθεμο
1112 4285 1223 4354 Ἰησοῦς.
1261 4283 1338 4345 Quae

141 4378 204 4418 cum
217 4361 349 4415 incertum
361 4359 409 4414 ubi
420 4357 553 4430 ponende,
565 4368 631 4416 note
642 4359 759 4416 exhibui.
842 4375 886 4413 21.
906 4309 963 4412 inc.
976 4355 1050 4424 Μελη
1062 4360 1174 4429 χριστοῦ
1185 4357 1217 4410 τὰ
1230 4359 1338 4438 σώματα

139 4432 213 4500 ἡμῶν
224 4431 306 4492 ι’στιν,
319 4428 377 4484 καθ’
390 4427 404 4482 δ
417 4431 462 4483 τδν
472 4431 583 4500 χριστὸν
594 4431 689 4502 ἔχομεν
700 4431 728 4485 ἐν
741 4430 778 4485 Η.
926 4443 969 4482 22.
986 4431 1080 4496 νοητῦς
1091 4435 1118 4482 et
1129 4425 1257 4496 οίσθητῶς
1269 4437 1338 4482 mter

141 4519 171 4554 ee
183 4499 333 4569 transponit
347 4498 383 4552 H.
483 4515 526 4570 23.
545 4504 591 4554 τοῦ
624 4511 650 4564 ÷
666 4500 741 4570 ἁγίαν
755 4499 791 4553 Η.
839 4496 981 4567 μετέχομεν
994 4497 1031 4551 Η.
1130 4513 1174 4564 24.
1192 4497 1337 4570 ἡγιάσμεθιί

140 4569 273 4624 τεδιττῶς
286 4585 339 4624 om.
353 4569 390 4624 H.
444 4572 556 4624 κατοικεῖ
599 4611 606 4626 .
645 4570 739 4625 Statim
753 4567 833 4624 οὕτως
845 4565 919 4622 addit
934 4568 970 4622 H.
