3278 5130
310 308 377 372 864
485 305 525 370 B.
545 303 734 371 CYRILLI
759 303 1023 369 ALEXANDR.
1052 303 1334 370 FRAGMENTA
1447 303 1472 370 i.
1490 324 1522 370 1.

154 399 298 468 [nih]
312 453 502 568 διακονίαν,
529 472 567 550 έν
593 469 664 577 ’ίσιρ
691 469 894 573 προφήταις
922 468 1089 574 δέχεσθαι
1117 465 1182 566 μέν
1201 466 1301 570 παρὸ
1328 475 1393 548 τοῦ
1413 473 1522 548 Θεοῦ

313 589 437 694 Λόγου
463 592 529 693 τήν
544 599 627 696 περὶ
651 590 702 672 ῶν
721 589 765 673 ἂν
782 591 953 689 βούλοιτο
981 598 1118 691 γνῶσιν
1136 591 1247 692 ἤγουν
1263 590 1522 694 ἀποκάλυψιν,

311 721 493 797 ποιεῖσθαι
524 715 562 796 δὲ
600 717 712 801 οὕτως
746 721 794 800 είς
831 715 923 814 ἡμᾶς
958 712 1081 815 αὐτήν·
1125 715 1251 794 διοίσει
1287 713 1359 818 γὰρ
1397 717 1524 798 οὕτως

312 838 390 919 κατ’
429 839 554 920 οὐδένα
597 837 733 942 τρόπον
777 844 850 919 τῶν
895 837 1009 938 ἁγίων
1055 841 1255 942 προφητῶν
1300 836 1397 938 εἴπερ
1443 835 1523 916 ὦδε

247 1015 253 1029 ·
313 960 400 1068 έχοι·
435 963 520 1041 ἁλλ’
549 962 638 1047 είδὸς
665 961 785 1045 πάντα
812 960 859 1040 τὰ
881 963 918 1040 έν
943 960 1050 1067 αὐτῷ,
1068 962 1152 1065 παρ’
1172 960 1281 1040 αὐτοῦ
1308 959 1560 1058 λαμβάνεινῑ.

314 1084 457 1187 λέγεται
485 1089 542 1166 καὶ
570 1083 810 1187 ἀναγγέλλειν
838 1083 963 1185 ἁγίοις.
1003 1084 1130 1162 οὐκοῦν
1153 1083 1276 1162 ἐλάλει
1303 1084 1360 1162 καὶ
1387 1085 1522 1164 πάλαι

313 1206 372 1288 διὰ
399 1218 464 1289 τοῦ
490 1211 608 1312 Ἁγίου
632 1212 839 1310 Πνεύματος
867 1214 940 1292 τοῖς
967 1203 1207 1311 ἀρχαιοτέρας
1233 1207 1254 1285 ὸ
1283 1208 1518 1308 Μανογενής·

313 1330 437 1413 ἐλάλει
466 1332 504 1412 δὲ
537 1333 769 1440 πολυτρόπως,
797 1336 1088 1438 διαμορφοῦσθαι
1117 1329 1272 1410 κελεύων
1302 1328 1343 1410 τὸ
1374 1329 1522 1410 σεπτὸν

314 1458 373 1536 καὶ
395 1457 490 1560 μέγα
510 1461 572 1554 τῆς
598 1455 901 1560 ένανθρωπήσεως
926 1457 1052 1536 ἑαυτοῦ
1074 1452 1284 1557 μυστήριον·
1322 1452 1424 1534 ἔστιν
1448 1455 1522 1535 οὖν

145 1597 302 1648 Honiiao·
314 1581 467 1659 ἀκοῦσαι
491 1578 663 1682 λέγοντας
688 1577 747 1658 διὸ
770 1584 969 1684 προφητῶν
997 1588 1019 1624 “
1035 1575 1134 1679 Ἐγῶ
1159 1577 1303 1682 ὸριίσεις
1328 1577 1521 1678 ἐπλήθυνεν
1538 1617 1580 1659 ιο

145 1726 302 1793 mima.
316 1713 338 1750 “
354 1705 413 1784 καὶ
447 1704 484 1783 έν
512 1707 616 1808 χερσὶ
643 1708 842 1807 προφητῶν
873 1698 1093 1801 ῶμοιῶθην,”
1128 1702 1185 1780 καὶ
1212 1699 1326 1782 πάλιν
1358 1713 1380 1749 “
1394 1702 1522 1788 Αὐτὸς

315 1835 337 1875 “
355 1828 376 1905 ὁ
395 1831 522 1906 λαλῶν
539 1823 694 1928 πάρειμι,
714 1829 761 1910 ῶς
780 1823 856 1926 ῶρο
874 1827 931 1906 ε’πὶ
950 1831 1022 1904 τῶν
1040 1821 1151 1926 ὀρέων
1169 1827 1216 1907 ῶς
1233 1824 1341 1908 πόδες
1359 1827 1517 1928 εὐαγγε-

316 1958 337 1998 “
354 1947 539 2052 λιζομένου
576 1948 687 2050 ἀκοὴν
718 1949 866 2052 εἰρήνης,
898 1946 1212 2050 εὐαγγελιζομένου
1249 1949 1399 2049 ἀγαθᾶ.”
1454 1953 1521 2030 ε’πὶ
1623 2039 1624 2050 ¹

315 2070 386 2174 γὰρ
405 2073 595 2179 συντελείᾳ
616 2079 689 2153 τῶν
708 2073 844 2153 αἰώνων
863 2071 968 2156 αὐτὸς
995 2073 1078 2171 ἡμῖν
1096 2070 1141 2150 δι’
1159 2073 1285 2152 ἑαυτοῦ
1309 2072 1522 2175 λελάληκεν

315 2195 454 2286 ὸΥίὸς,
478 2197 520 2276 οὐ
547 2203 841 2294 μεσολαβοῦντος
869 2193 920 2275 ἔτι
947 2193 1136 2300 προφήτου
1164 2197 1223 2275 καὶ
1251 2199 1374 2298 φωνῆς
1399 2197 1522 2297 ἁγίων
1539 2229 1576 2291 15
1623 2263 1624 2330 ή

315 2317 415 2398 ἀλλὰ
441 2319 485 2399 δι’
503 2321 628 2400 ἑαυτοῦ
654 2322 734 2400 καθ’
758 2321 849 2419 ἡμᾶς
869 2316 1024 2420 γεγονὸς
1043 2317 1294 2420 όΜονογενὴς
1314 2315 1397 2404 τοὺς
1422 2320 1523 2424 πρὸς

315 2443 407 2542 ἡμᾶς
442 2444 633 2545 πεποίηται
669 2443 814 2546 λόγους.
864 2445 1029 2541 λαλῆσαι
1066 2441 1108 2520 δέ
1139 2447 1260 2545 φαμεν
1292 2445 1321 2524 ἐν
1353 2441 1420 2552 Tic}
1450 2445 1523 2524 τὸν
1623 2527 1624 2530 ,

318 2567 476 2670 Πατέρα,
495 2569 561 2672 οὐχ
588 2569 636 2651 ὡς
658 2568 701 2644 δι’
726 2567 917 2667 ἀνθρώπου
942 2563 1036 2648 τινὸς
1064 2570 1181 2649 ίδικῶς
1209 2564 1267 2644 διὸ
1295 2564 1409 2664 μέσου
1437 2601 1518 2647 κει-

316 2689 421 2788 μένου
446 2694 505 2770 καὶ
527 2691 847 2793 διαπορθμεύυντος
868 2696 916 2774 είς
934 2690 1028 2788 ἡμᾶς
1046 2691 1109 2769 οὐκ
1127 2691 1233 2773 ίδίους
1251 2695 1395 2786 μᾶλλον
1412 2689 1523 2769 ἀλλὰ

316 2812 398 2900 τοὺς
425 2817 510 2920 παρ’
531 2814 651 2918 ἑτέρου
679 2813 822 2918 λόγους,
842 2815 927 2896 ἄλλ’
948 2817 1018 2922 ίδίηι
1036 2821 1142 2922 φωνῇ
1166 2814 1287 2922 τῇδιὸ
1305 2823 1369 2896 τοῦ
1386 2815 1522 2915 σῶμα·
1540 2858 1579 2898 20
1623 2851 1624 2922 η

316 2973 378 3024 τος
396 2947 595 3023 λαλοῦντος
614 2940 698 3038 ἡμῖν
714 2947 778 3018 τοῦ
797 2943 895 3019 Υἱοῦ·
926 2941 1035 3018 αὐτοῦ
1054 2937 1126 3042 γὰρ
1142 2937 1186 3038 ἦν
1204 2945 1268 3017 τοῦ
1283 2944 1523 3041 Μονογενοῦς

319 3063 377 3142 καὶ
407 3063 474 3166 οὐχ
501 3061 621 3166 ἑτέρου
648 3061 744 3146 τινὸς
762 3063 784 3162 ἡ
804 3061 932 3170 σάρξ·
952 3060 1047 3148 Θεὸς
1074 3061 1146 3165 γὰρ
1164 3058 1214 3140 ῶν
1230 3059 1340 3168 φύσει
1368 3062 1524 3165 γέγονεν

318 3184 508 3286 ἅνθρωπος
534 3185 624 3284 μετὰ
646 3195 710 3266 τοῦ
734 3193 849 3284 μεῖναι
868 3185 973 3271 Θεός·
1011 3183 1092 3268 τότε
1121 3184 1192 3289 γὰρ
1218 3185 1285 3285 τήν
1314 3187 1523 3290 ἀπόῤῥητον

318 3316 383 3387 τοῦ
402 3313 498 3388 Θεοῦ
516 3311 574 3388 καὶ
594 3308 739 3412 Πατρός
758 3307 918 3416 φανερὸν
937 3311 1021 3409 ἡμῖν
1038 3311 1145 3390 ἐποίει
1165 3309 1315 3408 βουλήν·
1349 3310 1522 3417 ταύτητοι

320 3441 341 3479 “
359 3434 417 3510 καὶ
437 3437 596 3510 καλεῖται
616 3431 656 3512 τὸ
676 3432 789 3531 ὄνομα
807 3435 916 3514 αὐτοῦ
934 3433 1111 3536 Μεγάλης
1128 3437 1266 3531 βουλῆς
1285 3432 1475 3536 ἅγγελος.”
1537 3475 1578 3536 ²5

374 3555 517 3656 Ὀρθῶς
545 3555 609 3634 οὖν
637 3555 825 3641 ὸΠαῦλός
853 3564 969 3662 φησιν
1000 3558 1051 3637 ἐπ’
1072 3557 1226 3656 ἐσχάτων
1251 3557 1311 3639 τῶν
1340 3557 1459 3667 ἡμερῶν
1489 3559 1522 3639 ἓν

318 3687 385 3786 TI&
409 3677 648 3779 λελοληκέναι
666 3681 747 3784 πρὸς
766 3683 859 3786 ἡμᾶς
884 3681 947 3761 τὸν
966 3679 1061 3761 Θεὸν
1079 3683 1137 3760 καὶ
1158 3679 1315 3784 Πατέρα·
1354 3680 1426 3784 ᾔδει
1446 3681 1521 3784 γὰρ

319 3799 407 3882 ὄντα
426 3799 523 3882 Θεὸν
550 3800 613 3881 τὸν
641 3802 889 3904 Ἐμμανουήλ,
916 3804 1091 3907 γεγονότα
1120 3804 1242 3885 δὲκαὶ
1269 3807 1307 3885 ἐν
1330 3807 1521 3908 ἀνθρωπό-

318 3960 399 4027 τητι
426 3927 508 4026 μεθ’
538 3925 638 4025 ἡμῶν
664 3923 729 4006 τὸν
756 3929 794 4006 ἐκ
814 3933 910 4008 Θεοῦ
928 3926 1061 4030 Λόγον,
1084 3928 1219 4032 ε’πέγνω
1246 3925 1311 4009 τὸν
1333 3929 1522 4033 ἐλεύθερον

350 4140 382 4194 3.
399 4124 496 4180 διοίσυι
509 4140 646 4195 perperam
660 4123 705 4179 Cr.
865 4123 891 4179 6.
911 4124 1017 4180 Partem
1030 4125 1137 4181 exhibet
1148 4135 1175 4180 et
1188 4127 1225 4182 H.
1240 4127 1286 4198 qui
1296 4125 1404 4182 Ἐλιίλει
1416 4126 1464 4194 μὲν
1475 4125 1523 4182 οὖν

319 4195 401 4248 πάλαι
413 4195 455 4249 διὸ
467 4195 570 4265 incipit.
717 4208 741 4266 7.
759 4195 907 4267 Μονογενής
918 4197 1007 4250 ἐλάλει
1019 4195 1062 4268 δι’]
1076 4199 1141 4252 θεὸς
1156 4196 1194 4252 Η.
1325 4197 1352 4251 8.
1368 4199 1467 4254 σεπτὸν
1478 4199 1522 4252 καὶ

321 4263 429 4320 οιιι.Η.
543 4282 570 4335 9.
586 4265 665 4320 αὑτοῦ
679 4263 717 4319 H.
765 4265 871 4320 κατὸτό
885 4282 933 4336 pro
946 4266 1245 4338 ἔπιν-προφητῶνΗ.
1355 4285 1396 4323 ιι.
1413 4272 1521 4339 προφη-

319 4331 383 4404 τῶν]
398 4333 483 4403 pergit
502 4332 562 4402 ήμῖν
578 4335 606 4389 δέ
624 4333 657 4389 δι’
668 4337 761 4390 ἑαυτοῦ
779 4337 821 4390 καὶ
836 4334 876 4392 ἐπ’
889 4337 1008 4407 ἐσχάτων
1023 4337 1153 4407 ε’λάλησεν
1169 4339 1184 4392 δ
1200 4339 1254 4393 vids
1267 4337 1316 4408 (ita
1327 4337 1466 4407 desinens)
1481 4339 1520 4396 H.

323 4419 364 4456 ια.
383 4405 469 4528 &fiam
483 4421 620 4476 perperam
633 4403 680 4459 Cr.
780 4418 822 4478 ιη.
839 4407 897 4462 Ine.
910 4407 1006 4463 iterum
1018 4410 1133 4479 λαλήσω
1145 4408 1233 4480 φαμὲν
1246 4407 1283 4464 H.
1387 4424 1431 4465 τι.
1447 4409 1520 4480 σάρξ

280 4499 283 4506 ·
320 4471 368 4527 διε
421 4511 431 4528 .
574 4473 776 4532 Memor.
1372 4493 1392 4525 -·
