3280 5142
238 973 311 1047 DE
353 973 696 1050 FRAGMENTIS
740 973 888 1068 QUAE
932 973 1027 1050 HIC
1071 964 1254 1050 TOMUS

650 1149 838 1225 HABET.

189 1681 499 1745 Commffloauu
522 1681 557 1743 in
577 1679 753 1763 Epistolem
773 1681 812 1744 ad
833 1679 992 1745 Romanos
1012 1680 1198 1766 fragmenta,
1215 1703 1251 1744 ee
1270 1684 1345 1744 sunt

144 1807 226 1869 quae
248 1783 369 1868 primus
390 1783 490 1848 edidit
510 1783 603 1847 Card.
623 1783 731 1847 Maius
751 1782 848 1867 (Bibl.
865 1785 959 1850 Nova
979 1784 1121 1862 Petrum,
1137 1784 1225 1849 'Pom
1241 1783 1290 1866 iii)
1306 1805 1344 1847 ex

145 1888 268 1952 Cetenu
292 1887 369 1950 setis
395 1885 500 1970 ample
525 1908 604 1971 quae
630 1893 679 1950 cet
702 1886 736 1950 in
754 1886 928 1967 Vatican03
955 1889 1005 1952 cui
1028 1889 1068 1952 ad
1090 1888 1344 1972 supplementum

145 1992 302 2056 Catonem
317 1991 541 2054 Monacensem
557 1988 696 2068 adhibui,
711 2011 730 2053 a
745 1990 904 2056 Cramcrio
919 1992 1055 2057 nostrati
1069 1991 1197 2056 editam.

190 2095 239 2158 Ee
263 2115 385 2179 quoque
411 2114 489 2177 quae
514 2097 591 2156 sunt
612 2092 649 2156 dc
675 2093 796 2157 duobus
821 2094 860 2158 ud
882 2095 1064 2159 Corinthios
1085 2094 1237 2179 Epistolis
1260 2093 1344 2157 idem

145 2205 325 2262 excusserat
346 2196 454 2260 Maius
477 2217 516 2260 ex
538 2195 647 2260 eadem
669 2196 861 2278 amplissime
882 2197 1003 2262 Ceteue
1013 2223 1023 2277 3
1055 2197 1198 2262 adhibite
1218 2196 1345 2280 insuper

145 2301 358 2386 pulcherrime
373 2300 493 2364 Cetena
508 2299 542 2362 in
558 2321 665 2364 omnes
682 2300 716 2363 S.
730 2299 821 2364 Pauli
835 2301 1003 2386 Epistolae,
1020 2323 1098 2385 quae
1113 2307 1161 2364 est
1176 2300 1210 2364 in
1226 2300 1345 2364 Biblio-

146 2406 240 2470 thece
261 2402 581 2485 τοῢ,Παντοκράτορος
602 2402 637 2466 in
657 2402 771 2468 Monte
786 2403 882 2468 Atho.
929 2404 1035 2468 Codex
1049 2403 1110 2481 hic,
1127 2403 1292 2487 prioribus,
1307 2407 1345 2466 ut

147 2508 284 2586 videtur,
299 2506 394 2572 seculi
408 2530 430 2569 x
445 2507 537 2571 annis
551 2506 754 2589 conscriptus,
770 2506 855 2570 haud
871 2507 972 2570 multe
987 2507 1078 2572 utilia
1092 2507 1218 2572 exhibet
1233 2507 1294 2572 nisi
1310 2509 1345 2572 in

147 2613 205 2676 has
226 2613 304 2675 duas
325 2609 493 2694 Epistulas,
511 2609 567 2672 ubi
589 2632 652 2674 non
676 2610 708 2673 S.
727 2609 838 2694 Cyriili
861 2615 1000 2686 tentum,
1020 2610 1074 2674 sed
1097 2610 1229 2694 Didymi
1250 2612 1346 2677 etiem

148 2714 251 2779 multe
268 2719 344 2778 sunt
362 2712 488 2778 scholia.
534 2712 698 2798 Cyriliana
718 2713 752 2775 in
775 2734 810 2776 co
833 2713 938 2776 omniu
959 2712 1022 2776 fere
1044 2713 1222 2796 fragmento
1242 2715 1346 2800 magis

147 2818 307 2903 epitomen
329 2837 435 2900 sapere
455 2815 604 2881 videntur
626 2837 720 2899 quam
742 2837 822 2900 quse
843 2821 919 2879 sunt
940 2815 976 2880 in
990 2815 1147 2881 Vaticano
1158 2841 1168 2894 ς
1191 2817 1258 2902 ejus
1273 2839 1346 2883 vero

147 2921 249 3007 operis
262 2919 362 3004 pertis
376 2942 604 3004 nonnunquam
619 2920 756 3003 epitome
774 2925 833 2996 est,
849 2941 928 3004 quae
948 2918 981 2983 in
996 2919 1072 2986 Vct.
1087 2942 1152 2985 non
1172 2921 1345 2986 invenitur.

148 3024 215 3089 Hie
236 3023 313 3088 Cod.
335 3022 488 3087 librorum
514 3045 636 3108 quoque
662 3021 830 3088 divisiones
851 3027 1015 3108 ceteroque
1037 3023 1260 3108 ejusdemmodi
1281 3026 1346 3091 dis·

145 3128 256 3192 tinxit.

193 3233 387 3314 Fragmenta
412 3229 446 3292 in
470 3228 645 3312 Epistolam
670 3230 710 3294 ad
734 3229 895 3294 Hebraeos
917 3252 953 3294 eu
975 3235 1050 3295 sunt
1071 3251 1149 3314 quee
1172 3231 1289 3311 Maius,
1312 3233 1347 3297 in

146 3356 241 3420 opere
263 3355 355 3417 supro
380 3333 517 3411 laudato,
542 3355 581 3396 ex
602 3332 741 3397 Nihetee
765 3333 887 3398 Cetens
911 3333 1008 3411 dedit,
1032 3333 1071 3397 iis
1093 3333 1244 3399 adhibitis
1268 3357 1347 3420 quae

146 3437 326 3517 Cramerius
354 3458 392 3499 ex
419 3435 496 3500 Cod.
521 3435 691 3500 Parisiensi
716 3442 904 3501 excusserat.
957 3436 985 3499 E
1010 3437 1188 3502 Nicetianis
1212 3437 1348 3521 plurime

147 3543 241 3607 Maio
264 3540 438 3605 omittenda
465 3544 543 3618 erat,
566 3561 644 3623 quse
666 3560 705 3603 ex
727 3539 798 3603 eliis
821 3539 854 3603 S.
871 3533 983 3624 cyrilli
1006 3539 1150 3623 operibus
1171 3546 1346 3618 venerunt3

146 3645 231 3710 mihi
252 3664 374 3728 quoque
399 3641 461 3707 alie
485 3643 632 3707 omittere
656 3644 803 3728 contigit,
827 3665 905 3727 quae
932 3643 985 3706 ille
1009 3649 1076 3708 tem
1101 3642 1272 3708 laboriosus
1298 3645 1348 3709 vir

145 3746 275 3834 proprio
289 3753 396 3810 temen
411 3747 479 3810 loco
493 3745 655 3830 assignare
670 3767 731 3809 non
747 3753 902 3834 potuerat.
944 3747 1108 3810 Accessere
1123 3747 1185 3810 alia
1199 3769 1238 3810 ex
1249 3746 1346 3811 Codd.

146 3851 288 3948 Syriacis
302 3850 336 3913 in
351 3849 465 3913 Museo
480 3847 674 3912 Britannico.
688 3850 695 3867 ‘

201 4056 289 4120 Haeo
320 4055 447 4140 Syrisce
478 4057 574 4120 citata
604 4053 748 4120 indicunt
776 4055 898 4120 duobus
928 4056 1030 4121 modis
1058 4054 1224 4120 distinctos
1253 4054 1349 4120 fuisse

144 4158 264 4245 Cyrilli
283 4157 318 4221 in
332 4157 508 4241 Epistolem
528 4160 567 4223 ad
585 4157 746 4224 Hebraeos
762 4159 1012 4223 Commentarios
1021 4184 1031 4236 ;
1055 4180 1128 4222 nem
1148 4163 1181 4221 et
1200 4157 1234 4221 in
1253 4157 1349 4222 libros

142 4269 242 4346 atque
268 4261 407 4344 capitula
432 4261 620 4326 dividuntur
643 4263 784 4346 (perinde
808 4267 903 4345 atque
929 4263 1066 4345 ejusdem
1089 4263 1122 4324 in
1146 4260 1293 4340 Jeseiem,
1315 4262 1350 4325 in

142 4365 217 4429 XII
231 4364 415 4447 Prophetes,
433 4363 467 4428 in
484 4364 516 4428 S.
531 4365 688 4430 Joannem
703 4366 937 4443 Commentota)
953 4371 985 4428 ct
1000 4364 1034 4428 in
1051 4364 1216 4429 Homilius.
1252 4365 1350 4449 Cujus

143 4469 190 4534 rei
212 4490 341 4534 causmn
361 4468 505 4552 equidem
526 4469 639 4554 ignoro
649 4495 657 4545 ς
682 4468 747 4532 sive
764 4467 1011 4532 Commentarios
1033 4467 1066 4531 in
1089 4491 1158 4532 eam
1173 4468 1349 4551 Epistolem

142 4572 312 4658 scripserit
328 4573 361 4636 S.
379 4571 528 4656 Cyrillus,
544 4594 578 4636 ac
600 4578 758 4655 praetcrea
775 4570 986 4636 Homiliarum
1010 4571 1043 4634 in
1067 4572 1197 4637 eandem
1219 4569 1350 4635 ediderit
