3268 5130
324 332 387 396 ιιι
490 331 528 396 Β.
554 331 744 397 cmm
770 332 1038 397 ALEXANDR.
1068 331 1352 396 FRAGMENTA
1411 332 1432 396 i.
1449 354 1480 420 3,
1493 354 1528 412 4.

234 455 310 513 11.

154 548 403 640 Κεφ.α’.3.Περί
428 557 485 617 τοῦ
514 549 583 616 υἱοῦ
611 552 721 632 αὑτοῦ,
746 561 802 618 τοῦ
831 553 1006 629 Γενομένου
1033 553 1070 617 ἐκ
1098 554 1282 641 οπὲρματοι
1308 551 1409 631 Δαβίὑ
1438 553 1526 619 κατὰ

322 837 459 908 γεγονότος
473 833 530 889 καθ’
545 833 610 904 ἡμεῖς
623 856 652 888 τε
665 835 706 889 καί
719 835 747 889 έν
760 833 826 904 ἡμῖν.
855 835 934 907 όγάρ
944 838 990 890 τοῦ
1004 838 1071 889 Θεοῦ
1084 837 1188 906 Πατρός
1199 833 1350 906 ἀπορρήτων
1363 834 1425 888 κατά
1439 832 1528 905 φύσιν

321 916 488 989 γεγενημένος
500 917 560 972 Υίός
574 915 727 988 Μονογινίης,
741 918 757 970 ό
769 919 815 970 τοῦ
833 915 954 988 γενέσθω
973 916 1093 988 κρείττων
1112 916 1146 972 ὥς
1160 915 1233 980 θεὸς,
1247 913 1401 988 γεγενῆσθαι
1419 913 1528 986 λέγεται

322 995 363 1052 καί
376 997 404 1050 έκ
417 995 564 1068 σπέρματος
578 995 670 1052 Δαυείδ
688 997 751 1052 κατά
769 998 861 1068 σάρκα,
877 997 978 1052 πάντως
990 1017 1042 1052 που
1055 997 1100 1051 τὸν
1113 996 1141 1050 έκ
1158 998 1203 1066 τῆς
1222 997 1297 1068 ἀγίας
1316 995 1443 1068 παρθένου
1464 997 1529 1050 ναόν

322 1075 387 1134 ῖδιον
399 1075 535 1150 ἀποφήνας
548 1082 623 1148 σῶμα
636 1078 677 1132 καί
690 1077 882 1146 οίκειωσάμενος
895 1077 996 1146 ἀληθῶς
1009 1081 1087 1150 ἤγουν
1100 1079 1197 1134 ίνόισακ
1210 1079 1291 1151 ἑαυτῷ
1308 1079 1338 1131 τὸ
1356 1077 1467 1148 ληφθέν,
1481 1074 1526 1131 ῖνα

321 1159 356 1229 μὴ
384 1162 467 1214 νοοῖτο
491 1159 518 1214 έν
544 1157 669 1233 ε’ωθρόπφ
697 1159 845 1233 κατρκηκάς
870 1157 930 1212 ἀλλ’
955 1159 1103 1230 αὐτόχρημα
1124 1161 1235 1230 γιγονὺς
1256 1157 1396 1229 ἅνθρωπος.
1439 1155 1526 1229 Quae

321 1243 484 1316 sequuntur
502 1239 555 1296 Ιιοο
573 1237 604 1295 in
626 1237 736 1296 catena
756 1244 826 1295 sunt
849 1257 864 1296 e
886 1236 1110 1313 Prosphonetieo
1130 1237 1166 1296 de
1187 1241 1265 1295 meta
1279 1236 1352 1295 Fide
1371 1236 1409 1295 ad
1423 1235 1522 1294 Theo-

322 1318 436 1378 dosium
458 1319 667 1396 Imperatorem
688 1338 735 1396 pp.
754 1337 800 1390 22,
818 1337 863 1392 ²3·

363 1401 424 1459 Fol.
445 1403 480 1458 16
502 1405 543 1458 καί
563 1403 727 1472 ἐπειδὴ-τό
746 1405 844 1473 πνεῦμα
864 1402 993 1474 χαρίζεται
1017 1408 1087 1459 sunt
1107 1421 1123 1460 e
1145 1399 1256 1458 Comm.
1279 1398 1310 1457 in
1332 1399 1361 1458 S.
1375 1399 1524 1459 Joannem

321 1503 350 1560 p.
364 1495 439 1558 1097
456 1507 462 1540 :
477 1481 525 1540 rot
542 1495 577 1557 17
593 1501 620 1540 v.
636 1486 650 1538 ὀ
664 1482 963 1556 xpmas-nvefipms
977 1481 1225 1559 suntedialog07
1243 1480 1280 1539 οά
1295 1481 1394 1540 Herm.
1409 1483 1468 1554 674
1483 1501 1523 1540 a:
1627 1491 1628 1540 1

306 1563 372 1623 fol.
390 1583 427 1622 20
447 1566 559 1634 πλείστη
578 1565 606 1618 δέ
627 1563 933 1637 την-ἀναδεδειγμένονς
953 1583 968 1620 e
989 1561 1102 1640 dialogo
1117 1565 1145 1634 6,
1166 1582 1194 1640 p.
1207 1565 1284 1637 589:
1307 1561 1356 1620 sol.
1371 1581 1405 1620 21
1431 1565 1455 1618 εί
1470 1566 1526 1637 γελρ

322 1648 445 1702 -πάντα
459 1646 567 1718 ε’νεργῶν
579 1663 595 1701 e
610 1643 829 1702 Thesauro'268
844 1644 899 1702 ab.

364 1725 405 1784 Et
425 1723 533 1784 scholia
554 1731 680 1801 quatuor
698 1723 757 1784 οίῖα
777 1744 850 1802 quae
868 1724 963 1784 adhuc
983 1726 1060 1784 inter
1080 1745 1168 1803 opera
1188 1743 1247 1784 non
1267 1723 1366 1784 inveni
1387 1723 1523 1784 exhibeo.

323 1807 361 1864 In
375 1827 435 1866 ver.
455 1809 491 1864 18
513 1805 591 1864 efol.
608 1808 645 1879 36
668 1806 790 1878 κυρίλλου
811 1809 838 1862 ε’κ
859 1815 910 1863 τῖον
930 1809 1054 1879 σχολίων.
1096 1811 1145 1864 Καί
1166 1807 1355 1878 κατεσχηκασιν
1375 1809 1404 1863 ίν
1426 1803 1524 1884 ἀδικία
1627 1809 1628 1818 ’

323 1890 373 1962 τὴν
393 1887 533 1961 ἀλήθειαν,
549 1890 589 1944 καί
609 1887 742 1961 ἀλήθειαν
759 1889 806 1958 μέν
820 1885 882 1944 εἶναι
895 1890 941 1960 την
954 1891 1023 1963 παρά
1037 1895 1103 1945 θεοῦ
1124 1895 1228 1963 γνῶσιν,
1243 1885 1352 1945 ἀδικίαν
1372 1889 1400 1943 δέ
1420 1887 1461 1958 αὑ,
1476 1889 1525 1958 τὴν

323 1973 386 2026 κατὰ
408 1973 452 2040 τῆς
475 1972 566 2025 εἀυτοῦ
593 1969 668 2040 δόξης
688 1969 798 2027 ἀνοσίως
817 1971 995 2039 έπινοηθεῖσαν
1014 1973 1149 2041 πλάνησιν·
1177 1970 1259 2026 ἀδικία
1279 1971 1330 2043 γάρ
1350 1971 1390 2026 καί
1413 1970 1523 2042 σφόδρα

324 2053 433 2116 εἰκότως,
453 2053 483 2106 τό
504 2050 623 2107 ἀνάπτειν
643 2055 673 2120 τῇ
696 2051 778 2106 κτίσει
797 2053 827 2106 τό
848 2051 936 2117 σέβας.
966 2051 1066 2108 άλλόῖ
1084 2076 1114 2125 γε
1135 2056 1214 2107 ταῦτα
1232 2051 1340 2122 δρῶντες
1356 2052 1396 2106 καί
1408 2055 1462 2107 τοῖς
1476 2053 1524 2121 τῆς

323 2133 420 2191 ἀδικίας
438 2135 542 2205 τρόποις
560 2132 691 2189 έθέλοντες
707 2135 867 2188 πλεονεκτεῖν
879 2132 929 2204 τὴν
948 2131 1080 2205 ἀλήθειαν
1093 2137 1192 2190 ποιναῖς
1209 2134 1254 2190 τάς
1275 2135 1370 2187 ίαυτῶν
1390 2133 1524 2204 ὑπάγουσι
1627 2197 1628 2206 ¹

323 2215 445 2286 κεφαλάς.
473 2211 504 2283 ἦν
515 2214 566 2286 γάρ
579 2214 679 2283 ἀμεινον
692 2215 722 2269 τὸ
740 2217 784 2284 τῆς
800 2214 919 2282 ἀληθείας
932 2215 1151 2286 περιοθρίησαντας
1165 2216 1261 2270 κάλλος
1274 2215 1314 2268 καί
1326 2215 1372 2270 τὸν
1384 2214 1460 2268 τοῦδε
1473 2217 1524 2268 τοῦ

322 2297 416 2352 παντὸς
435 2296 552 2368 τεχνίτην
572 2296 744 2364 ε’ννενοηκότας
764 2297 832 2370 αὑτῷ
849 2297 889 2350 καὶ
902 2297 971 2371 μόνιρ
984 2296 1156 2367 προσκεῖσθαι
1168 2297 1258 2368 φιλεῖν
1270 2295 1310 2349 καί
1327 2294 1362 2364 μὴ
1382 2295 1412 2349 τά
1432 2297 1524 2352 ἀπλῶς

322 2377 423 2452 έκάστιρ
443 2377 532 2432 δοκοῦν
552 2375 671 2450 ἡγεῖσθαι
690 2379 761 2432 θεόν,
784 2382 839 2432 πῶς
852 2377 880 2430 δέ
899 2377 939 2431 καί
959 2377 1015 2432 τίνα
1036 2379 1137 2449 τρόπον,
1158 2373 1320 2448 ἀφηγήσεται
1340 2375 1425 2449 λέγων
1444 2375 1524 2433 αὑτός

322 2455 401 2513 Διότι
414 2457 446 2514 τδ
459 2457 578 2532 γνωστὸν
595 2458 642 2513 τοῦ
658 2459 727 2512 Θεοῦ
747 2455 864 2531 φανερόν
877 2460 953 2513 ἐστιν
966 2461 996 2515 ἐν
1014 2457 1115 2521 αὑτοῖς·
1143 2459 1158 2513 δ
1180 2457 1247 2520 Θεδς
1265 2458 1320 2532 γὰρ
1339 2455 1431 2519 αὑτοῖς
1449 2458 1520 2527 ἑφα-

322 2538 443 2614 νέρονσεν.
472 2542 513 2595 καί
532 2539 622 2594 τίποτέ
638 2561 666 2593 τε
685 2540 743 2594 έστί
762 2539 794 2594 τῦ
814 2539 934 2613 γνωστόν
952 2540 999 2596 τοῦ
1021 2541 1099 2603 Θεοῦ,
1122 2539 1187 2612 φέρε
1205 2539 1235 2608 δίη
1253 2537 1458 2610 καταθρέησωμεν.
1480 2539 1523 2593 ὅτι

320 2621 368 2691 μέν
387 2621 438 2694 γάρ
459 2621 517 2676 ε’στι
538 2623 610 2684 Θεὸς,
631 2619 824 2685 πεπιστεύκασι,
845 2621 871 2675 τί
891 2621 919 2674 δέ
941 2621 1003 2676 κστά
1023 2620 1107 2694 φύσιν
1126 2622 1198 2675 έστιν
1218 2619 1403 2688 ε’ξτπίστασθαι
1422 2619 1469 2689 μέν
1489 2621 1522 2674 ού

322 2702 400 2772 θέμις,
420 2705 521 2772 μάλλον
542 2703 570 2756 δέ
590 2703 630 2756 καί
650 2701 787 2773 ἀμήχανον·
815 2704 1038 2775 πολυπραγμονεῖν
1058 2703 1086 2756 δέ
1107 2703 1153 2757 οὑκ
1172 2701 1283 2770 ἀζήμιον·
1312 2700 1363 2756 ἀπὸ
1377 2699 1406 2755 δέ
1422 2723 1453 2772 γε
1469 2706 1523 2756 τῶν

321 2785 410 2838 ε’νεῖναι
422 2783 629 2853 πεπιστευμένων
641 2783 710 2858 αὐτῷ
724 2786 827 2854 φυσικῶ
840 2779 907 2858 (sic)
922 2781 962 2838 καί
976 2785 1010 2840 ὣς
1024 2784 1052 2837 έν
1064 2784 1134 2852 τάξει
1147 2784 1226 2854 τυχόν
1239 2783 1367 2854 ὑπεροχῆς
1383 2783 1423 2836 καῖ
1441 2781 1522 2851 ἀξιεύ-

320 2886 399 2935 μοτος
420 2863 591 2936 έμπρέποντος
611 2865 686 2937 αὑτῷ,
701 2864 747 2918 κάν
764 2867 827 2936 γοῦν
841 2865 875 2921 είς
890 2865 1011 2936 ἡμετέραν
1024 2864 1170 2936 μετάληψιν
1183 2865 1227 2932 τῖης
1246 2863 1391 2936 ἀπορρίητου
1412 2863 1523 2934 φύσεως

321 2946 401 3000 αὑτοῦ
420 2943 626 3016 πεπσδηγίημεθα.
659 2946 750 2999 ούκοῦν
769 2946 969 3018 πεφανερῶσθαί
990 2948 1073 3018 φησιν
1087 2945 1179 3008 αὑτοῖς
1199 2943 1363 3019 τδγνινστδν
1376 2945 1424 3000 τοῦ
1439 2947 1520 3010 Θεοῦ,

321 3027 453 3080 τουτέστιν
466 3025 530 3096 ὅπερ
544 3023 574 3093 ἦν
595 3024 718 3081 δύνασθαι
739 3029 806 3080 νοεῖν
825 3028 884 3097 περὶ
905 3027 983 3081 αὑτοῦ
997 3028 1058 3082 κατά
1072 3049 1102 3099 γε
1120 3028 1150 3082 τδ
1170 3027 1275 3098 ε’φικτόν
1293 3029 1323 3095 τῇ
1344 3024 1522 3098 ἀνθρωπάτητι

321 3107 421 3178 μέτρον.
447 3111 522 3161 τοῦτο
543 3106 573 3159 δέ
590 3107 663 3162 έστιν
684 3107 718 3163 ὡς
738 3108 805 3179 έφην
823 3109 854 3162 τὸ
875 3107 966 3162 είδένιιι
986 3108 1032 3177 μέν
1051 3109 1085 3164 ύος
1105 3109 1214 3180 ὑπάρχει
1231 3107 1303 3172 θεὸς,
1316 3107 1351 3176 μὴ
1364 3106 1413 3176 μὴν
1426 3107 1464 3161 έτι
1479 3109 1522 3162 καῖ

321 3187 466 3257 ἀνορύττειν
479 3187 548 3243 ὅπως
561 3187 576 3256 ἦ
591 3189 652 3242 κατὰ
666 3190 723 3242 τίνα
735 3191 830 3260 τρόπον
843 3190 922 3244 ἔστιν.

363 3266 401 3324 In
415 3286 488 3325 vers.
506 3285 543 3324 20
557 3285 573 3324 θ
586 3267 635 3324 fol.
652 3281 688 3342 37
705 3287 731 3327 v.
753 3267 876 3341 Ἀόρατον
893 3271 977 3324 τοίνυν
995 3275 1040 3326 τοῦ
1054 3274 1130 3339 θεοῦ,
1143 3269 1189 3339 τὴν
1207 3270 1305 3340 σοφίαν
1318 3271 1396 3323 αὑτοῦ
1414 3271 1454 3324 καὶ
1473 3269 1522 3340 τὴν

321 3348 425 3418 δύναμιν
439 3353 518 3404 καλεῖ·
540 3354 619 3404 ταῦτα
631 3351 681 3423 γάρ
695 3352 820 3420 κτίσματα
833 3351 968 3422 καθορᾶται
987 3351 1114 3422 νοούμενα.
1139 3351 1204 3424 φαίη
1224 3355 1288 3423 γοῦν
1308 3351 1339 3404 ἀν
1358 3373 1397 3408 τις
1417 3353 1520 3425 έκάσττρ

321 3435 373 3485 τῶν
384 3430 555 3501 πλανεομένων
567 3431 729 3500 Τεθαύμακας
746 3436 783 3508 τῷ
801 3431 882 3489 οὕτως
897 3430 962 3502 (sic)
983 3434 1027 3487 τόν
1040 3433 1183 3505 ἄνθρωπον,
1198 3434 1232 3489 ὦς
1249 3432 1422 3504 ὑπερμεγέθης
1434 3454 1462 3486 τε
1477 3435 1520 3486 καί

321 3512 404 3569 πολύς
417 3511 465 3580 ἀλη
478 3511 640 3583 περικέχυται
654 3517 684 3582 τῇ
699 3517 742 3585 γῇ,
757 3511 787 3583 ἣν
800 3513 903 3586 κέντρου
918 3514 988 3582 δίκην
1001 3517 1055 3572 τοῖς
1068 3515 1230 3582 μεσαιτάτοις
1243 3513 1392 3585 ε’νεδρὺσθαι
1408 3509 1518 3589 (legen-

321 3590 393 3648 dum
417 3591 575 3664 ένιδρύσθαι)
599 3597 645 3648 τοῦ
667 3593 740 3664 ἀέρος
764 3597 868 3652 κόλποις
887 3594 1043 3650 πιστεύεται·
1071 3597 1151 3667 λόγου
1176 3595 1204 3649 δέ
1223 3590 1292 3663 οἶμαι
1313 3596 1406 3652 παντὸς
1429 3593 1521 3662 ἀξιοῦν

322 3677 444 3746 ὁμολογεῖ
464 3675 509 3728 τόν
530 3673 603 3742 ἡλίου
623 3673 723 3744 κύκλον,
744 3675 789 3742 τὴν
808 3678 982 3748 λαμπρότητα,
1003 3678 1048 3730 τάν
1069 3677 1171 3747 δρόμον·
1198 3674 1349 3747 προσθὺσης
1369 3676 1397 3730 διΙ
1417 3677 1520 3734 πάντως

322 3753 432 3824 σελίηνην
445 3756 486 3810 καὶ
499 3756 544 3808 τόν
558 3754 667 3826 διαφανῆ
682 3761 733 3810 τῶν
746 3756 863 3826 ἀστέρων
874 3759 962 3829 χορὸν,
976 3757 1035 3811 ἀλλ’
1050 3758 1108 3811 οὑδέ
1124 3757 1187 3811 αὑτά
1202 3759 1352 3829 παρελάσης
1365 3755 1519 3826 ἀθαύμαστα

322 3837 354 3890 τύ
373 3837 414 3892 έπί
432 3838 476 3905 τῆς
494 3838 548 3908 γῆς.
580 3834 629 3907 ἀρα
647 3835 692 3890 οὑν
705 3837 811 3909 έροῦμεν
824 3838 953 3909 παρῆχθαι
966 3843 1044 3892 ταῦτα
1062 3840 1126 3911 πρδς
1142 3839 1253 3910 γένεσιν,
1268 3839 1326 3908 ούχῖ
1339 3840 1419 3907 πάντη
1433 3841 1519 3893 τεκαὶ

321 3920 423 3974 πάντως
440 3918 468 3972 έν
481 3919 564 3988 σοφίᾳ
578 3919 619 3972 καὶ
637 3919 740 3988 δυνάμει
754 3923 837 3981 Θεοῦς
860 3922 939 3992 ἤγουν
952 3919 1009 3974 ε’στί
1022 3923 1072 3976 πῦς
1085 3921 1201 3990 τεχνίτης
1215 3919 1245 3974 ού
1259 3921 1321 3974 κατά
1330 3942 1361 3991 γε
1375 3919 1520 3990 τὴνφύσιν

322 3999 357 4053 ὧν
377 3999 409 4054 ἀν
428 3999 517 4054 ἕλοιτο
539 4000 705 4072 δημιουργεῖν,
727 3999 786 4054 ἀλλ’
800 4002 886 4071 ἑτέρας
905 4022 956 4055 που
975 4003 1076 4057 πάντως
1097 4001 1281 4073 ὑπερκειμένης,
1294 4005 1349 4057 πῶς
1366 4000 1520 4072 ἀμφίβολον

321 4081 360 4135 ὅτι
378 4081 496 4153 φθαρτὴν
509 4081 621 4151 έχόντων
634 4081 679 4150 τὴν
695 4079 777 4152 φύσιν
790 4087 840 4136 τῶν
856 4081 1073 4152 παρυπηργμένιον
1086 4083 1121 4138 είς
1140 4081 1243 4153 γένεσιν
1261 4079 1302 4136 καί
1320 4080 1477 4148 κεκλημένων
1490 4083 1520 4136 έν

320 4165 404 4238 χρόνῳ
417 4164 482 4235 πρὸς
496 4160 612 4233 ὕπαρξιν,
626 4163 699 4216 ἔσται
712 4185 762 4218 που
775 4165 875 4219 πάντως
889 4160 985 4216 τούτων
998 4164 1150 4234 δημιουργὸς
1163 4163 1296 4234 ἄφθαρτος
1310 4163 1350 4217 καί
1364 4159 1452 4224 ἀΐδιος
1465 4182 1474 4234 5

361 4241 397 4299 In
412 4262 484 4300 vers.
498 4261 531 4299 21
549 4261 564 4299 e
579 4241 627 4299 fol.
642 4260 679 4317 39
691 4261 718 4299 v.
734 4245 831 4299 Ούκοῦν
840 4243 957 4313 οὐδεμίαν
967 4243 1122 4317 εὑρήσουσιν
1131 4243 1273 4316 ἀπολογίαν
1282 4244 1310 4297 έν
1319 4242 1399 4314 ἡμέρη
1408 4245 1454 4312 τῆς
1464 4245 1518 4314 κρῖ-

320 4345 387 4379 σεως
398 4321 445 4401 (cf.
456 4326 520 4397 176.
531 4320 590 4399 10),
600 4323 672 4380 διότι
681 4323 790 4398 γνόντες
800 4323 846 4380 τδν
857 4324 932 4394 Θεδν,
941 4325 1060 4380 τουτέστι
1069 4325 1114 4394 τὴν
1124 4328 1169 4380 τοῦ
1180 4329 1247 4379 Θεοῦ
1257 4326 1334 4394 δόξαν
1345 4325 1385 4378 καῖ
1395 4323 1427 4378 δι’
1439 4327 1519 4394 αὑτῆς

319 4409 369 4458 τῶν
386 4410 528 4476 γεγονότων
545 4403 721 4478 μεγαλοφυῖας
739 4405 906 4478 ἀθρήσαντες,
921 4406 973 4478 οὐχ
989 4409 1023 4469 ὡς
1038 4405 1107 4462 θεδν
1119 4403 1254 4474 ἐδόξασαν
1266 4405 1284 4478 ἢ
1298 4401 1519 4480 ηὐχαρίστησαν,

319 4480 382 4538 ἀλλ’
398 4484 606 4560 ἐματαιώθησαν
622 4489 651 4541 έν
667 4487 725 4550 τοῖς
738 4484 931 4560 διαλογισμοῖς
951 4487 1038 4543 αὐτῶν
1059 4484 1105 4543 καὶ
1126 4483 1272 4559 ἐσκοτίσθη
1287 4487 1305 4560 ἠ
1321 4487 1451 4550 ἀσύνετος
1469 4487 1519 4543 αὖ·

318 4567 370 4619 τῶν
387 4561 494 4638 καρδία.
521 4567 600 4621 καίτοι
621 4567 671 4639 γάρ
692 4566 860 4640 εἠκριβωκότες
878 4567 942 4640 ἀγον
958 4569 1047 4642 ὥσπερ
1065 4568 1110 4624 οὑν
1126 4567 1220 4624 οῖονται
1238 4570 1283 4626 τάς
1296 4573 1347 4624 τῶν
1360 4570 1520 4642 πραγμάτων

1627 679 1628 718 ί

322 753 516 826 ἀνθρωπόιητος
535 750 647 822 ἵστησιν,
662 752 804 823 ἀνακομίζει
824 753 852 808 δι’
873 751 965 810 ταύτας
985 755 1021 810 είς
1036 753 1136 823 ἀξίωμα
1153 753 1184 807 τό
1202 752 1341 824 θεοπρεπὲς
1353 755 1398 806 τοῦ
1412 751 1445 806 δι’
1459 752 1528 821 ἡμᾶς

1627 989 1628 1018 ί
