3280 5142
121 343 219 410 xviii.
230 365 285 428 40.
414 346 471 412 IN
498 347 532 412 S.
556 347 577 411 J
584 346 810 413 OANNEM.
857 347 954 414 LIB.
977 349 1058 415 XII.
1294 355 1337 418 59

122 507 260 615 ἀρχὴν,
288 509 335 592 τὰ
363 519 521 592 πλεῖστα
549 509 679 594 λοιπόν
707 519 781 593 τῶν
810 515 892 593 καθ’
923 511 1067 597 ἑαυτούς
1092 519 1166 598 τοῖς
1195 515 1336 596 ἐκείνων

123 633 366 741 παρεχώρουν
384 632 517 732 νόμοις.
546 639 604 716 καὶ
625 644 714 739 γοῦν
732 636 893 743 φονεύειν
911 637 993 744 ἐξὸν
1011 637 1074 719 τὸν
1093 639 1154 720 ἐπί
1167 673 1243 719 τισι
1261 645 1335 719 τῶν

124 756 279 839 ἀτόπων
297 759 601 862 κατεγνωσμένον,
619 762 668 844 ὡς
685 759 747 839 ἕνα
765 767 838 840 τῶν
856 760 1025 842 τοιούτων
1045 760 1197 871 Πιλάτιρ
1214 796 1333 865 προσ-

126 885 222 984 ῆγον
251 881 317 961 τὸν
333 884 491 982 Ἰησοῦν,
515 883 684 987 λέγοντες
709 894 731 931 “
740 886 855 982 Ἡμῖν
876 886 942 964 ούκ
969 884 1110 992 ἔξεστιν
1128 889 1332 967 ἀποκτεῖναι
1378 900 1470 1015 Βῑῑυηι

89 1016 153 1096 5“
166 1004 330 1086 ούδένα.”
359 1011 388 1086 εί
406 1005 479 1111 γάρ
496 1009 555 1087 καὶ
573 1007 796 1088 ἐπλάττοντο
811 1007 922 1113 τυχὸν
939 1007 1004 1089 τόν
1021 1012 1078 1090 ἐπὶ
1095 1013 1147 1117 τῷ
1164 1011 1333 1117 ἁγνισμῷ
1378 979 1455 1030 m
1473 1003 1480 1017 ⁵

128 1137 196 1210 τοῦ
230 1128 363 1236 πάσχα
399 1130 638 1234 καθαρισμὸν,
669 1133 754 1212 ἀλλ’
788 1133 851 1212 οὖν
882 1134 920 1212 ἐν
951 1130 1066 1241 τούτιρ
1096 1130 1140 1232 δή
1169 1133 1335 1232 μάλιστα

129 1251 402 1353 κολακεύουσιν,
436 1257 485 1339 ὡς
520 1262 595 1341 τοῖς
626 1255 814 1355 Ῥωμαίων
845 1255 1090 1359 ἐπιτρεποντες
1123 1255 1243 1356 νόμοις
1275 1258 1335 1336 καὶ

129 1373 223 1480 άπερ
241 1377 362 1464 αὐτοῖς
380 1378 517 1460 ἄνωθεν
534 1375 577 1459 τὸ
595 1383 690 1459 θεῖον
707 1379 823 1460 ἐδίδου
840 1377 1075 1483 πρόσταγμα.

127 1609 359 1702 Ἐκραύταοαν
386 1608 444 1679 οὖν
470 1615 568 1680 πάλιν
595 1614 748 1690 λὲτοντει
773 1612 829 1680 Μελ
857 1617 984 1694 τοῦτον,
1011 1613 1098 1680 ἀλλὰ
1125 1615 1182 1684 τὸν
1208 1535 1496 1704 &pus-:olm

78 1751 120 1791 10
428 1741 495 1816 βᾶν·
532 1734 572 1807 εἶν
600 1739 636 1805 δὲ
663 1741 681 1809 ὁ
711 1739 882 1830 Βαραββᾶς
908 1740 1041 1831 ληοτύι.

185 1906 467 2015 Ἐξελεγχονται
494 1908 607 1990 πάλιν
635 1913 703 1991 κάν
729 1909 845 2019 τούτῳ
873 1908 918 2012 δή
945 1908 1094 2018 σφόδρα
1120 1908 1335 2016 παρανομή-

130 2065 265 2118 σαντες
284 2030 458 2134 Ἰουδαῖοι,
479 2036 538 2116 καὶ
562 2041 640 2119 ταῖς
665 2035 807 2119 οἰκείαις
833 2041 981 2135 μᾶλλον
1006 2034 1158 2120 εἴκοντες
1182 2036 1335 2135 ἡδοναῖς,

130 2153 246 2256 ἤγουν
279 2163 448 2257 τιμῶντες
485 2157 530 2238 τά
561 2157 678 2238 πάλαι
705 2156 984 2255 τεθεσπισμένα·
1031 2167 1096 2238 τοῦ
1125 2156 1197 2260 γάρ
1224 2156 1336 2256 νόμου

130 2287 196 2359 τοῦ
222 2278 282 2360 διὰ
302 2282 500 2380 Μωυσέως,
518 2280 582 2362 τόν
605 2282 782 2366 ἀκουσίως
810 2278 949 2363 ἁλόντα
976 2281 1153 2389 φονευτὴν
1171 2285 1337 2362 ἀνεῖσθαι

82 2403 351 2503 15κελεύοντος,
376 2406 443 2511 ούχ
465 2406 528 2485 ἕνα
552 2411 625 2486 τῶν
649 2403 831 2486 τοιούτων·
872 2404 1008 2505 πόθεν;
1053 2404 1270 2507 περιβόητον
1299 2402 1370 2486 δέὶ)

130 2534 279 2627 μᾶλλον
304 2529 487 2636 ἐξαιτοῦσι
513 2533 653 2644 λῃστήν.
692 2528 747 2612 ότι
771 2527 811 2610 δέ
840 2530 977 2630 ἀπηνής
1006 2565 1045 2610 τε
1074 2532 1131 2610 καὶ
1163 2530 1287 2633 ἄγριος
1317 2530 1337 2608 ὁ

131 2656 386 2752 μνημονευθεῖς
404 2654 463 2734 καὶ
490 2661 562 2735 τῶν
580 2658 644 2754 τῆς
667 2655 873 2761 μιαιφονίας
891 2655 1129 2756 ἐγκλημάτων
1148 2654 1211 2733 οὐκ
1230 2656 1334 2754 ἀμοι-

131 2776 253 2878 ρήσας
275 2778 410 2881 ὁρᾶται,
427 2783 602 2883 σαφηνιεῖ
621 2775 666 2876 δὴ
691 2776 809 2880 λέγων
829 2779 849 2856 ὁ
867 2775 1063 2861 θεσπέσιος
1085 2777 1224 2879 Πέτρος
1245 2776 1336 2879 πρὸς

132 2898 217 2984 τοὺς
238 2906 312 2980 τῶν
329 2900 510 2980 Ἰουδαίων
534 2899 645 2986 λαούς
671 2911 693 2948 “
706 2903 829 3001 Ὑμεῖς
853 2900 891 2980 δέ
915 2899 979 2982 τόν
997 2897 1102 3003 ἅγιον
1120 2904 1179 2981 καὶ
1201 2901 1336 2981 δίκαιον
1381 2919 1503 3034 202³,ssss-

81 3069 120 3108 20
134 3036 156 3072 ‘⁶
173 3024 396 3126 ἠρνήσασθε,
415 3027 474 3104 καὶ
499 3025 689 3131 ᾐτήσασθε
714 3026 827 3129 ἄνδρα
846 3025 958 3131 φονέα
979 3029 1197 3130 χαρισθῆναι
1219 3027 1334 3125 ὑμῖν.”
1385 3001 1481 3114 14¹ff'm'

133 3146 200 3230 τόν
225 3145 297 3251 γὰρ
315 3147 373 3228 διὰ
398 3157 505 3228 τοῦτο
526 3153 590 3248 τῆς
612 3147 780 3251 ἰσότητος
801 3153 866 3249 τῆς
882 3147 973 3253 πρός
992 3148 1086 3230 Θεὸν
1112 3151 1169 3230 καὶ
1190 3150 1338 3253 Πατέρα

135 3270 469 3379 καταφρονήσαντα
511 3276 571 3352 καὶ
607 3272 674 3373 τήν
714 3272 888 3376 ἡμετέραν
924 3275 1104 3378 πτωχείαν
1140 3279 1335 3373 μετημφιε·

135 3395 288 3496 σμένον,
322 3394 364 3475 ἵν’
393 3395 487 3496 ἡμᾶς
515 3396 682 3503 ἐξέληται
718 3405 782 3476 τοῦ
819 3395 910 3476 κατὰ
942 3395 1115 3497 ἀλήθειαν
1151 3403 1336 3503 φονευτοῦ,

135 3518 313 3616 τουτέστι,
341 3527 406 3600 τοῦ
436 3527 589 3619 σατανᾶ,
617 3524 682 3620 τῆς
708 3525 756 3604 είς
784 3520 846 3600 ἕνα
873 3517 1018 3625 λῃστὴν
1044 3521 1189 3622 ἀγάπης
1218 3523 1367 3602 όπίσωο

83 3671 121 3732 25
135 3640 341 3742 τάττουσιν,
361 3648 394 3724 οἱ
417 3646 462 3748 τῇ
482 3643 575 3725 κατὰ
599 3642 710 3744 νόμον
731 3643 907 3750 ἱερωσύνῃ
930 3643 1250 3747 λελαμπρυσμένοι
1278 3649 1336 3726 καὶ

135 3764 287 3874 ύφηλὴν
313 3768 372 3848 ἐπὶ
397 3766 535 3852 τούτοις
556 3767 795 3852 ἀνατείνοντες
818 3767 885 3869 τὴν
912 3767 1039 3874 ὀφρύν,
1065 3767 1337 3871 παρελάσαντες

134 3890 174 3972 δέ
202 3894 260 3971 καὶ
280 3893 329 3976 ὡς
357 3889 458 3972 οὐδέν
476 3889 572 3975 ὅλως
594 3888 849 3993 παρωσάμενοι
867 3889 910 3971 τό
929 3901 951 3939 “
964 3896 1087 3996 Κρΐμα
1104 3892 1239 3971 δίκαιον
1258 3892 1333 3993 κρί-
1381 3907 1506 3958 Zach-vii·

135 4025 158 4064 ‘⁴
172 4017 281 4113 νετε,”
293 4020 469 4096 δικαιοῦσι
487 4012 551 4095 τὸν
570 4013 757 4120 φονευτὴν,
771 4011 935 4119 Χριστόν
949 4017 1227 4117 κατακρίνοντες,
1238 4049 1336 4114 παμ-
1381 3988 1405 4038 9’

134 4143 256 4246 φηφεὶ
274 4135 313 4218 δέ
334 4139 485 4242 λέγουσι
510 4137 568 4233 Μή
593 4143 700 4220 τοῦτον
724 4137 828 4219 ιἰλλδι
853 4143 905 4220 τδν
925 4141 1132 4244 Βαραββιῖι.
1171 4139 1336 4218 Ἰουδαῖοι

82 4303 120 4362 30
134 4263 203 4364 μὲν
229 4263 292 4343 οὖν
309 4267 372 4363 τῆς
389 4266 447 4344 ἐπὶ
469 4265 583 4372 τούτῳ
606 4264 821 4359 δυσσεβείας
848 4262 1067 4344 άποτίσουσι
1093 4261 1204 4344 δίκας·
1243 4266 1333 4344 θαυ-

171 4477 198 4531 3.
216 4457 426 4528 κατεγνωσμένον
443 4462 494 4513 τῶν
511 4457 613 4513 ἀτόπων
629 4457 736 4514 inverso
754 4455 847 4513 ordine
865 4474 889 4510 a.
908 4455 993 4510 invito
1012 4453 1092 4512 Cord.
1146 4457 1182 4529 τῷ
1198 4456 1299 4529 πιλάτιρ
1312 4474 1336 4512 ο.

135 4549 161 4602 9.
181 4527 273 4601 πάλιν]
292 4535 318 4592 †
335 4529 428 4587 πάντες
442 4529 492 4584 Ed.
505 4529 589 4585 invito
601 4530 634 4585 E.
815 4525 857 4582 16.
875 4524 970 4596 άπηνές
982 4527 1014 4582 E.
1198 4543 1241 4584 22.
1260 4549 1337 4582 κατα-

134 4600 316 4672 φρονήσαντες
331 4599 362 4656 E.

715 4689 727 4732 l
745 4689 762 4734 2
