3278 5130
123 361 148 424 i.
163 379 203 425 10
215 383 284 446 sqq,
364 359 418 424 IN
448 359 708 425 EPISTOLAM
736 357 800 423 AD
831 357 1082 423 HEBRAEOS.
1255 356 1347 520 881[
1415 451 1480 517 M]

700 459 704 472 ’
1359 465 1405 504 110

178 519 269 601 Ὅτι
299 520 337 600 δὲ
364 522 478 602 καίτοι
507 520 695 625 κεχρίσθαι
727 518 918 622 λεγόμενος
949 517 1048 620 παρὰ
1080 525 1144 598 τοῦ
1176 515 1321 620 Πατρὺς

124 643 219 725 κατὰ
241 643 284 726 τῦ
303 644 536 746 ἀνθρώπινον,
555 644 596 723 οὑ
619 643 795 724 πέπαυται
812 650 876 722 τοῦ
894 638 980 721 εἶναι
997 640 1018 721 δ
1036 639 1081 742 ἧν
1099 675 1137 721 τε
1162 643 1220 720 καὶ
1243 641 1321 722 ἔστι

123 772 187 847 καὶ
205 766 307 847 ἔσται
333 764 533 865 διαπαντὸς,
553 765 717 846 τουτέστι
737 764 840 862 Θεὸς,
858 762 963 849 αὑτὸς
981 765 1072 864 ἡμᾶς
1091 765 1112 843 ὑ
1130 762 1322 847 θεσπέσιος

129 896 282 976 Παῦλος
309 887 494 991 ἐνδοιάζειν
512 890 576 970 οὑκ
603 891 659 995 ε’ᾷ,
680 887 772 969 κατὰ
798 896 862 968 τοῦ
884 888 992 968 αὑτοῦ
1010 885 1210 987 προσώπου
1229 887 1320 965 ε’ντι-

89 1017 201 1096 seete
219 1012 349 1120 ἐφεξῆς
370 1021 438 1091 Καὶ
458 1011 500 1092 cb
520 1020 597 1093 κατ’
617 1011 732 1118 ἀρχάς
751 1009 844 1120 Κιίμε
865 1009 918 1104 τλν
935 1008 996 1112 γῆν
1016 1007 1242 1114 ἐθεμελίωσας
1262 1019 1321 1090 καὶ
1335 1051 1386 1086 ver.
1400 1049 1436 1088 ιο.

127 1137 213 1242 ἔργα
236 1135 297 1217 τιὺν
319 1135 432 1244 χιιμῦν
454 1171 515 1215 σου
536 1141 615 1216 είσὶν
634 1145 661 1216 οἱ
689 1133 821 1241 οὑρανοί·
858 1138 949 1212 αὑτοὶ
978 1135 1197 1229 ἀπολοῦνται,
1217 1130 1259 1212 οὑ
1287 1127 1323 1212 δὲ
1336 1173 1387 1208 ver.
1400 1161 1453 1209 11.'

127 1254 307 1365 διαμένεις·
348 1266 408 1338 καὶ
437 1255 565 1343 πάντες
592 1261 638 1344 ὑς
664 1256 797 1363 ἱμάτιον
825 1253 1122 1350 παλαιωθήσονται
1157 1262 1216 1336 καὶ
1246 1261 1321 1336 ὑσεὶ
1335 1289 1436 1325 mn.

125 1381 346 1490 περιβόλαιον
374 1379 495 1488 ὑλίξεις
524 1378 643 1466 αὐτοῦς
672 1388 732 1461 καὶ
761 1380 1033 1481 ἀλλαγήσονται,
1055 1375 1097 1458 αὑ
1121 1373 1157 1458 δὲ
1184 1387 1200 1460 ὑ
1224 1377 1323 1463 αὑτδς

128 1502 171 1600 εί,
193 1508 254 1584 καὶ
274 1501 322 1582 τδι
340 1504 392 1597 ἔτη
410 1537 469 1584 σου
487 1508 545 1583 οὑκ
563 1497 790 1613 ἐκλείψουσιν.

68 1645 113 1684 ¹0
185 1622 278 1706 Εἶτα
303 1624 441 1710 τούτοις
468 1624 719 1707 ἐπισυνάπτων
743 1624 845 1710 εὑθύς
865 1625 951 1732 Πρός
975 1627 1050 1706 τίνα
1072 1620 1108 1706 δὲ
1127 1622 1188 1706 τὺν
1206 1622 1321 1727 ιἰγγέ·
1335 1653 1386 1689 ver.
1402 1651 1441 1702 13·

127 1769 196 1830 λων
216 1746 322 1854 είρηκέ
333 1783 416 1830 ποτε
431 1746 541 1829 Κάθου
560 1749 600 1829 ἐκ
618 1743 729 1857 δεξιάν
745 1785 812 1854 μου
830 1745 889 1834 ἕως
908 1748 949 1829 διν
966 1747 1012 1828 θιὺ
1028 1746 1101 1834 τοῦς
1116 1745 1245 1851 ε’χθρούε
1264 1782 1324 1829 σου

126 1865 306 1952 ὑποπόλιον
339 1870 400 1952 τάν
428 1868 538 1952 ποθοῦν
566 1909 637 1953 σου.
677 1874 736 1953 καὶ
768 1873 832 1952 οὑκ
864 1868 909 1952 ἂν
940 1868 1037 1971 οἶμαι
1065 1870 1243 1964 ὑπολάβοι
1270 1905 1324 1955 τις

126 2000 332 2098 σωφρονῶν
349 1993 468 2097 ἕτερον
485 1991 572 2074 εἶναι
590 1993 654 2074 τὸν
671 1993 846 2099 σύνεδρον
864 2001 916 2103 τῷ
935 1995 1054 2098 Πατρλ
1071 1991 1172 2096 παρὺ
1195 1990 1259 2074 τὺν
1285 1997 1324 2074 ἐκ

125 2120 192 2216 τῆς
217 2117 322 2218 ἁγίας
344 2115 521 2218 παρθένου
547 2115 639 2197 κατὰ
656 2115 778 2218 σάρκα
796 2114 1059 2221 γεγεννημένον.
1098 2120 1157 2197 καὶ
1174 2115 1265 2221 πρός
1280 2150 1323 2219 γε

67 2265 112 2326 15
126 2248 234 2319 τοῦτο
262 2239 354 2338 ἡμᾶς
381 2238 486 2322 αὑτὸς
514 2241 660 2337 ε’μπεδοῖ
684 2237 802 2343 λε’γων
829 2239 1106 2339 ὑἘμρανουὴλ
1134 2247 1207 2324 τοῖς
1230 2240 1319 2321 'lov-

125 2363 237 2443 δαίων
265 2368 484 2464 καθηγηταῖς
503 2373 524 2410 “
535 2363 588 2442 Τί
612 2364 694 2461 ὑμῖν
721 2368 819 2443 δοκεῖ
841 2368 922 2465 περὶ
950 2370 1014 2442 τοῦ
1033 2369 1209 2464 Χριστοῦ,
1228 2363 1468 2457 τίνοςὸ·ἓῑ“ῑῐλ·

125 2495 150 2532 “
170 2483 242 2569 υἱός
268 2487 390 2582 ε’στιν;
429 2485 603 2587 λέγουσιν
630 2488 725 2594 αὑτῷ
749 2493 826 2566 Τοῦ
844 2484 1012 2566 Δαυείδ·”
1041 2482 1116 2566 εἶτα
1137 2484 1228 2590 πρὺς
1253 2487 1319 2567 αὑ·
1334 2459 1447 2506 mm.

125 2607 210 2693 τοὺς
235 2611 255 2690 ὑ
272 2606 434 2712 Χριστός
463 2619 485 2657 “
501 2614 586 2692 Πῶς
605 2609 668 2688 οὖν
686 2612 820 2689 Δαυεὶδ
837 2611 876 2689 ἐν
891 2607 1065 2708 πνεύματι
1090 2616 1196 2690 καλεῖ
1214 2608 1322 2692 αὑτὸν
1336 2633 1424 2699 11)·43·
1435 2647 1476 2698 4⁴-

126 2742 151 2779 “
169 2731 290 2835 κύριον
317 2730 436 2834 λε’γων
462 2728 574 2812 Εἶπεν
599 2733 619 2812 ὑ
645 2730 777 2835 Κύριος
801 2737 853 2841 τῷ
882 2733 1004 2839 Κυρίῳ
1031 2765 1101 2831 μου
1131 2730 1257 2813 Κάθου
1283 2735 1323 2814 ἐκ

66 2889 111 2931 20
127 2866 152 2904 “
169 2855 296 2961 δεξιῶν
311 2889 381 2954 μου
394 2855 426 2945 ;”
455 2854 562 2938 σύνες
580 2855 642 2933 οὑν
662 2854 716 2934 ότι
734 2852 798 2936 τὺν
816 2855 1049 2961 κεχρισμένον
1066 2859 1115 2941 ὡς
1133 2855 1323 2960 ἄνθρωπον

125 2977 229 3080 παρὰ
263 2977 346 3063 τοῦς
377 2975 550 3082 μετόχους
582 2978 691 3058 αὑτοῦ
720 2980 778 3058 καὶ
806 2976 927 3083 κύριον
959 2976 1119 3082 ὀνομάζει
1152 2983 1211 3059 καὶ
1244 2987 1322 3062 κατ’

127 3103 245 3211 ἀρχάς
269 3100 339 3208 ἔφη
363 3101 584 3199 θερελιιῦσαί
604 3134 643 3179 τε
661 3098 714 3195 τῆν
731 3099 794 3203 γῆν
811 3105 869 3182 καὶ
887 3101 1015 3187 αι’ποῦς
1033 3100 1222 3207 εἰργάσθαι
1240 3101 1322 3190 τοὺς
1369 3128 1373 3140 ’

128 3222 309 3327 οὑρανοὺς,
330 3222 499 3329 ὑπάρχειν
518 3221 556 3303 δὲ
573 3227 633 3304 καὶ
650 3221 856 3309 διαπαντός·
881 3223 991 3310 ἀΐδιος
1009 3224 1080 3330 γάρ
1099 3224 1323 3335 κατὰφύσιν

129 3349 217 3427 ὑέκ
244 3351 340 3427 Θεοῦ
367 3343 511 3450 Πατρὺς
540 3345 660 3449 Λόγος
687 3348 800 3428 καίτοι
827 3353 900 3428 τῶν
919 3347 961 3429 δι’
986 3352 1094 3432 αὑτοῦ
1121 3349 1323 3453 γεγονότων

69 3497 112 3558 25
129 3471 194 3550 οὑκ
216 3468 371 3575 ἐχόντων
388 3471 572 3554 οὑσιωδῶς
595 3468 639 3550 τῦ
663 3469 820 3575 άναρχον
838 3473 876 3552 ἐν
894 3470 1024 3580 χρόνῳ,
1041 3473 1229 3575 κέκληνται
1251 3472 1322 3577 γὰρ

128 3599 177 3677 εἰς
196 3591 239 3673 τδ
257 3591 343 3673 εἶναι
362 3591 462 3697 παρὰ
478 3597 574 3672 Θεοῦ
593 3590 632 3676 ῦς
650 3597 709 3672 καὶ
726 3593 834 3692 μόνος
851 3595 945 3700 ἔχειν
959 3595 1091 3698 εἴρηται
1108 3595 1176 3694 τὴν
1190 3600 1322 3676 ἀθανα-

126 3715 227 3796 σίαν·
252 3715 441 3820 άφθαρτον
451 3712 521 3818 γὺρ
535 3718 593 3795 καὶ
607 3715 812 3819 ἀνώλεθρον
821 3718 906 3820 παρ’
919 3716 1028 3798 αὑτὸν
1046 3719 1159 3798 οὐδέν.
1188 3753 1322 3822 προσε-

126 3836 235 3942 πάγει
266 3837 306 3919 δέ
341 3837 478 3922 τούτοις
514 3842 619 3945 σαφῆ
652 3841 710 3918 καὶ
748 3837 1013 3942 ἐναργεστάτην
1045 3839 1228 3948 ἀπόδειξιν
1259 3846 1323 3940 τῆς

126 3961 276 4054 ε’νοὺσης
303 3962 400 4069 αι’πῷ
426 3959 517 4043 κατὰ
545 3962 660 4067 φύσιν
679 3965 853 4066 ὑπεροχῆς
872 3963 959 4070 Πρός
978 3965 1054 4044 τίνα
1079 3963 1151 4066 γὰρ
1169 3961 1243 4044 εἷπε
1260 3964 1321 4047 τὺν

67 4133 111 4192 30
126 4089 287 4189 ιἰγγέλων
308 4083 418 4166 Κάθου
444 4084 485 4165 ἐκ
511 4080 621 4193 δεξιάν
642 4121 729 4192 μου,
761 4090 833 4184 οὑχλ
862 4084 987 4171 πάντες
1015 4093 1077 4165 ιίσὶ
1106 4083 1434 4194 λειτουργικδιοοωι.

126 4209 309 4312 πνεύματα
339 4216 385 4296 εἰς
415 4204 586 4290 διακονίαν
615 4209 903 4314 ἀποστελλόμενοι
932 4202 992 4288 θιὺι
1022 4205 1096 4294 τοὺς
1127 4207 1320 4312 με’λλοντοις

129 4337 333 4438 κληρονομεῖν
357 4335 537 4441 σωτηρίαν,
572 4336 600 4411 εἶ
625 4330 698 4436 γὺρ
725 4333 745 4412 ὑ
774 4330 838 4431 μὲν
865 4339 938 4416 τοῖς
965 4335 1029 4430 τῆς
1056 4329 1222 4433 θεότητος
1249 4333 1319 4413 ε’νί·

164 4515 206 4554 10.
224 4516 275 4554 ec.
288 4499 334 4554 sol.
348 4500 400 4567 246
412 4499 458 4572 qui
470 4501 550 4555 πάλιν
561 4503 576 4554 δ
587 4500 710 4570 μακάριος
723 4499 854 4570 Κὺριλλος
866 4500 1017 4571 praemittit.
1148 4519 1191 4574 30.
1210 4502 1272 4576 μου]
1290 4510 1318 4569 -Ι-

125 4571 173 4628 ἷιος
185 4569 216 4626 δν
227 4569 265 4626 θῶ
277 4569 336 4628 τοὺς
348 4569 458 4643 ε’χθροὺι·
470 4593 521 4627 σου
532 4570 673 4627 ὑποπόδιον
684 4577 735 4626 τῶν
745 4572 831 4628 ποδῶν
844 4591 894 4626 σου
907 4570 952 4628 Cr.
965 4570 1049 4628 invito
1061 4589 1084 4626 c.
