3280 5142
130 355 219 421 xviii.
229 357 306 440 4-6.
353 358 410 423 IN
441 359 475 423 S.
500 357 756 424 JOANNEM
802 358 899 424 LIB
923 359 985 424 XI.
1030 358 1132 424 CAP.
1148 359 1229 425 XII.
1292 361 1334 425 19

130 519 226 599 τὸν“
228 524 290 600 6έν
308 529 361 629 τῷ
383 527 464 631 ίεριρ
446 522 607 603 καθΗ
588 522 721 624 ημέραν
732 521 1004 620 ”διδα’σκοντα,
1024 521 1115 603 κατὰ
1138 520 1205 622 τὴν
1223 523 1333 602 αὐτοῦ
1380 527 1505 658 {RQ

128 652 193 723 τοῦ
220 649 391 748 Σωιηρος
418 645 569 752 φωνήν,
607 645 754 745 πλὴν”
739 682 796 727 ινα
825 644 915 747 μηδὲ
944 655 1019 731 τοῖς
1045 645 1216 730 τοιούτοις
1243 642 1334 729 τινές

129 769 442 871 ε’πιθαρσήσαντες
472 767 605 872 λόγοις,
636 769 706 878 ἔξω
735 806 807 852 που
837 781 902 850 τοῦ
933 771 1130 874 πρέποντος
1160 769 1334 876 έρχωντοι

128 901 325 995 λογισμοῦ,
343 896 633 1002 προαναβλέφας
656 897 676 974 ὁ
696 895 891 980 θεσπέσιος
910 892 1185 1000 Εῦαγγελιστὴς
1212 928 1332 998 προσ-

98 1015 285 1099 5τέθεικεν
321 1019 532 1121 ἀναγκαίως,
571 1019 626 1099 ὅτι
664 1015 736 1100 σῦν
771 1027 844 1103 τοῖς
891 1019 1127 1121 στρατιώταις
1165 1019 1223 1098 καὶ
1260 1025 1506 1104 τοῖςο1014Δ.

131 1141 322 1244 ὑπηρέταις
348 1145 489 1237 εἱστήκει
512 1147 574 1224 καὶ
599 1138 729 1229 Ἰούδας
755 1153 769 1225 ὁ
796 1139 1004 1250 παραδιδούς
1023 1145 1132 1225 αὐτόν.
1163 1139 1240 1223 εἶτα
1256 1149 1334 1227 πῶς

130 1261 313 1365 ἠγνόησεν
337 1263 383 1346 ἀν
402 1268 422 1346 ό
441 1267 618 1369 προδότης
646 1265 710 1347 τὸν
730 1266 891 1370 Κύριον,
923 1268 1008 1346 ἀλλ’
1028 1270 1116 1366 ε’ρεῖς
1142 1264 1186 1366 δὴ
1211 1263 1335 1364 πάλιν,

131 1391 187 1469 ὅτι
216 1388 287 1497 νῦξ
311 1389 432 1490 ἦνκαὶ
458 1391 600 1488 σκότος,
621 1395 679 1471 καὶ
705 1393 769 1471 οῦκ
793 1389 838 1491 ἦν
857 1394 1005 1490 ἑτοίμως
1023 1395 1109 1470 ἰδεῖν
1125 1387 1188 1470 τὸν
1207 1388 1332 1493 ζητού·

130 1548 251 1610 μενον.
284 1511 360 1595 εἶτα
377 1520 456 1600 πῶς
474 1517 538 1595 οῦκ
554 1513 779 1623 ἀξιάγαστος
798 1517 818 1595 ὁ
837 1525 901 1596 τοῦ
918 1515 1068 1612 βιβλίου
1088 1511 1335 1620 συγγραφεὺς,

82 1672 119 1713 ιο
131 1636 357 1739 ἀπρονόητον
375 1639 440 1718 ούκ
466 1641 571 1744 ἀφεὶς
596 1637 676 1719 οὐδὲ
695 1637 736 1718 τὸ
760 1641 853 1720 οὕτω
871 1638 1023 1741 μικρόν;
1059 1638 1173 1740 εἴρηκε
1192 1636 1264 1740 γὰρ
1283 1637 1337 1718 ὅτι

131 1761 270 1867 φανοῦς
298 1766 356 1841 καὶ
382 1765 493 1868 δᾷδας
521 1761 703 1867 ἀφοίμενοι
728 1768 780 1870 τῷ
805 1761 908 1870 κήπῳ
934 1761 1182 1865 προσεήθολον.
1223 1771 1333 1842 λελυ-

130 1882 240 1985 μένης
267 1893 460 1988 τοιγαροῦν
487 1889 544 1966 καὶ
573 1890 636 1986 τῆς
663 1888 721 1967 ε’πὶ
749 1885 887 1970 τούτοις
912 1887 1172 1989 εῦρεσιλογίας,
1191 1881 1233 1966 τό
1259 1890 1339 1965 θεο-

130 2007 265 2113 πρεπὲς
294 2009 436 2116 ἀξίωμα
466 2011 688 2115 διαφαίνεται
718 2019 782 2090 τοῦ
811 2016 988 2113 Χριστοῦ,
1018 2009 1144 2090 ἑαυτὸν
1174 2008 1240 2109 μέν
1264 2017 1339 2094 τοῖς
1442 2013 1445 2020 ’

131 2133 281 2236 ζητοῦσι
303 2131 565 2238 προσάγοντος,
584 2131 634 2233 μὴ
654 2132 724 2234 μὴν
743 2133 794 2213 έτι
817 2138 876 2214 καὶ
902 2132 1241 2237 ἐπιγινωσκομένου.
1279 2133 1372 2216 ίναο

84 2292 95 2331 ι
101 2287 119 2348 5
131 2256 206 2360 γὰρ
224 2266 332 2338 τοῦτο
349 2257 534 2341 παθόντας
553 2257 697 2365 ἐλέγξῃ,
727 2257 769 2338 τὸ
795 2258 845 2358 μὴ
864 2259 1045 2340 δύνασθαί
1062 2268 1155 2361 φημι
1173 2258 1338 2360 διαγινώ-

131 2415 235 2462 σκειν
263 2380 381 2479 αὐτόν,
407 2380 449 2462 τό
476 2383 572 2485 Ἐγιύ
599 2387 671 2486 εἰμί
693 2389 810 2488 φησιν
837 2384 1012 2486 ε’ναργῶς.
1051 2384 1136 2464 ἀλλ’
1164 2383 1223 2462 ἵνα
1249 2377 1340 2486 πρὸς

132 2506 249 2613 τούτῳ
281 2508 339 2584 καὶ
377 2503 419 2585 τῦ
456 2510 520 2605 τῆς
556 2506 788 2611 πολυχειρίας
823 2507 936 2586 ἕωλον
973 2505 1156 2612 ἀποφήνῃ,
1185 2509 1243 2586 καὶ
1273 2505 1340 2604 τὴν

131 2626 270 2712 παντός
294 2628 486 2732 ἀνθρώπου
512 2629 663 2729 δύναμιν
688 2630 789 2709 οῦδὲν
815 2632 930 2710 οὖσαν
958 2637 1155 2728 παντελῶς,
1177 2633 1226 2713 ὡς
1249 2627 1339 2727 πρὸς

131 2751 199 2854 τὴν
219 2753 373 2857 ἀίῤῥτγτύν
401 2788 440 2833 τε
467 2756 525 2834 καὶ
554 2753 653 2833 θείαν
680 2751 796 2859 ίσχῦν,
816 2754 920 2863 πράῳ
946 2789 984 2832 τε
1010 2755 1068 2834 καὶ
1093 2753 1213 2862 ἡμέρῳ
1239 2751 1340 2860 λόγῳ

84 2879 445 2982 τοπροσδιολεχθεὶς,
464 2876 785 2981 καταστριύννυσιν
804 2883 852 2963 είς
875 2883 945 2981 γῆν
963 2886 1037 2959 τῶν
1061 2878 1259 2982 ζητούντων
1277 2874 1341 2957 τὸν

133 2999 259 3106 ὄχλον,
277 3000 320 3080 ἵν’
340 3003 451 3080 έκεῖνο
475 2998 654 3099 μάθωμεν,
675 3000 730 3080 ότι
754 3007 826 3081 τῶν
843 3008 1001 3104 γενητῶν
1021 3003 1042 3101 ἡ
1063 3003 1173 3108 φύσις
1196 2999 1336 3106 ἀφορή-

133 3159 206 3209 τως
223 3124 361 3229 ἔχουσα
382 3127 441 3205 καὶ
463 3121 556 3227 πρὸς
573 3123 635 3204 ἕνα
653 3133 717 3205 τοῦ
736 3131 833 3205 Θεοῦ
856 3124 982 3227 λόγον,
1001 3131 1059 3206 καὶ
1077 3135 1182 3207 τοῦτο
1201 3124 1370 3231 φιλάν·ο

134 3255 294 3400 θρωπον,
312 3254 390 3331 πῶς
416 3247 461 3326 ἂν
489 3244 674 3354 διοίση
635 3282 702 3348 την
728 3247 890 3348 ἀπειλήν,
916 3249 1008 3329 κατὰ
1036 3249 1078 3329 τὸ
1112 3252 1150 3330 ἐν
1177 3256 1339 3401 φαλμοῖς

134 3372 318 3473 εἰρημένον
336 3382 357 3419 “
372 3371 425 3451 Σῦ
444 3369 653 3480 φοβερὸς9
620 3408 661 3463 ει,
682 3377 741 3453 καὶ
759 3373 811 3456 τίς
830 3371 1088 3473 ἀντιστήσεται
1104 3408 1167 3453 σοι
1184 3372 1257 3455 ἀπο
1276 3378 1340 3472 τῆς
1384 3387 1507 3438 1²⁸⁸¹¹¹¹ss

86 3497 195 3590 25“'
177 3498 289 3597 οργῆς
313 3497 435 3594 σου;”
472 3503 623 3595 σημεῖον
652 3495 748 3577 δὲ’
719 3531 844 3599 ωσπερ
872 3501 937 3596 τῆς
966 3497 1126 3579 καθόλου
1152 3489 1409 3597 νοουμένης

134 3652 200 3700 του
183 3616 342 3704 έθνους
363 3619 638 3717 καταπτόσεως,
658 3627 890 3720 οἰκονομεῖται
908 3620 951 3701 τό
967 3621 1112 3726 μερικὸν
1131 3625 1188 3701 καὶ
1206 3621 1249 3701 τὸ
1267 3629 1341 3707 τοῖς

135 3745 195 3822 ἐπὶ
212 3741 280 3842 τὴν
296 3742 491 3847 σύλληψιν
509 3747 659 3824 ἐλθοῦσι
677 3742 922 3844 συμβεβηκός
959 3781 1018 3826 και
1042 3754 1131 3847 γοῦν
1150 3747 1341 3831 Ἰουδαίους

136 3865 365 3971 ὁπροφίμης
382 3867 553 3970 Ιερεμίας
576 3869 861 4020 κατολοφύρεται
880 3869 998 3971 λεγων
1022 3880 1045 3916 “
1058 3868 1170 3952 Οἶκος
1187 3867 1444 4023 Ἰσραήλῳ
1386 3872 1499 3923 mv.

137 3990 319 4140 “έπεσεν,
351 3991 415 4070 οῦκ
443 3990 543 4071 ἔστιν
576 3993 596 4073 ὁ
630 3992 851 4092 ἀναστήσων
883 3992 1026 4074 αῦτόν.”
1063 3993 1114 4092 ε’ίη
1149 3989 1231 4071 δ
1210 4026 1255 4071 αν
1283 4024 1340 4070 και

89 4109 242 4203 3οεικάιν
269 4114 465 4214 ἀναγκαίου
492 4113 704 4219 πράγματος
731 4116 773 4196 τὸ
800 4114 1043 4219 συμβεβηκός.
1084 4114 1242 4195 διδάσκει
1269 4112 1375 4216 γάριί

137 4237 193 4316 ὅτι
227 4241 336 4317 παντὶ
376 4244 428 4344 τῷ
473 4237 736 4342 πονηρεύεσθαι
775 4241 866 4321 κατὰ
902 4245 1068 4343 Χριστοῦ
1103 4237 1343 4339 μελετήσαντι

136 4359 256 4462 πάντη
279 4394 318 4440 τε
342 4365 400 4440 καὶ
422 4360 567 4448 πάντως
588 4365 817 4445 ἀποκείσεται
840 4360 882 4444 τό
904 4369 1038 4446 πεσεῖν.

177 4540 220 4600 15.
238 4527 475 4601 ποθόντοτέλίγξῃ
487 4537 658 4603 assumptum
672 4530 751 4586 exE.
1035 4546 1097 4622 ²9
1116 4530 1193 4586 αυτόν
1204 4547 1259 4587 om
1273 4529 1344 4586 Catt.

140 4617 184 4672 31.
202 4622 234 4669 με
235 4598 439 4670 λιτήσοντεςΕ.
675 4617 720 4672 32.
737 4600 904 4658 ἀποκείσεται
917 4599 989 4656 catt.
1002 4599 1116 4657 κείσεται
1128 4600 1180 4656 Ed.

733 4702 790 4751 ΒΖ
