3294 5150
133 383 188 427 xv.
201 382 244 444 42
260 385 327 448 sqq.
373 362 427 425 IN
453 361 518 426 ΕΡ.
542 361 570 424 Ῑ.
599 360 661 424 ΑΙ)
687 360 980 427 CORINTHIOS.
1018 361 1201 427 LIB.VII.
1267 365 1331 428 313

1398 467 1412 514 8
1425 467 1463 516 M.

133 535 158 572 “
176 527 273 633 αι’πῷ
292 528 402 606 ἐστιν·
432 523 509 606 ὁδέ
534 527 769 628 πνευματικὸς
794 529 970 632 ἀνακρίνει
995 526 1060 625 μὲν
1078 525 1207 625 πάντα,
1226 527 1332 612 αῦτὸς
1358 467 1396 530 [⁷
1477 463 1490 530 ]

132 648 214 729 “δέ
240 648 298 730 ῦπ’
318 647 459 734 οὐδενὸς
487 652 742 752 ἀνακρίνεται·”
777 650 895 750 ἐπειδὴ
919 651 956 730 δέ
980 649 1024 750 ἦν
1044 650 1244 731 ἀκόλουθον
1268 650 1333 731 τὸν

131 773 192 852 ἐπὶ
221 775 310 880 τῷδε
339 772 453 874 λόγον
477 778 535 854 καὶ
563 773 620 852 διὰ
647 775 869 878 πραγμάτων
897 778 1081 873 ἐμπεδοῦν,
1108 775 1332 879 προσεπάγει

132 897 197 975 καί
212 905 327 1002 φησιν
344 896 491 999 Ἐγίνετο
510 905 525 978 ὁ
543 897 670 1006 πρῶτος
688 898 854 1003 ίινθρωπις
871 895 990 1004 Ἀδῦιμ
1010 905 1056 984 εἰς
1073 895 1194 1006 ςίινχῦν
1208 898 1330 1007 ζῶσαν,
1344 934 1396 969 ver·
1408 933 1448 982 45-

98 1027 150 1102 5ῦ
172 1019 321 1117 ἔσχατος
352 1016 471 1126 Ἀδδιμ
504 1029 550 1106 εἰς
582 1024 717 1128 πνεῦμα
750 1023 934 1131 ζωοποιοῦν.
984 1020 1141 1127 ψυχικὸν
1172 1021 1237 1120 μὲν
1271 1023 1333 1102 οῦν

133 1141 302 1242 ὠνόμασε
328 1141 391 1223 τὸν
418 1141 550 1242 Ἀδάμ·
590 1153 696 1224 τοῦτο
720 1144 793 1246 γὰρ
821 1141 922 1243 οἶμαί
946 1147 1024 1223 ἐστι
1052 1143 1095 1222 τὸ
1125 1150 1172 1228 είς
1207 1143 1333 1251 ψυχὴν

132 1271 355 1365 πεποιῆσθαι
373 1267 504 1370 ζῶσαν,
521 1269 568 1350 ὡς
586 1269 650 1346 οῦκ
668 1273 716 1352 εἰς
735 1266 831 1347 ἅπαν
848 1265 1132 1368 ἀπηλλαγμένον
1151 1274 1333 1363 σαρκικῶν
1347 1292 1389 1348 79
1406 1289 1454 1344 Μ.

133 1391 342 1488 ἐπιθυμιῶν·
377 1390 417 1470 αί
437 1425 475 1471 τε
493 1390 564 1493 γὰρ
582 1390 715 1497 ὀρέξεις
734 1397 770 1471 οἱ
787 1389 878 1493 πρὸς
896 1389 942 1470 τὰ
958 1394 1022 1489 τῆς
1040 1389 1177 1492 σαρκὸς
1197 1391 1337 1491 ὁρῶσοί

134 1547 175 1592 τε
195 1515 254 1593 καὶ
272 1515 508 1617 τετραμμέναι
526 1515 636 1615 πάθη,
650 1513 717 1594 κᾶν
735 1519 764 1595 εί
783 1515 892 1616 νόμον
910 1513 1023 1620 ἔχοιεν
1041 1512 1105 1594 τὸν
1118 1513 1334 1616 συνήγορον,

82 1667 120 1713 ιο
135 1638 222 1715 ἀλλ’
252 1639 316 1717 οῦν
342 1634 409 1718 εἶεν
437 1635 482 1717 ἂν
509 1637 600 1718 κατοί
633 1671 674 1739 γε
704 1637 747 1717 τὸ
779 1637 911 1738 ἀληθὲς
943 1640 1115 1742 σορκικῆς
1148 1639 1335 1723 ἀσθενείας·

134 1759 356 1861 ἐγκλήματα,
375 1766 405 1840 εί
432 1759 523 1864 πρός
551 1796 592 1862 γε
619 1760 685 1860 τὴν
706 1769 778 1841 τῶν
797 1761 985 1865 δρωμένων
1007 1764 1100 1864 ὁρῶν
1121 1795 1175 1845 τις
1204 1759 1330 1868 φῦσιν.
1346 1777 1410 1826 forte
1422 1774 1473 1840 ῡνῦ-

135 1881 214 1963 οἷον
240 1883 284 1984 δή
312 1919 348 1964 τι
375 1885 472 1990 φημί
501 1895 524 1931 “
537 1886 664 1980 Τίμιος
687 1885 707 1962 ὁ
728 1885 843 1985 γοίμος
868 1887 927 1964 καὶ
955 1886 978 1983 ἡ
1005 1886 1104 1984 κοίτη
1134 1886 1332 1982 ἀμίαντος·”
1348 1913 1501 1974 Heb.xiii.4.

134 2008 449 2108 ἐγκαταβεβλητοι
472 2007 545 2110 γὰρ
562 2010 606 2113 τῇ
631 2016 695 2088 τοῦ
713 2008 880 2105 σώματος
900 2007 1009 2114 φύσει
1032 2008 1131 2112 παρὰ
1156 2016 1219 2088 τοῦ
1244 2007 1332 2089 ποίν·

135 2163 211 2208 των
238 2134 455 2240 δημιουργοῦ
483 2132 622 2231 κίνησις
649 2130 821 2234 ὀρεκτικὴ,
850 2135 1067 2211 διανιστᾶσα
1097 2128 1138 2211 τὸ
1167 2129 1257 2239 ζῴον
1287 2137 1336 2215 είς

85 2251 365 2340 1ὅτἰαιδοποιίοις
388 2253 527 2363 ἔφεσιν·
570 2253 702 2358 είρηται
726 2255 798 2359 γὰρ
815 2254 904 2358 πρὸς
925 2254 989 2334 τὸν
1007 2255 1196 2358 ἄνθρωπον
1220 2266 1240 2302 “
1256 2258 1331 2335 Ab·
1350 2269 1412 2316 00¹²*
1424 2265 1441 2315 ἱ·
1455 2265 1495 2313 ²⁸·

136 2389 159 2424 ‘⁴
181 2376 335 2483 ξιίνεσθε
365 2381 423 2457 καὶ
450 2378 679 2478 πληθύνεσθε
707 2381 764 2457 καὶ
793 2377 1013 2480 πληρώσατε
1043 2378 1108 2477 τὴν
1135 2381 1234 2478 γῆν·”
1278 2382 1335 2457 καὶ

136 2501 328 2585 ὁπλάσας
358 2500 406 2598 δέ,
435 2505 561 2607 φησὶν,
589 2505 626 2580 ἐν
651 2505 756 2606 ἀρχῇ,
788 2511 810 2548 “
824 2502 936 2603 ἄρσεν
963 2505 1021 2580 καὶ
1048 2506 1142 2600 θῆλυ
1170 2501 1335 2601 ἐποίησεν
1348 2518 1476 2598 Μίτυν-

137 2635 160 2672 “
180 2624 338 2709 αῦτοῦς.”
377 2626 503 2705 οὐκοῦν
520 2623 766 2707 ἀκαταιτίατος
788 2623 853 2722 μὲν
872 2625 893 2723 ἡ
912 2630 960 2708 είς
979 2623 1089 2722 μόνον
1107 2626 1231 2726 ὁρῶσα
1247 2658 1331 2703 παι·
1348 2601 1432 2648 ω’

138 2747 303 2831 δοποιίαν
336 2747 474 2854 ἔφεσις·
515 2746 614 2846 πλὴν
649 2747 740 2826 ὅσον
772 2747 854 2847 ἧκεν
887 2753 948 2830 εἰς·
964 2746 1029 2846 τὴν
1060 2754 1123 2826 τοῦ
1158 2747 1339 2850 δρωμένου

85 2899 124 2940 20
138 2869 264 2975 φύσιν,
284 2871 335 2970 ε’ίη
355 2867 401 2950 ἂν
418 2868 592 2972 σαρκικδν
609 2867 651 2949 τὸ
669 2869 784 2953 ποίθος
802 2870 881 2970 ἤτοι
899 2869 1069 2976 ψυχικόν·
1106 2871 1197 2949 οὕτω
1216 2869 1260 2976 δὴ
1279 2874 1338 2950 καὶ

136 2997 198 3074 ἐπὶ
220 3001 293 3073 τῶν
312 2995 439 3074 ἄλλων
458 2990 688 3094 ἀδιαβλήτων
705 3001 844 3076 ποθῶν.
881 2995 1007 3074 οῦκοῦν
1026 3003 1070 3080 εἷς
1090 2993 1200 3102 ζῶσαν
1218 2989 1338 3103 ψυχῦν

138 3126 154 3200 ί
175 3116 302 3226 πρῶτος
326 3116 491 3226 ἄνθρωπος
509 3113 638 3223 Ἀθοίμ·
669 3119 688 3196 ὁ
714 3117 757 3196 δέ
777 3151 819 3219 γε
847 3119 1007 3220 δεύτερος
1036 3122 1092 3198 καὶ
1120 3118 1164 3225 ἐξ
1186 3119 1337 3220 οὐρανοῦ

137 3241 305 3324 τουτέστι
323 3240 486 3344 Χριστὸς
514 3241 578 3320 οῦκ
605 3246 653 3325 είς
682 3239 808 3347 ψυχὴν
834 3248 989 3340 μᾶλλον,
1016 3242 1100 3320 ἀλλ’
1128 3251 1173 3327 εἰς
1201 3244 1339 3344 πνεῦμα

138 3363 265 3464 γε’γονε
294 3365 476 3472 ζωοποιοῦν·
522 3362 661 3448 ἐνοίσας
688 3361 760 3466 γὰρ
788 3365 901 3471 ἑαυτῷ
930 3362 971 3444 τὸ
999 3365 1224 3466 ἀνθρώπινον
1252 3365 1272 3442 ὁ
1300 3368 1337 3443 ἐκ

87 3509 125 3568 25
141 3489 238 3564 Θεοῦ
259 3483 405 3589 Ποιτρδς
422 3483 592 3590 τεφηνὼς
611 3485 702 3565 κατὰ
721 3486 835 3592 φῦσιν
855 3485 948 3571 Θεὸς
966 3487 1096 3588 Λόγος,
1115 3489 1156 3566 οῦ
1175 3485 1240 3586 τὴν
1258 3489 1336 3568 καθ’

140 3607 235 3708 ἡμᾶς
254 3609 490 3710 ἀνθρωπίνην,
509 3608 609 3687 ἀλλὰ
625 3609 724 3689 θεῖοίν
742 3643 822 3689 τινα
840 3615 898 3690 καὶ
917 3613 1093 3712 θεοπρεπῆ
1113 3612 1170 3688 καὶ
1189 3610 1338 3710 ἀμώμη-

141 3764 205 3810 τον
223 3739 410 3816 παντελῶς
428 3731 548 3826 διεβίω
571 3728 675 3832 ζωήν·
710 3734 752 3810 οῦ
777 3731 848 3835 γὰρ
865 3732 1032 3831 ἐποίησεν
1050 3731 1237 3834 ἁμαρτίαν,
1255 3733 1336 3810 ἀνί-

141 3860 268 3959 παφον
299 3853 365 3954 μέν
393 3856 531 3953 ἡδοναῖς
559 3851 719 3939 ἐκτόποις
747 3855 838 3958 ἔχων
862 3853 926 3934 τὸν
954 3862 1047 3952 νοῦν,
1076 3856 1273 3953 ἐπιθυμίαις
1301 3855 1339 3934 δέ

141 3984 220 4062 ταῖς
239 3984 311 4057 τῶν
330 3979 511 4077 ἐδωδίμων
529 3979 596 4081 οῦχ
614 3978 816 4076 ἁλώσιμον·
852 3984 881 4057 εὶ
900 3975 972 4080 γδρ
998 3981 1056 4058 καί
1084 3980 1208 4081 ὁρᾶται
1236 4013 1337 4078 μετε-

90 4143 129 4198 30
142 4099 288 4206 σχηκῶς
307 4106 445 4207 τροφῆς
463 4103 522 4180 καὶ
535 4109 659 4199 ποτοῦ,
678 4098 736 4180 διιί
754 4135 808 4181 τοι
827 4100 869 4182 τὸ
887 4101 1121 4182 πιστεύεσθαι
1140 4099 1230 4180 κατὰ
1244 4099 1335 4199 ἀλή-

142 4231 241 4305 θειαν
259 4222 347 4306 εἶναι
369 4227 557 4328 ἅνθρωπος
579 4227 660 4306 καθ’
680 4226 783 4326 ἡμᾶς,
802 4227 886 4305 ἀλλ’
907 4226 969 4304 οὖν
987 4224 1174 4328 ἐλευθέραν
1192 4228 1341 4304 ἐποιεῖτο

141 4347 207 4448 τὴν
238 4347 395 4455 μέθεξιν·
436 4346 482 4448 ἦν
510 4347 577 4448 μέν
605 4348 677 4453 γὰρ
707 4350 745 4428 ἐν
774 4352 883 4453 σαρκὶ
913 4349 955 4429 δι’
976 4349 1069 4448 ἡμᾶς
1103 4353 1341 4447 οἰκονομικῶς,

143 4472 230 4576 ῦπέρ
258 4471 379 4576 σιίρκα
407 4470 444 4554 δέ
468 4472 593 4554 πάλιν·
626 4476 761 4580 πνεῦμα
780 4471 854 4575 γδρ
878 4470 922 4572 ἦν
947 4472 1101 4582 ζωοπιιδν
1120 4475 1167 4556 ὡς
1187 4469 1289 4556 Θεός·
1320 4471 1341 4548 ὁ

185 4611 258 4660 τοο.
271 4613 324 4660 111.
741 4614 787 4658 ss
