3294 5150
183 349 281 430 ii.14.
383 350 438 416 IN
462 350 527 416 ΕΡ.
549 351 596 416 ΙΙ.
623 351 686 416 AD
712 350 1004 418 CORINTHIOS.
1042 353 1130 418 ΙιΙΒ.
1152 355 1181 418 Ι.
1309 357 1373 420 327

183 523 204 560 “
222 514 357 594 ἔστιν·”
390 512 636 619 ἐσφράγισται
661 505 698 594 δὲ
724 511 838 594 πάλιν
856 514 920 594 οῦκ
945 516 982 594 ἐν
1000 514 1070 621 ίσηι
1089 513 1212 623 τρόπῳ
1231 516 1313 596 καθ’
1333 513 1375 596 δν
1402 463 1530 529 [Μ’]

181 637 241 716 καὶ
259 635 368 735 ἡμεῖς.
388 638 474 715 ἀλλ’
494 635 582 717 ὅλον
600 634 725 716 ἑαυτὸν
742 637 780 714 ἐν
798 641 842 742 τῇ
860 644 924 716 τοῦ
940 643 1030 718 Υίοῦ
1049 637 1159 744 φύσει
1185 642 1375 743 μονονουχὶ

180 757 385 865 γράφοντος
409 767 473 838 τοῦ
499 756 644 861 Πατρδς
670 762 729 840 καὶ
754 757 828 840 οἷον
856 760 1038 844 οῦσιωδῶς
1060 761 1372 860 ε’νοημαινομείιου·

238 883 252 914 e
370 881 388 910 ν
580 883 589 908 ι
656 882 665 907 κ
769 880 780 910 ι
836 880 950 910 »ue
1078 880 1090 908 ι
1231 886 1241 912 ι
1293 887 1312 912 η
1386 857 1497 908 S.Joan.

181 914 346 987 ταυτητοι
364 887 523 988 εφασκεν
541 892 563 929 “
592 888 629 962 Ο
648 916 808 984 εωρακως
827 917 886 981 εμε
905 916 1036 986 εωρακε
1054 917 1118 964 τον
1138 889 1292 987 Πατερα.
1386 925 1436 975 ιιι.
1445 940 1469 989 9.

149 1097 238 1182 5Τῷ
264 1096 300 1163 δὲ
328 1097 403 1184 Θεῷ
431 1100 523 1188 χάρις
551 1101 600 1185 τῷ
630 1101 771 1165 πάντοτε
803 1101 1028 1188 θριαμβεύοντι
1055 1100 1141 1177 ιἰμᾱς
1167 1101 1202 1166 ὲν
1229 1106 1276 1188 τῷ
1299 1058 1519 1220 Χρι-ξὶφθ.

231 1225 298 1308 στῷ
325 1218 375 1288 καὶ
402 1223 462 1288 τι“ιν
488 1224 592 1301 ὁσμιῖν
619 1222 771 1300 τνώσεωα
802 1224 901 1289 αὐτοῦ
929 1228 1122 1313 φανεροῦντι
1149 1223 1186 1290 δι’
1217 1226 1310 1302 ἡμῶν
1337 1229 1372 1294 ἐν

231 1347 328 1412 παντί
353 1349 456 1432 τόπῳ.

237 1494 528 1596 Εὑχαριστοῦσιν
546 1496 579 1572 οἱ
603 1490 804 1574 ἀπόστολοι
823 1491 1086 1596 δοκιμαζόμενοι
1106 1498 1165 1575 καὶ
1181 1503 1373 1589 πονοῦντες

180 1616 240 1694 καῖ
257 1621 457 1719 καυχῶνται
484 1622 558 1700 τοῖς
583 1619 722 1718 ἀγῶσιν
749 1623 823 1701 τοῖς
850 1615 908 1697 διά
932 1615 1109 1719 Χριστόν·
1147 1615 1272 1721 ῶσπερ
1299 1617 1372 1722 γὰρ

132 1773 168 1814 ιο
182 1735 268 1839 ὑπὲρ
295 1739 396 1838 ἡμῶν
425 1736 684 1844 τεθριάμβιυται
711 1736 874 1844 Χριστὸς
899 1737 963 1820 τὸν
988 1742 1044 1820 ε’πῖ
1076 1739 1190 1846 ξιίλου
1218 1739 1373 1845 θάνατον

180 1858 348 1958 ἀνατλάς,
369 1864 428 1942 καὶ
444 1865 638 1947 τελειωθεὶς
659 1860 718 1942 διὰ
740 1859 972 1964 παθημάτων,
991 1862 1083 1943 οῦτοι
1108 1866 1167 1942 καὶ
1184 1865 1282 1946 αι’ντοῖ
1305 1863 1368 1973 θρι·
1385 1889 1538 1942 nomm.

181 1981 406 2088 αμβειίεσθαί
430 1991 546 2091 φασιν
574 1985 662 2087 ὑπὲρ
692 1987 811 2083 αι’ντοῦ,
840 1986 1005 2066 τουτέστι
1037 1988 1272 2091 γνωρίζεσθαι
1299 1995 1373 2074 τοῖς

179 2106 368 2212 ἀπανταχῆ
396 2110 455 2188 καὶ
479 2107 929 2213 καταλαμπριίνεσθαιδιά
955 2116 1166 2211 πειρασμῶν
1188 2113 1246 2191 καὶ
1273 2118 1373 2195 νικᾶν

180 2226 243 2308 τὸν
260 2230 410 2328 κόσμον,
430 2231 489 2310 διά
512 2265 553 2334 γε
575 2238 640 2311 τοῦ
656 2229 775 2312 πάντα
792 2237 919 2312 παθεῖν
937 2232 1084 2330 ἑτοίμως
1101 2232 1194 2338 ἔχειν
1212 2237 1269 2316 καὶ
1288 2234 1373 2314 λίαν

130 2353 344 2448 ιςάσμίνως
373 2352 461 2457 ὑπὲρ
489 2362 554 2436 τοῦ
578 2353 751 2450 ὀνόματος
780 2362 844 2435 τοῦ
877 2359 1052 2458 Χριστοῦ·
1099 2359 1169 2436 είσῖ
1201 2353 1273 2461 γάρ
1301 2363 1371 2437 εῖσι
1382 2373 1451 2487 ἰοὶ·
1462 2373 1506 2424 SS·

178 2473 321 2581 με’τοχοι
347 2483 419 2556 τῶν
437 2477 545 2557 αι’ντοῦ
563 2475 801 2576 παθημάτων,
822 2481 871 2561 ὡς
891 2480 995 2584 φησὶ,
1015 2487 1036 2525 “
1050 2481 1107 2557 καῖ
1125 2482 1189 2577 τῆς
1209 2481 1365 2576 μελλοιί·
1385 2452 1531 2554 ιθῖθὲθῖῖ

179 2608 201 2646 “
217 2630 288 2700 σης
305 2598 626 2680 ἀποκαλύπτεσθαι
645 2597 779 2704 δόᾷις”
799 2602 970 2680 κοινωνοί·
1000 2599 1096 2680 Θεὸν
1114 2600 1152 2681 δὲ
1170 2597 1260 2682 εἷναί
1275 2609 1371 2706 φασι
1386 2583 1407 2617 ¹'

178 2718 241 2802 τὸν
259 2720 497 2832 θριαμβεύοντα
518 2721 656 2820 αὐτοῦς,
674 2723 741 2828 οὐχ
765 2726 814 2808 ῶς
839 2722 973 2803 ε’νιέντα
996 2726 1047 2830 τῷ
1071 2721 1226 2826 πάσχειν
1244 2720 1372 2808 αι’ντοῦς

178 2846 258 2924 οὔτε
282 2842 354 2944 μὴν
375 2848 424 2929 ῶς
452 2845 595 2951 θλίψεις
619 2845 896 2948 ἔπισωρειίοντα,
917 2845 1002 2926 ἀλλ’
1022 2845 1078 2927 ὅτι
1096 2844 1187 2926 κατὰ
1210 2847 1252 2925 τὸ
1274 2848 1371 2954 αὐτῷ

125 2995 165 3037 20
178 2971 305 3048 δοκοῦν
321 2975 394 3052 τοῖς
416 2965 485 3046 ἀνά
503 2975 628 3048 πᾶσαν
652 2968 718 3068 τὴν
741 2969 799 3050 ἀπ’
819 2967 970 3073 οὐρανὸν
994 2969 1283 3072 διακηριίττοντες
1307 2968 1371 3049 τὸν

176 3092 333 3189 Ἰησοῦν,
364 3097 438 3175 τοῖς
469 3090 557 3192 ὑπὲρ
589 3092 698 3172 αὐτοῦ
734 3093 989 3194 περιπίπτουσι
1020 3099 1245 3194 πειρασμοῖς·
1286 3091 1371 3174 ἀνευ

177 3212 247 3317 γάρ
274 3220 485 3317 πειρασμῶν
511 3215 702 3313 εὐδοκιμεῖν
730 3214 915 3296 ἀδιίνατον·
954 3217 975 3295 δ
1005 3214 1044 3296 δὲ
1072 3215 1207 3296 τοῦτον
1234 3213 1371 3316 καρπὸς

177 3335 232 3418 ὅτι
258 3336 468 3441 πάσχουσιν
497 3338 526 3418 ἐν
548 3346 690 3447 Χριστῷ,
720 3339 884 3419 τουτέστι
910 3336 968 3420 διά
995 3336 1059 3419 τὸν
1077 3335 1253 3440 Χριστὸν,
1282 3337 1370 3442 ὅπερ

177 3462 277 3540 ἐστὶν
296 3457 435 3544 εῦκλεές
452 3462 509 3540 καὶ
528 3461 685 3541 ἐλπίδων
702 3460 906 3560 ἀνάμεστον
924 3466 1081 3564 ἀγαθῶν.

123 3605 165 3666 ²5
225 3583 319 3663 Ποία
331 3583 374 3664 δέ
380 3617 433 3666 τις
444 3584 515 3686 ἀρα
525 3583 625 3664 ε’στῖν
636 3583 722 3688 ὂσμῖι
735 3583 792 3678 τ’ἧς
803 3585 955 3687 γνώσεως
967 3593 1030 3664 τοῦ
1040 3590 1136 3666 θεοῦ
1148 3586 1205 3664 καῖ
1215 3582 1371 3687 Πατρῖις,

176 3705 199 3806 ἡ
220 3704 279 3786 διά
300 3711 373 3786 τῶν
391 3707 504 3808 ἁγίων
527 3706 746 3788 ἀποστόλων
769 3713 820 3814 τῷ
840 3707 969 3816 κάσμιρ
992 3706 1235 3812 φανερουμένη
1256 3708 1316 3787 καῖ
1341 3708 1371 3787 ἐν

215 3896 239 3933 1.
257 3877 501 3949 ε’σφράγισται-δν
512 3877 567 3951 καὶ]
581 3880 630 3950 οὐχ
648 3880 682 3935 ὥς
696 3879 734 3935 Η.
989 3897 1015 3950 3.
1034 3878 1249 3949 ε’νσημιιινομίνου
1261 3878 1316 3934 des.
1331 3877 1369 3932 H.

176 3948 203 4014 8,
213 3966 240 4019 9.
258 3949 524 4036 Εὖχαριστοῦσιη-δ(
544 3951 618 4004 ιστδν
629 3958 766 4020 assumpta
777 3965 810 4002 ex
824 3947 861 4003 H.
1015 3989 1021 4003 .
1039 3951 1090 4021 γδρ
1102 3957 1271 4020 assumptum
1284 3967 1315 4002 ex
1325 3946 1369 4036 'H'

178 4034 221 4074 12.
237 4040 357 4074 ταυτεστι
370 4019 406 4074 Η.
420 4041 466 4073 του
477 4041 506 4074 τε
519 3971 570 4074 θῶ.
738 4034 779 4089 13.
796 4016 851 4089 διδ]
868 4025 897 4083 4
912 4023 963 4074 πῶν
976 3967 1014 4076 λθ.
1179 4017 1272 4086 14-16.
1291 4019 1370 4072 δια-

175 4086 259 4213 ἳηησῖ]
272 4089 324 4143 είσι
335 4090 386 4161 γδρ
398 4091 512 4146 κοινωνοὶ
524 4095 575 4180 τῶν
586 4091 632 4180 τοῦ
643 4091 754 4175 χριστοῦ
765 4088 921 4180 παθηράτιην
934 4088 972 4143 Η.
994 4160 1005 4174 μ
1057 4159 1064 4178 Ι
1110 4100 1151 4159 17.
1169 4089 1197 4178 δι’
1210 4085 1274 4178 ηῖκηί
1284 4084 1367 4157 φασι]

217 4161 290 4230 λεγει
304 4158 341 4215 Η.
483 4161 525 4215 18.
543 4157 814 4229 ωΗπισωρωοπα]
828 4181 862 4214 ως
874 4180 952 4213 αυτου
963 4180 1018 4214 τοις
1028 4158 1139 4213 παθεσιν
1150 4179 1241 4214 αυτους
1253 4158 1369 4220 νιταβάλ-

174 4231 268 4285 λοντος
281 4228 319 4284 Η.
494 4246 587 4300 19-21.
606 4227 845 4300 ὅτι-πειρασμοῖς]
860 4227 899 4283 δτι
912 4229 953 4283 διδ
964 4231 995 4282 τδ
1007 4226 1123 4299 κήρυγμα
1135 4227 1149 4281 δ
1160 4231 1293 4282 ποιοῦνται
1305 4227 1369 4281 κατὰ

175 4299 206 4353 τδ
215 4299 321 4371 αῦτῷ(ῖ)
340 4299 440 4368 θίλημα
455 4299 630 4355 ὑποπίπτουσι
641 4301 794 4368 πειρασμοῖς
808 4299 845 4354 Η.
970 4314 1067 4365 21-24.
1087 4298 1161 4352 Haec
1172 4297 1370 4368 ἀνευ-ἀγαθῶν

175 4367 1369 4530 ιωῖιιιιιιιιιιιιιιιιιιιιιιιιιι..ιιι

175 4506 269 4579 ε’τίχθη
287 4509 315 4563 εἰι
331 4511 450 4581 γυναικὸς
467 4510 508 4564 καὶ
520 4510 670 4580 ίσταυρίιθη
682 4511 723 4564 καὶ
735 4509 860 4564 δπίθιινεν
871 4531 912 4563 και
927 4507 1031 4578 ἀνίστη,
1044 4510 1075 4564 οῦ
1091 4510 1143 4592 γὰρ
1158 4509 1221 4564 καθδ
1285 4507 1370 4577 ’ἡμεῖς

171 4577 306 4650 ἅνθρωπος
317 4582 332 4633 δ
344 4581 457 4651 Χριυτδς
468 4582 567 4650 πηκτοῦ
576 4581 681 4649 Πατρδς
692 4578 983 4650 τῦυδιάσιιφῦσινοῦδῖ
995 4579 1064 4650 οἰτρι)
1072 4581 1116 4650 (ut
1124 4579 1262 4652 ιαῖτῳδ,
1275 4577 1319 4648 14)
1331 4578 1368 4632 fl.
