3294 5130
457 907 904 988 HOMILIARUM
958 908 1405 986 FRAGMENTA.

900 1210 933 1284 Ι.

535 1430 771 1488 FRAGMENTA
793 1428 989 1486 ιιοιιιιιιο
1012 1427 1066 1484 οτι
1087 1428 1172 1486 ιντο
1195 1429 1315 1488 mmo,

472 1623 538 1689 Τοῦ
563 1625 662 1692 αὐτοῦ
686 1625 724 1689 ἐκ
749 1629 809 1691 τοῖς
835 1621 964 1701 ὁμιλίαι
990 1624 1048 1688 τῦο
1076 1623 1151 1712 περὶ
1174 1621 1252 1690 &vde
1279 1621 1367 1689 υἱοῦ.

378 1798 429 1874 ΕΙ
448 1792 520 1897 γὰρ
538 1793 587 1878 εἶς
604 1795 704 1874 ἐστιν
718 1797 836 1879 ίδικιῦς
849 1793 970 1878 Υὶῦςό
989 1795 1028 1872 εἰι
1045 1800 1109 1872 τοῦ
1121 1798 1215 1872 θεοῦ
1227 1790 1379 1894 Πατρός
1392 1793 1532 1898 Λόγος,
1546 1829 1564 1887 5

320 1915 368 1999 εἷς
396 1913 435 1995 δὲ
459 1917 588 2014 ὁμοίως
611 1921 727 2000 ὶδικιῦς
755 1918 813 1996 καὶ
838 1916 955 2018 ἔτερος
978 1915 1063 2018 παρ’
1083 1914 1191 1994 αὐτόν
1209 1915 1230 1993 ὁ
1248 1918 1288 1994 ἐκ
1309 1917 1533 2018 σπέρματος

321 2041 465 2134 Δαυεὶδ,
484 2043 529 2143 τῇ
548 2037 638 2142 πρδς
664 2037 729 2118 τόν
748 2038 857 2146 φύσει
877 2041 936 2117 καὶ
958 2041 1103 2136 ἀληθῶς
1119 2037 1209 2116 Υίόν
1226 2038 1397 2144 κοινωνίᾳ
1415 2040 1530 2136 τιμιό-

319 2191 436 2257 μενος,
467 2167 545 2245 πῶς
572 2163 640 2266 οῦχ
670 2158 808 2242 ἅπασιν
835 2157 978 2263 ἐναργὲς
1008 2157 1063 2238 ότι
1092 2160 1113 2237 ὁ
1144 2157 1208 2255 μὲν
1240 2160 1403 2257 δίδωσιν,
1434 2163 1458 2240 ὁ
1488 2161 1528 2241 δὲ

319 2281 509 2379 λαμβάνει·
540 2285 559 2362 ό
577 2282 643 2382 μὲν
659 2289 845 2389 στεφανοῖ,
864 2283 884 2360 ό
901 2279 940 2361 δὲ
957 2287 1209 2386 στεφανοῦται·
1240 2286 1298 2360 καὶ
1317 2281 1423 2375 ῦμέν
1443 2285 1527 2364 ἐστι

321 2403 431 2508 φύσει
452 2404 595 2508 Κύριος,
620 2408 639 2485 ό
663 2404 701 2486 δὲ
722 2407 786 2486 οῦκ
809 2406 913 2501 ἕσας
948 2406 1039 2488 τίνες
1061 2406 1124 2484 οὖν
1151 2408 1185 2484 οἳ
1211 2411 1324 2484 ταῦτα
1351 2403 1526 2507 λέγον-τες
1542 2441 1578 2481 ιο

321 2528 380 2606 καὶ
399 2532 624 2634 φρονοῦντες,
641 2525 665 2628 ἢ
682 2535 787 2609 ποῖον
804 2528 921 2607 αὐτῶν
939 2524 981 2607 τὸ
999 2533 1117 2629 κρῖμα,
1135 2525 1217 2610 τοῦς
1238 2528 1360 2629 ἁγίους
1378 2529 1523 2631 ἐρωτή-

152 2679 306 2744 Βσιᾱιιι.
321 2683 445 2750 σωμεν
466 2649 640 2749 μαθητάς.
683 2650 788 2730 ἄκουε
814 2648 982 2752 λε’γοντος
1008 2651 1167 2752 ἐναργῶς·
1199 2659 1220 2698 “
1240 2651 1527 2752 Παρεισεδυσαν

322 2783 344 2822 “
357 2775 429 2877 γοίρ
443 2807 532 2858 τινες
551 2773 742 2876 ἅνθρωποι,
756 2778 791 2852 οἱ
808 2775 865 2853 καὶ
883 2773 999 2854 πόλοι
1016 2774 1325 2876 προγεγραμμένοι
1343 2779 1393 2856 εἱς
1411 2783 1525 2854 τοῦτο

320 2907 343 2944 “
356 2895 403 2976 τό
417 2903 535 2999 κρῖμα,
553 2899 709 2992 ἀσεβεῖς,
727 2895 793 2994 τὴν
810 2903 874 2975 τοῦ
888 2901 984 2975 Θεοῦ
1001 2893 1105 3000 χάριν
1122 2896 1364 2992 μετατιθέντες
1382 2899 1444 2976 καὶ
1455 2897 1525 2976 τὸν

320 3031 343 3066 “
355 3019 467 3118 μόνον
481 3016 679 3119 Δεσπότην
696 3023 756 3098 καὶ
775 3017 910 3121 Κύριον
927 3018 1027 3117 ἡμῶν
1043 3017 1190 3117 Ἰησοῦν
1206 3016 1371 3120 Χριστόν
1388 3019 1523 3121 ἀρνοό-
1540 3045 1578 3106 15

320 3151 343 3188 “
355 3142 484 3238 μενοι.”
522 3147 600 3225 πῶς
628 3141 690 3220 οῦν
707 3137 816 3240 μόνος
842 3142 921 3220 ἐστὶ
943 3139 1122 3240 δεσπότης
1144 3139 1286 3240 Ἰησοῦς
1304 3140 1471 3241 Χριστός
1501 3145 1523 3221 ὁ

320 3259 487 3346 κοινωνός
508 3265 572 3360 τῆς
595 3263 715 3364 ἑτέρου
743 3263 952 3346 δεσποτείας
973 3262 1141 3364 γεγονὼς,
1159 3267 1188 3341 εί
1210 3260 1302 3342 κατὰ
1324 3261 1431 3365 χάριν
1448 3263 1523 3368 ἔχει

320 3391 437 3480 τοῦτο,
455 3389 486 3463 εἰ
514 3382 619 3463 δοτδν
637 3385 733 3490 αὐτῷ
761 3385 819 3463 καὶ
846 3383 934 3464 αὐτὸ
960 3383 1003 3464 τῦ
1030 3388 1094 3483 τῆς
1117 3384 1295 3468 υἱοθεσίας
1316 3384 1469 3491 ἀξίωμα,
1490 3393 1521 3466 εἰ

320 3504 431 3608 μηδὲν
444 3505 539 3590 ὅλως
556 3508 676 3604 αὐτοῦ,
689 3505 809 3587 πάντα
827 3505 865 3586 δὲ
878 3513 1023 3604 μᾶλλον
1036 3507 1156 3609 ε’τίρου
1173 3515 1237 3588 τοῦ
1256 3506 1380 3591 δόντος
1398 3509 1519 3614 αῦτῷ;

320 3628 432 3730 μόνον
459 3629 530 3737 ἔφη
557 3629 738 3730 δεσπότην
756 3631 814 3708 καὶ
835 3627 968 3731 Κύρων
986 3629 1087 3728 ἡμῶν
1105 3631 1251 3730 Ἰησοῦν
1269 3629 1435 3733 Χριστόν
1452 3631 1521 3711 τὸν
1535 3672 1576 3712 20

320 3755 359 3833 ἐκ
379 3758 474 3832 θεοῦ
493 3751 627 3850 Λόγον·
668 3758 745 3835 πῶς
769 3751 833 3830 οὖν
856 3750 1049 3835 συνάπτεις
1076 3753 1174 3859 αὐτῷ
1192 3751 1359 3832 κοινωνόν
1385 3749 1451 3831 τόν
1477 3757 1520 3834 ἐκ

320 3875 528 3977 σπέρματος
561 3874 721 3970 Δαυείδ;
772 3874 836 3952 οῦκ
871 3874 930 3956 ε’ἂς
961 3871 1033 3974 γὰρ
1064 3871 1176 3973 μόνον
1208 3871 1295 3954 εἶναι
1324 3873 1519 3976 δεσπότην,

359 4071 382 4109 τ.
403 4053 591 4124 Fragmentum
611 4053 663 4108 hoc
684 4053 761 4108 nobis
782 4051 933 4122 suppeditat
951 4051 1063 4106 Niketau
1083 4052 1228 4108 ehoniatoe
1245 4055 1272 4108 in
1293 4053 1419 4124 Panoplia
1437 4055 1516 4125 Dog-

320 4123 426 4186 mnticn,
439 4132 504 4178 tom.
518 4125 544 4178 8.
574 4123 719 4178 codicibus
732 4122 837 4177 duobus
855 4123 898 4176 uui
916 4138 1020 4185 numus,
1032 4139 1127 4192 nempe
1140 4123 1200 4178 cod.
1214 4123 1515 4179 laurentiano-Floren-

321 4194 377 4246 tino
391 4192 461 4246 Plut.
473 4194 509 4246 ix.
522 4210 555 4260 οη
567 4193 736 4264 (bombycin.
750 4209 801 4246 ιοο,
808 4191 879 4262 xiii.)
892 4191 937 4246 fol.
949 4204 997 4261 135
1012 4210 1019 4245 ι
1035 4191 1103 4246 eod.
1113 4192 1259 4247 Bodleiano
1272 4193 1341 4262 (Roe
1354 4209 1386 4247 ις
1400 4193 1514 4248 membr.

321 4277 374 4314 ιεο.
387 4261 453 4328 xiv),
466 4262 512 4316 sol.
527 4276 586 4386 1³³0,
599 4280 679 4334 quem
691 4262 709 4317 b
721 4262 833 4333 signavi.
961 4277 1001 4316 ιτ.
1019 4261 1140 4402 λέγοντος
1152 4263 1299 4318 amandavi.
1312 4261 1431 4332 λέγοντες
1443 4263 1515 4318 eod.

323 4327 402 4382 Laut.
415 4329 539 4398 λίγονειις
572 4371 578 4386 .
812 4348 854 4398 14.
871 4330 1047 4402 μετατιθέντες
1073 4349 1128 4386 non
1140 4331 1215 4386 addit
1226 4332 1263 4388 τίς
1274 4329 1341 4386 ιίσὲλ
1372 4331 1516 4388 mChon.

324 4395 365 4450 16.
383 4399 726 4470 μόνοιιιιοιιιριιιαιοκδ.
893 4401 934 4456 18.
953 4399 1121 4473 δοτδνιιῦτῷ]
1135 4401 1332 4472 mammio)
1365 4440 1373 4457 .
