3244 5146
345 367 526 434 CONTRA
548 367 799 432 DIODORUM
821 367 945 433 TARS.
968 367 1105 432 EPISC.
1261 368 1326 431 509

163 683 269 740 Scholia
304 691 419 739 meteres
435 692 550 756 quatuor
567 683 661 740 Latina
677 683 784 739 exhibet
800 683 890 739 Maius
906 702 922 738 a
938 683 1075 739 codicibus
1093 681 1208 755 Syriacis
1221 683 1286 747 suis,
1298 683 1329 738 iu

128 755 239 810 Parrum
254 703 326 811 aiil.
338 755 410 810 Nov.
423 755 450 810 ii.
464 767 517 825 454
529 771 587 826 sq.:
608 771 719 825 nempe:

199 951 248 1014 Ex
269 967 380 1014 aenan
403 952 524 1015 Savum
545 945 744 1016 aumocuaur
764 969 923 1017 asomum
944 969 981 1016 m
1003 969 1112 1016 uonna
1134 969 1258 1016 coerce.

483 1188 556 1238 Idem
569 1188 677 1252 cyrillus
687 1189 808 1239 advenas
819 1189 967 1240 Diodorum.

97 1361 117 1421 5
175 1330 273 1412 Saepe
283 1329 351 1414 jam
365 1327 511 1407 diximus,
527 1350 587 1414 quo
601 1334 743 1412 tempore
762 1328 972 1412 capitulorum
988 1328 1131 1392 omnium
1148 1327 1328 1414 apologiam

130 1430 357 1516 quodammodo
372 1429 503 1495 fecimus
524 1452 588 1494 non
609 1435 774 1514 propterea
787 1431 871 1514 quod
892 1437 1024 1496 naturae
1045 1433 1086 1495 ad
1103 1430 1328 1496 adunationem

130 1537 335 1612 accesserunt,
368 1533 483 1597 ideirco
518 1532 704 1598 dualitatem
735 1532 788 1610 (in
817 1533 960 1614 Christo)
992 1555 1058 1598 esse
1086 1535 1327 1599 admittendam.

130 1637 260 1701 Etenim
281 1636 364 1700 deut
377 1635 470 1700 homo
486 1635 628 1721 quamvis
650 1636 809 1700 exanima
829 1634 977 1700 rationali
999 1641 1032 1701 et
1053 1657 1180 1720 corpore
1201 1657 1327 1721 compe-

131 1739 220 1818 situs,
235 1761 317 1803 unus
339 1743 388 1804 eet
408 1760 509 1823 neque
526 1737 561 1802 in
574 1737 636 1802 duo
650 1737 814 1818 dividitur,
829 1736 923 1822 idque
945 1743 1051 1804 totum
1072 1738 1189 1804 dicitur
1210 1738 1328 1806 animal

80 1876 118 1917 10
130 1842 282 1908 rationale
307 1865 343 1908 ao
368 1841 500 1907 mortale
525 1864 715 1927 quamquam
740 1864 846 1927 reapse
870 1865 935 1908 uua
960 1842 994 1906 in
1017 1847 1106 1928 parte
1128 1844 1271 1922 mortale,
1293 1843 1329 1908 in

131 1945 193 2010 alia
214 1945 384 2022 rationale3
412 1945 456 2010 sic
478 1943 574 2010 etiam
592 1945 790 2025 Emmanuel,
810 1967 909 2030 quum
930 1945 973 2009 eit
994 1967 1086 2024 uuus,
1107 1945 1274 2011 divinitate
1295 1951 1329 2010 et

130 2049 330 2113 humanitate
354 2051 511 2125 constans,
538 2069 670 2132 quarum
694 2068 750 2132 per
774 2070 807 2112 se
832 2051 965 2133 utraque
994 2047 1132 2133 perfecta
1161 2053 1219 2128 est,
1245 2048 1329 2112 idem

132 2149 218 2214 Deus
247 2155 296 2214 est
325 2155 358 2214 et
386 2149 489 2228 homo,
516 2148 658 2213 mortalis
686 2155 721 2214 et
748 2149 944 2228 immortalis,
970 2149 1153 2236 temporalis
1182 2153 1216 2216 et
1243 2151 1329 2234 prior

133 2251 279 2316 omuibus
300 2251 439 2330 sacculis,
461 2251 627 2338 palpabilia
648 2256 681 2316 et
702 2251 923 2335 impalpabilis,
941 2251 1076 2316 visibilis
1096 2255 1130 2316 et
1150 2251 1330 2319 invisibilis.

80 2373 119 2434 15
133 2355 219 2420 Nam
234 2355 261 2419 si
274 2355 328 2419 ille
342 2360 456 2419 natura
470 2376 527 2420 sua
540 2352 729 2418 immortalis
743 2353 825 2418 nihil
839 2355 1022 2437 sumpsisset
1035 2355 1191 2419 amortali
1204 2359 1328 2434 natura,

132 2458 166 2522 id
183 2463 232 2522 est
246 2457 419 2522 Abrahami
439 2457 565 2534 semiue,
580 2457 665 2521 haud
686 2476 743 2519 uos
762 2454 907 2540 equidem
921 2455 1063 2520 renovati
1079 2477 1216 2521 essemus
1233 2464 1329 2542 atque

133 2558 172 2621 ad
186 2556 458 2622 immortalitatem
479 2555 584 2633 erecti,
599 2575 740 2640 vanaque
761 2559 869 2619 nostra
890 2553 967 2619 fides
988 2554 1070 2621 foret
1087 2560 1120 2620 et
1138 2555 1173 2620 in
1192 2556 1328 2640 peccatis
1342 2540 1472 2668 ἔξω·

133 2659 249 2725 nostris
262 2659 365 2725 adhue
374 2660 557 2744 jaceremus.

134 3117 186 3183 Ex
203 3135 309 3182 marus
332 3117 452 3182 Savum
474 3135 635 3182 eumaeus
657 3115 828 3180 Jumauusr
849 3133 957 3180 amc.
980 3133 1017 3180 us
1039 3133 1153 3182 comen
1175 3133 1242 3180 ssu.
1258 3131 1329 3179 var.

81 3400 121 3441 20
492 3378 565 3430 Idem
575 3379 682 3446 (lyrsslus
693 3379 812 3430 adversm
823 3379 969 3431 Diodorum.

179 3520 267 3585 Haec
284 3525 344 3599 est,
358 3541 377 3585 o
391 3524 497 3586 noster
511 3521 635 3600 sodalis,
650 3524 781 3586 naturae
794 3520 950 3586 humanae
964 3520 1106 3588 definitio
1120 3543 1199 3605 quae
1213 3520 1329 3586 dicitru

135 3623 313 3688 substantia
327 3623 472 3689 animalis
486 3624 649 3689 rationalis
663 3630 758 3708 atque
771 3625 924 3690 mortalis.

493 3911 566 3962 idem
577 3910 686 3976 cyrillus
696 3911 814 3962 adver-ms
824 3909 972 3965 Diodorum.

179 4050 287 4116 Audes
308 4049 403 4116 etiam
416 4051 568 4118 herilibus
582 4050 691 4117 formis
705 4051 797 4116 illum
810 4051 949 4131 induere,
964 4053 1029 4137 qui,
1050 4057 1089 4116 ut
1102 4051 1157 4131 ais,
1172 4052 1268 4116 homo
1282 4055 1333 4117 est

82 4177 121 4239 25
136 4153 175 4218 de
190 4152 296 4218 Maria
313 4159 347 4218 et
360 4155 415 4240 qui
431 4155 525 4220 initio
539 4178 558 4220 a
571 4153 662 4219 nobie
680 4153 861 4220 nullatenus
882 4155 1023 4220 diversus
1040 4161 1107 4218 crat
1121 4159 1178 4218 aut
1193 4155 1332 4239 superior

136 4257 191 4320 sed
213 4261 321 4340 postea
342 4257 444 4322 multo
469 4257 632 4323 conamine
657 4257 715 4321 filii
740 4280 856 4323 nomen
880 4257 1074 4344 gloriamque
1096 4256 1237 4322 divinam
1259 4279 1330 4341 pre-

137 4357 269 4422 meritus
291 4363 348 4438 est,
371 4365 595 4446 posteaquam
619 4360 738 4425 scilicet
760 4360 798 4426 de
821 4366 929 4427 ventre
952 4361 1080 4425 exierat.
1131 4359 1239 4444 Igitur
1260 4359 1330 4440 duo,

136 4465 170 4524 te
199 4465 355 4540 censente,
385 4469 461 4526 sunt
488 4461 556 4540 filii,
580 4485 741 4546 novusque
769 4464 845 4528 deus
874 4469 922 4528 est
953 4463 1108 4540 Christus,
1135 4461 1189 4547 qui
1219 4485 1238 4526 a
1263 4461 1331 4530 Deo

137 4564 366 4646 supernaturali
393 4565 509 4630 honore
538 4567 678 4631 adfectus
704 4572 752 4630 est
775 4567 879 4650 magis
902 4565 1062 4651 aliquanto
1080 4587 1174 4650 quam
1197 4563 1332 4650 reliquae
