3296 5138
270 297 328 353 634

667 291 829 352 INDEX
870 290 1057 349 RERUM.

1230 311 1473 351 assumebant

269 474 486 533 Haeretieorum
527 476 614 533 verba
658 475 841 538 subobscura,
893 472 1028 530 Humana
1054 480 1156 530 natura
1179 481 1209 530 et
1231 473 1260 530 in
1282 472 1399 532 Christo
1426 475 1470 531 iu-

306 581 444 648 tauquam
455 572 567 630 Lumen
581 573 737 630 metuentia
748 575 805 630 786
815 589 841 628 a.

270 671 427 729 Haereticis
449 671 613 737 dolendum,
637 688 694 727 non
719 669 842 726 irascen-

308 769 376 826 dum
395 771 485 827 120e
519 769 667 826 veritatem
688 767 842 824 immistam

308 885 367 924 non
381 866 487 924 habent
501 864 533 923 II
548 869 596 924 89.

268 963 485 1022 Haeretieorum
499 964 604 1038 scripta
617 963 729 1021 tabulae
747 980 841 1019 merae

307 1061 345 1119 iii.
362 1065 419 1120 449
455 1062 607 1118 adventum
621 1058 762 1136 praedixit
776 1057 841 1134 Spi·

307 1160 379 1216 ritus
394 1158 516 1216 Sanetus
531 1159 568 1216 iii.
586 1163 653 1217 451.

932 571 1016 627 firma
1031 574 1100 628 392.

894 667 1018 725 Humilis
1032 668 1203 743 demissique
1224 669 1338 744 spiritus
1358 668 1471 726 fruetus

933 765 1113 841 praemiaque
1129 770 1187 824 237
1203 767 1255 823 cd.

894 863 1042 939 Hyssopus
1060 867 1137 922 1067
1153 883 1178 921 e.

1154 1108 1201 1166 IJ

267 1256 522 1314 Hebdomadorum
563 1257 622 1314 sire
658 1255 841 1312 Pentecostes
890 1253 989 1311 Jaoon
1014 1256 1050 1312 ad
1071 1255 1178 1314 fontem
1203 1256 1304 1316 sedens
1323 1256 1468 1326 Christus,

307 1354 412 1412 festum
428 1357 486 1412 206
502 1373 527 1413 o.

267 1452 519 1528 Hierosolymitsni
538 1451 654 1509 Domini
675 1451 764 1508 nostri
786 1450 839 1506 Po-

932 1352 1024 1410 innuit
1045 1351 1084 1411 Se
1099 1353 1188 1412 Israel
1204 1355 1321 1413 omuino
1336 1356 1469 1412 deserere

931 1449 1075 1507 nolentem
1094 1454 1150 1509 177
1166 1451 1194 1508 (1.

306 1551 425 1608 tentiam
451 1550 582 1606 Divinam
605 1549 713 1606 facillus
736 1566 840 1623 agnos-
889 1546 1037 1622 Jejunium
1056 1582 1097 1593 —
1118 1548 1270 1605 Abstinere
1314 1548 1468 1623 aliquando

307 1656 372 1705 cant
396 1651 536 1705 443-445
574 1647 639 1704 fidei
664 1646 767 1721 cupidi,
790 1663 841 1720 per

307 1754 436 1822 pastores
460 1746 562 1820 perditi
588 1745 638 1801 sed
666 1744 841 1819 perditorum

306 1843 347 1900 rei
362 1851 490 1916 pastores
506 1847 563 1900 444
579 1841 632 1901 bc,

267 1939 411 1997 Historiae
425 1939 508 2004 dicta,
523 1958 581 1996 uon
600 1958 711 2013 semper
725 1939 761 1995 ad
775 1957 838 1996 sen-

306 2055 370 2094 sum
392 2036 546 2111 spiritalem
567 2037 723 2102 tractanda,
741 2055 777 2094 ne
791 2038 842 2094 liat

306 2135 434 2192 confusio
450 2138 509 2193 600
525 2134 578 2200 bc,
594 2134 629 2192 of.
646 2138 702 2193 601
720 2134 746 2192 b.

266 2233 391 2290 “Hodie
406 2232 470 2308 Ego
484 2231 571 2308 genui
585 2233 653 2303 Te,”
671 2232 755 2289 hodie
773 2232 839 2306 qnid

306 2331 344 2388 iii:
360 2335 428 2388 444.
606 2335 609 2351 ““
722 2335 724 2341 ”

265 2429 372 2492 Homo,
387 2429 462 2486 vitae
483 2429 582 2503 spiritu
603 2427 726 2503 primurn
743 2429 838 2504 signa-

305 2534 352 2584 tus
367 2529 438 2584 95a
473 2545 506 2583 eo
527 2543 578 2602 per
598 2526 838 2602 trangressionem

305 2623 445 2699 spoliatus
466 2627 504 2681 95
528 2625 545 2681 b
571 2623 711 2680 veundern
740 2624 838 2681 Verbo

305 2739 390 2780 carne
413 2721 498 2786 facto,
521 2721 556 2779 de
577 2739 652 2778 novo
673 2739 724 2796 per
746 2719 837 2795 Ipsius

305 2819 490 2877 Divinitatem
511 2817 603 2876 Darne
625 2819 717 2894 Ipsius
741 2819 837 2875 minis·

304 2924 399 2973 trente
423 2915 525 2990 accipit
553 2919 591 2973 95
612 2916 688 2973 bod
740 2917 836 2974 Homo

304 3013 397 3071 factm
412 3013 498 3078 Dens,
512 3031 565 3070 nos
580 3013 648 3070 deos
661 3014 729 3071 facit
742 3017 781 3072 97
797 3031 822 3072 a.

265 3109 361 3170 Homo
373 3129 409 3168 ex
418 3111 527 3168 duobus
538 3110 710 3187 compositus
719 3131 770 3187 per
778 3112 836 3169 duo

305 3217 497 3285 regeneratur,
521 3227 571 3284 per
590 3208 726 3282 Spiritum
751 3209 834 3286 spiri·

302 3316 360 3372 tus,
394 3323 447 3380 per
487 3323 587 3379 aquam
630 3305 835 3363 sanctificatum

304 3422 408 3478 corpus
425 3405 482 3459 147
497 3419 513 3458 o
543 3419 607 3458 eum
629 3401 744 3458 homine
758 3411 835 3460 oom-

303 3507 419 3576 paratur
437 3516 495 3554 non
512 3498 666 3554 secundum
685 3501 834 3557 essentiam

304 3597 354 3654 sed
369 3595 523 3653 secundum
538 3594 693 3653 adventitia
708 3599 766 3655 849
781 3616 807 3655 a.

264 3696 453 3753 Hora-non
466 3693 545 3750 horis
566 3693 617 3751 sed
630 3692 694 3751 Deo
709 3695 836 3769 subjecta

302 3801 402 3850 nostra
411 3791 476 3848 453’
498 3793 517 3822 “
526 3791 665 3848 Nondum
676 3792 754 3849 venit
766 3794 837 3852 bora

303 3892 369 3947 Mea
377 3889 393 3911 '’
409 3889 444 3946 de
454 3887 681 3946 manifestatione
692 3883 752 3947 Sua
765 3887 836 3949 dixit

303 3987 446 4045 Dominus
461 3985 554 4043 468b
590 3983 670 4043 Hora
691 3985 719 4043 in
738 3985 834 4064 Scrip-

302 4086 374 4143 turis
402 4083 507 4141 sanctis
534 4092 646 4158 tempus
670 4085 773 4160 cuique
794 4087 835 4144 rei
854 4092 856 4101 '

302 4183 436 4240 idoneum
451 4184 509 4239 458
525 4200 548 4251 e,
565 4185 624 4239 459
639 4201 664 4238 a,

263 4280 356 4338 Horto
370 4280 409 4346 in,
425 4297 525 4353 passus
540 4278 671 4337 Christus
688 4283 762 4339 1011
780 4280 835 4338 bc.

262 4375 457 4453 Hospitalitas,
485 4395 537 4450 per
564 4395 650 4452 quam
681 4377 835 4435 amicitiam

302 4491 452 4550 supernam
467 4491 561 4532 emere
575 4474 640 4532 licet
655 4477 713 4532 275
729 4493 754 4531 c.

932 1646 1000 1703 utile
1029 1665 1066 1704 ne
1096 1665 1149 1702 nos
1177 1648 1292 1703 vincant
1320 1645 1468 1721 passiones

932 1751 1046 1799 nostrae
1056 1743 1088 1800 M
1100 1746 1137 1801 46
1152 1739 1193 1821 [p.
1205 1743 1289 1820 246],
1302 1744 1337 1800 cl.
1347 1743 1383 1799 iil.
1397 1747 1467 1802 596.

890 1841 1046 1898 Jerusalem
1066 1841 1249 1899 tabernacula
1270 1861 1327 1899 nou
1348 1841 1468 1898 mobilia

932 1939 1001 2014 quid
1016 1943 1073 1997 428
1089 1958 1113 1996 c.

891 2035 911 2094 J
912 2055 984 2094 usus
995 2036 1160 2112 proficiebat
1168 2037 1306 2112 sapientia
1317 2045 1345 2094 et
1354 2037 1464 2112 gratia;

930 2154 987 2192 non
1009 2135 1136 2192 Verbum
1159 2153 1271 2210 semper
1293 2123 1464 2200 Perfectum,

932 2251 984 2290 nec
1012 2233 1148 2307 protioere
1181 2233 1281 2298 sciens,
1313 2232 1363 2289 sed
1398 2231 1466 2307 quia

930 2329 1110 2387 manifestata
1133 2337 1177 2387 est
1200 2329 1292 2405 magis
1316 2330 1465 2404 magisque

932 2427 1092 2485 hominibus
1114 2447 1199 2502 opera
1222 2427 1293 2502 Ejus
1318 2429 1357 2485 96
1379 2427 1423 2484 bis
1445 2428 1465 2485 d

931 2525 967 2582 ab
989 2525 1023 2581 iis
1048 2525 1095 2599 qui
1124 2524 1151 2581 in
1173 2525 1352 2600 voluptatum
1374 2525 1463 2582 fluctu

929 2623 1083 2680 volvuntur
1096 2641 1153 2679 nou
1164 2622 1264 2686 aberit,
1274 2622 1325 2679 sed
1338 2609 1463 2679 olaman-

929 2720 1005 2777 tibus
1019 2721 1113 2778 veniet
1128 2723 1184 2778 291
1202 2738 1228 2780 a.

889 2821 905 2849 “
917 2817 1095 2874 Jesusvita”
1108 2811 1179 2892 q'u'ae
1190 2817 1224 2874 M
1234 2821 1273 2876 95
1285 2819 1332 2876 fin.
1359 2836 1462 2875 nomen

929 2933 1035 2972 novum
1049 2914 1086 2972 iii.
1098 2918 1157 2973 403
1186 2915 1299 2990 quando
1313 2915 1410 2972 datum
1424 2915 1462 2974 111.

930 3016 999 3071 514.
1115 3015 1118 3024 ’

889 3111 969 3186 Ignis
990 3125 1072 3169 urere
1092 3131 1150 3169 non
1171 3119 1263 3169 cessat
1285 3131 1337 3170 uec
1355 3111 1459 3186 asapi·

929 3208 1020 3266 entiae
1034 3209 1116 3266 factis
1129 3209 1271 3283 Sapientia
1288 3212 1344 3267 177
1360 3229 1384 3266 a.
1430 3195 1433 3202 ’

889 3305 1025 3382 “Ignem
1047 3307 1112 3364 veni
1136 3306 1248 3363 mittere
1273 3295 1426 3364 interram
1443 3306 1460 3328 '²

931 3407 987 3462 192
1003 3423 1028 3462 a.

887 3501 969 3577 Ignis
987 3501 1023 3559 de
1037 3495 1098 3557 Deo
1114 3505 1172 3559 258
1187 3500 1206 3556 b
1241 3502 1384 3576 quomodo
1406 3501 1460 3559 Dei

927 3597 1114 3673 praesentiam
1129 3598 1278 3655 adumbret
1293 3599 1362 3657 780.

888 3695 968 3772 Ignis
1000 3695 1085 3771 lignis
1114 3715 1144 3753 se
1177 3695 1342 3762 immittens,
1371 3716 1460 3772 eaque

927 3802 1062 3868 tanquam
1073 3791 1102 3850 in
1117 3811 1147 3850 se
1159 3791 1360 3862 transmutans,
1369 3793 1460 3853 'Verbi

927 3889 1093 3949 humilitatis
1114 3898 1228 3949 nostrae
1249 3910 1351 3967 eorpus
1372 3891 1460 3950 vivifi-

927 3989 1018 4046 cantis
1032 3997 1116 4064 typus
1131 3991 1169 4046 95
1184 4008 1209 4046 o.

886 4085 966 4162 Ignis
995 4087 1126 4162 calorque
1148 4087 1211 4162 ejus
1235 4097 1320 4163 typus
1341 4087 1404 4146 Filii
1428 4087 1459 4145 in

927 4183 1012 4241 Patre
1027 4184 1175 4242 existentis
1192 4187 1258 4244 128.

886 4281 965 4357 ignis
986 4281 1110 4340 calorem
1132 4302 1214 4340 suum
1239 4302 1328 4360 aquae
1352 4284 1458 4359 Imper-

926 4379 1007 4444 tiens,
1029 4389 1115 4457 typus
1137 4379 1260 4457 Spiritus
1288 4383 1317 4439 in
1346 4380 1460 4456 Baptis-

927 4485 1003 4534 mate
1036 4478 1209 4553 operationis
1235 4480 1331 4536 14711
1364 4483 1458 4555 'typus
