3268 5130
135 349 178 414 ix.
196 371 223 416 1.
388 351 441 417 IN
467 351 727 418 EPISTOLAM
753 351 817 416 AD
844 351 1079 418 ROMANOS.
1269 350 1369 518 223[
1425 451 1485 518 M]

1382 465 1412 515 3³
1457 491 1463 502 ·

141 638 318 704 Ἀλήθειαν
346 637 433 713 λὲτω
459 639 494 704 ὲν
522 640 659 728 Χριστῷ,
687 638 724 702 οὐ
752 638 926 723 ψεύδομαι,
953 639 1241 728 συμμορτυρούσιις
1267 661 1322 715 μοι
1348 658 1426 736 Κεφ,
1443 652 1482 718 θ’,

532 770 592 830 τῆς
619 763 836 832 συνειδήσεώς
863 786 936 842 μου.
1351 785 1442 844 ςυηη.

190 950 415 1035 Ἀπόλεκτον
446 952 513 1055 μὲν
543 956 691 1035 ἐποιεῖτο
724 951 818 1037 θεὸς
848 957 885 1033 ἐν
915 957 1041 1059 ἀρχαῖς
1072 952 1136 1034 τδν
1167 951 1333 1056 Ἰσραὴλ,

135 1077 194 1155 καὶ
225 1076 269 1176 δὴ
298 1079 356 1157 καὶ
386 1075 615 1181 πρωτότοκον
645 1076 754 1156 αὑτὸν
784 1077 967 1158 ἀπεκάλει·
1009 1077 1111 1157 ἀλλά
1138 1077 1333 1180 γεγόνασιν
1348 1092 1427 1144 Ειοο.
1443 1095 1476 1142 iv.

578 1197 801 1231 κκὶν
914 1200 1041 1228 τι
1350 1173 1389 1209 ²²¹

103 1199 306 1303 5ἀλαζόνες
334 1204 391 1281 καί
422 1203 602 1306 ὕβρισται,
626 1235 683 1280 και
707 1234 750 1278 το
778 1235 829 1279 ετι
860 1236 996 1281 τουτων
1023 1199 1182 1280 επέκεινα
1212 1235 1330 1303 κυριο-

135 1321 267 1405 κτόνοι·
298 1325 465 1432 ταότητοι
488 1324 702 1422 διολώλασι,
729 1323 903 1427 γεγόνασι
928 1324 1000 1427 γὰρ
1021 1321 1249 1421 ἀπόπεμπτοι
1278 1327 1336 1404 καὶ

135 1447 384 1554 ε’ξεῤῥιμμένοι,
404 1453 462 1530 καὶ
490 1453 553 1549 τῆς
579 1445 669 1551 πρὸς
687 1448 782 1528 Θεὸν
811 1447 1021 1547 οἰκειότητος
1049 1453 1097 1531 είς
1121 1445 1218 1528 ἅπαν
1244 1451 1332 1526 ὠλι-

135 1571 322 1671 σθηκότες,
340 1572 510 1652 τέθεινται
528 1571 680 1652 κατόπιν
698 1575 819 1654 ἐθνῶν·
845 1570 1029 1677 πεφήνασι
1048 1569 1086 1650 δὲ
1106 1574 1244 1669 καὶτῆς
1263 1578 1335 1650 τῶν

134 1696 300 1796 πατέρων
323 1697 469 1798 ἐλπίδος
494 1693 693 1799 ἀλλότριοι.
733 1694 916 1796 ἐπειδὴδὲ
943 1697 963 1775 ὁ
989 1694 1161 1796 μακάριος
1186 1699 1334 1778 Παῦλος

83 1851 121 1890 10
135 1824 208 1897 τῶν
236 1820 339 1900 θείων
369 1821 588 1922 εὐαγγελίων
616 1818 764 1901 τέθειται
796 1817 1013 1923 λειτουργὸς,
1041 1821 1100 1898 καὶ
1134 1816 1333 1922 διεκήρυττε

134 1949 208 2026 τοῖς
236 1943 376 2023 ἔθνεσιν
393 1942 456 2024 τὸν
477 1944 633 2043 Ἰησοῦν,
653 1942 726 2024 ἀνω
751 1978 790 2024 τε
819 1947 877 2024 καὶ
902 1942 997 2024 κάτω
1020 1940 1103 2027 τοὺς
1121 1942 1166 2049 ἐξ
1185 1943 1333 2041 αἵματος

134 2065 290 2167 Ἰσραὴλ
310 2067 602 2148 ἀποπεπτωκέναι
630 2066 758 2169 λε’γων,
778 2071 835 2147 καὶ
859 2064 941 2152 τοῦς
961 2069 1000 2147 ἐν
1017 2066 1140 2174 σκότῳ
1158 2065 1246 2146 ποτὲ
1274 2073 1333 2146 καὶ

134 2194 208 2267 τῶν
232 2191 422 2286 δαιμονίων
441 2191 657 2293 θεραπευτὰς
680 2190 833 2290 κλητοὺς
856 2192 1024 2295 γενέσθαι
1050 2190 1140 2270 κατὰ
1157 2189 1333 2293 πρόθεσιν

134 2315 194 2392 καί
221 2311 431 2415 πρόγνωσιν
458 2320 553 2394 Θεοῦ
580 2313 890 2419 διισχυριᾷίμενος,
909 2315 966 2394 ἵνα
993 2314 1044 2414 μή
1072 2348 1163 2397 τινες
1190 2314 1332 2393 οἴωνται

82 2471 119 2528 τ5
134 2440 208 2514 τῶν
235 2435 488 2540 ἀμαθεστέρων
511 2442 700 2542 μονονουχὶ
726 2437 895 2538 κειμένοις
924 2439 982 2519 καὶ
1010 2436 1230 2516 ἐνάλλεσθαι
1257 2446 1332 2520 τοῖς

134 2561 173 2638 ἐκ
190 2558 312 2660 γε’νους
331 2559 450 2654 αὐτὸν,
471 2565 529 2641 καὶ
545 2570 724 2643 πεσοῦσιν
742 2565 947 2660 ἐπιμειδιᾶν,
966 2561 1162 2663 ἀναγκαίαν
1181 2568 1332 2641 ποιεῖται

134 2683 201 2782 τὴν
223 2685 425 2786 ἀπολογιάν
443 2688 503 2763 καί
528 2691 644 2790 φησιν
661 2685 834 2780 Ἀλήθειαν
857 2683 952 2788 λέγω
971 2685 1000 2765 ἐν
1020 2682 1161 2790 Χριστῷ,
1183 2689 1215 2762 οῦ
1234 2677 1327 2791 κρεό-

135 2803 257 2908 δομυιι,
288 2810 347 2887 καὶ
373 2806 419 2887 τά
447 2811 464 2888 ε’
493 2813 541 2893 ⁶5·-
583 2807 684 2888 ἀλλά
709 2815 784 2893 τοῖς
816 2807 882 2907 μὲν
910 2816 956 2892 είς
984 2815 1090 2888 τοῦτο
1118 2805 1332 2906 σκαιότητος

133 2928 440 3032 ε’κπεφοιτηκόσιν,
452 2935 499 3016 ὡς
517 2935 580 3031 τῆς
597 2937 644 3016 εἰς
660 2931 755 3012 Θεδν
772 2931 915 3036 ἀγάπης
930 2934 1151 3027 ἀπολισθεῖν,
1166 2930 1331 3033 σκληράς

80 3084 120 3125 20
133 3087 173 3134 τε
191 3051 255 3137 τάς
273 3056 330 3135 ἐπὶ
348 3055 462 3162 τούτῳ
481 3053 611 3136 λοιπὸν
628 3059 823 3155 ἀνατλῆναι
843 3057 952 3154 δίκας,
972 3054 1268 3156 ἐπιστυγνοίσειεν
1286 3054 1331 3133 ἀν

131 3203 196 3260 τις·
227 3180 285 3257 καὶ
303 3175 344 3257 τὸ
361 3181 401 3257 ἐκ
418 3181 668 3287 φιλαλληλίας
685 3183 804 3265 αὐτοῖς
822 3180 1015 3287 ἐπιστοίξαι
1037 3177 1190 3278 δάκρυον
1214 3177 1266 3276 είη
1284 3177 1330 3257 ἀν

132 3301 176 3380 οῦ
196 3300 289 3403 πέρα
311 3299 434 3404 λόγου,
458 3302 663 3401 μᾶλλονδὲ
686 3308 749 3403 τῆς
772 3301 913 3406 ἀγάπης
939 3303 1006 3403 τὴν
1027 3300 1220 3406 πλήρωσιν
1246 3303 1327 3407 ἔχει·

131 3421 239 3527 τόγε
266 3425 310 3526 δὴ
336 3431 394 3505 καὶ
420 3424 499 3534 ὑπὲρ
517 3427 634 3507 αάτῶν
652 3427 807 3533 ἀνυλθεμω
836 3425 953 3507 θέλειν
981 3424 1061 3507 εἶναι
1086 3424 1157 3507 ἀπὶ
1177 3429 1327 3534 Χριστοῦ,

131 3549 272 3652 με’τρων
295 3547 453 3629 ἐπέκεινα
475 3556 548 3629 τῶν
570 3549 713 3651 ἀγάπης
737 3549 876 3631 λοιπόν·
905 3551 946 3630 οῦ
974 3549 1045 3654 γάρ
1066 3547 1113 3628 ἀν
1132 3547 1249 3629 ἕλοιτό
1275 3584 1329 3634 τις

76 3695 118 3756 ²5
132 3671 230 3773 ε’ίπερ
258 3673 357 3752 ἐστὶν
383 3673 422 3751 ἐν
451 3677 553 3781 καλῷ
582 3673 724 3778 φρενὸς,
753 3679 817 3774 τῆς
854 3673 981 3777 ε’τίρων
1014 3673 1114 3752 ἕνεκα
1147 3675 1329 3775 σωτηρίας

130 3793 369 3898 προσκρούειν
388 3800 482 3904 θεῷ,
507 3799 564 3876 καὶ
592 3803 773 3877 ποιεῖσθαι
799 3796 865 3896 μὲν
883 3799 966 3900 παρ’
996 3794 1098 3877 οῦδὲν
1120 3793 1185 3895 τὴν
1203 3797 1329 3875 ἑαυτοῦ

130 3917 234 4022 ζωὴν,
253 3918 381 4022 ἑτέροις
399 3917 514 4021 γεμὴν
531 3920 573 4000 τὸ
592 3924 714 4026 χρῆμα
729 3923 852 4001 ε’νεῖναι
870 3921 975 4002 ἑλεῖν.

166 4199 193 4253 3.
214 4182 271 4238 Ine.
290 4184 376 4239 Πάλιν
396 4183 424 4238 δὲ
445 4184 541 4239 ἀνωθεν
562 4185 623 4240 καθ’
644 4185 735 4257 ε’τίρον
756 4185 882 4254 ἐπιβολὴν
902 4185 962 4253 περὶ
982 4189 1033 4238 τῶν
1053 4181 1191 4252 εἰρημένων
1210 4179 1329 4250 ε’ίπωμεν.

129 4253 275 4310 ἀπόλεκτον
287 4254 321 4309 A.
421 4273 448 4323 4.
466 4257 508 4308 καὶ
520 4257 564 4308 alt.
578 4273 632 4310 om.
646 4257 681 4311 A.
782 4273 823 4324 14.
842 4254 943 4310 οἴωνται
955 4256 990 4309 A.
1004 4254 1107 4323 Migne.
1119 4252 1215 4306 οἶοντιιι
1229 4251 1262 4306 Β.
1277 4252 1329 4308 Ed.

134 4325 176 4379 18.
196 4322 360 4396 σκαιότητος]
377 4332 407 4389 -Ι-
421 4327 518 4393 τρθπον
532 4325 564 4381 Β.
578 4325 631 4381 Ed.
821 4342 864 4382 νο.
884 4325 966 4396 τούτῳ
979 4326 1014 4379 A.
1026 4328 1102 4379 τοῦτο
1115 4323 1166 4377 Ed.
1220 4322 1329 4380 &tumet

130 4395 225 4450 λοιπὸν
236 4396 305 4450 inter
317 4414 346 4450 ας
352 4397 507 4466 'transponit
520 4395 553 4450 A.
738 4413 781 4452 τα.
800 4397 855 4468 ἔχει
867 4397 914 4465 την
924 4395 1061 4466 πλήρωσιν
1072 4395 1177 4449 inverso
1189 4393 1282 4448 ordine
1294 4395 1329 4449 A.

132 4481 177 4589 οη.
195 4463 326 4590 nm?
338 4466 370 4536 δὴ
383 4465 417 4520 A.
459 4465 555 4607 Ίθίλᾷιγ
566 4465 680 4592 gudoino
693 4467 798 4524 inverso
810 4467 903 4522 ordine
917 4468 949 4523 A.
1053 4481 1096 4534 24.
1114 4467 1160 4534 τῆς
1172 4483 1220 4536 ρτο
1232 4471 1283 4520 τῶν
1295 4467 1329 4520 A.

133 4552 273 4591 namu
312 4576 320 4591 .
441 4553 567 4592 2.εεα
585 4559 611 4591 ιιι
651 4577 658 4592 .
