3268 5130
132 359 177 424 xi.
191 362 241 440 26,
258 363 308 430 αδ.
391 363 444 429 IN
470 364 729 430 EPISTOLAM
756 367 818 431 AD
846 366 1079 432 ROMANOS.
1267 365 1330 430 243

131 527 308 633 57⁰5?ch
335 527 396 608 τῶν
421 525 529 623 ε’θνιῖις
560 531 645 608 ἀλλ’
665 527 745 610 οὐδέ
772 533 845 615 πῖιτ
864 527 1001 636 Ἰτριθιλ
1021 529 1215 627 σωθήσεται,
1233 530 1329 632 ε’ίπερ
1357 467 1411 532 [⁴³
1424 465 1486 530 A]

132 652 234 728 ἐστίν
251 649 384 750 ἀληθές
402 650 456 731 ὅτι
473 651 537 732 τὸν
554 655 618 750 τῆς
636 652 784 750 ἀνομίας
805 650 881 732 υίδν
898 652 1159 759 παραδέξονται
1185 658 1217 734 οἱ
1235 653 1448 733 'Iov-4411.

132 775 236 871 δαΐοι,
253 778 317 871 τῆς
335 778 384 858 είς
401 774 565 878 Χριστὸν
583 772 726 877 ἀγάπης
742 773 980 879 ἠφειδηκότες·
1008 785 1114 856 τοῦτο
1132 776 1203 880 γὰρ
1222 775 1329 860 αὐτὸς

131 893 292 1000 ἔφασκεν
310 906 333 944 “
350 897 448 1000 Ἐγὼ
467 898 626 998 ἐλήλυθα
642 900 681 1000 ἐν
699 903 750 1005 τῷ
767 898 914 996 ὀνόματι
931 907 995 978 τοῦ
1013 900 1149 1002 πατρός
1166 934 1247 999 μου,
1266 905 1325 979 καὶ
1341 920 1449 970 S-Joan·
1460 935 1484 969 v·

100 1045 118 1106 5
134 1029 157 1066 “
174 1019 217 1097 οὐ
234 1018 512 1119 λαμβοίνετέμε·
548 1020 609 1100 ἐὰν
627 1020 745 1104 ἀλλος
763 1016 854 1125 ἔλθη
873 1022 912 1099 ἐν
930 1024 980 1128 τῷ
999 1021 1145 1118 ὀνόματι
1163 1028 1215 1130 τῷ
1234 1023 1324 1130 ίδίτρ,
1340 999 1381 1048 43·

134 1151 157 1188 ‘⁴
174 1143 304 1222 ἐκεῖνον
331 1142 536 1249 λήψεσθε·”
575 1145 633 1222 καὶ
660 1144 680 1221 ὁ
708 1142 920 1245 σοφώτατος
941 1147 1090 1229 Παῦλος
1117 1156 1139 1192 “
1156 1143 1250 1224 Ἀνθ’
1277 1142 1328 1223 ὧν
1343 1156 1486 1271 23ss³·ss-

135 1273 156 1311 “
173 1261 239 1363 τὴν
266 1263 410 1368 ἀγάπην
437 1270 501 1366 τῆς
530 1265 698 1365 ἀληθείας
730 1266 793 1345 οὐκ
821 1265 987 1370 ἐδέξαντο
1016 1271 1065 1350 εἷς
1096 1265 1137 1346 τὸ
1166 1273 1328 1365 σωθῆναι
1375 1259 1381 1280 ’
1424 1258 1430 1270 ’

135 1399 157 1436 “
175 1389 315 1473 αι’ποθς·
356 1389 416 1469 διὰ
436 1397 541 1469 τοῦτο
561 1387 691 1484 πέμπει
707 1389 825 1472 αὐτοῖς
844 1389 863 1468 ὁ
883 1387 977 1472 Θεὸς
995 1388 1170 1492 ἐνέργειαν
1188 1389 1329 1490 πλάνης

136 1523 157 1558 “
176 1518 224 1596 είς
243 1512 285 1592 τὸ
303 1520 497 1594 πιστεῦσαι
522 1510 649 1595 αὐτοὺς
666 1519 717 1620 τῷ
736 1509 897 1616 φειίδει.”
934 1512 972 1591 τί
993 1513 1056 1592 οὖν
1075 1514 1222 1617 ἐροῦμεν
1238 1513 1329 1616 πρὸς

84 1654 121 1693 ¹0
135 1644 265 1730 τοῦτο;
295 1634 423 1742 φαμὲν,
442 1635 496 1714 ὅτι
515 1640 611 1716 Θεοῦ
628 1635 822 1736 προθέντος
841 1635 1112 1738 ἀδιαφθονήτως
1129 1633 1246 1716 ἅπασι
1262 1637 1329 1736 τὴν

134 1759 194 1838 διὰ
224 1759 382 1842 πίστεως
410 1757 525 1863 χάριν,
555 1759 775 1864 ἐξείργοντος
807 1757 844 1838 δέ
875 1766 1061 1856 παντελῶς
1092 1760 1227 1858 οὐδένα,
1252 1769 1329 1845 πῶς

134 1883 199 1961 οὐκ
217 1882 406 1982 εἰσβέβηκε
425 1881 461 1961 τλ
479 1884 651 1988 πλήρωμα
669 1881 730 1961 τάν
747 1880 844 1978 ἑθιιῖν,
863 1880 904 1961 τό
930 1916 972 1983 γε
996 1882 1083 1982 ἧκον
1102 1888 1150 1967 εἷς
1169 1892 1253 1964 νοῦν
1271 1887 1329 1966 καὶ

134 2003 277 2084 σκοπὸν
295 2004 358 2084 τὸν
375 2011 439 2084 τοῦ
458 2003 692 2104 κεκληκότος;
723 2005 765 2082 οὐ
783 2001 855 2106 γὰρ
874 2004 907 2083 εί
921 2038 1013 2088 τινες
1032 2007 1191 2086 ἐθελοντὶ
1208 2008 1330 2110 παροί-

135 2133 269 2208 λισθον
297 2131 356 2207 καὶ
386 2132 452 2226 ’τῆς
481 2130 613 2230 δωρεᾶς
643 2125 916 2230 διημαρτήκασι
949 2125 1117 2232 ταύτητοι
1149 2134 1327 2233 κατεψευ-

82 2260 121 2319 ¹5
135 2250 271 2348 σμένον
294 2249 358 2331 τὸν
376 2255 440 2349 τῆς
463 2254 607 2353 γραφῆς
626 2249 824 2353 εὑρήσομεν
848 2249 973 2352 λόγον·
1010 2248 1093 2356 ἐξὸν
1117 2251 1188 2353 γὰρ
1212 2254 1330 2337 αὐτοῖς

135 2379 210 2454 τῶν
239 2373 342 2480 ἅπαξ
369 2373 618 2474 δεδωρημένων
645 2378 874 2476 μεταλαχεΐν,
906 2372 1112 2452 ἐθελούσιον
1139 2375 1218 2453 ἀνθ’
1248 2373 1332 2454 ὅτου

134 2497 344 2597 πεποίηνται
361 2494 426 2597 τὴν
444 2492 674 2593 ἀπόστασινς
713 2496 839 2574 οὐκοῦν
856 2495 948 2575 ὅσον
965 2495 1047 2595 ἧκεν
1065 2500 1113 2579 είς
1130 2493 1331 2598 ἡμερότητα

136 2620 196 2699 καί
218 2619 494 2723 φιλανθρωπίαν
512 2625 577 2696 τοῦ
600 2618 815 2717 κεκληκότος
837 2621 896 2696 καὶ
920 2616 956 2697 τδ
976 2619 1148 2723 πλήρωμα
1166 2619 1225 2698 ταῖν
1244 2617 1331 2699 ἑθιῶν

136 2741 361 2842 είσβέβηκεν,
393 2741 582 2822 σέσωσται
614 2740 653 2820 δέ
689 2743 748 2821 καὶ
785 2737 880 2824 ἅπας
911 2750 926 2822 o‘
956 2746 964 2765 '

83 2884 122 2924 ²0
136 2867 312 2964 ἀκαμπεΐς
335 2863 519 2968 γεγόνασι,
538 2864 704 2970 ταίπητοι
723 2865 780 2943 καὶ
798 2863 971 2967 πώρωσιν
991 2865 1110 2948 αὐτοῖς
1126 2862 1198 2943 ἀπὸ
1214 2863 1330 2972 μέρους

136 2988 304 3089 γενέσθαι
323 2991 427 3094 φησί.

968 2743 1103 2848 Ιτραῆλ·
1142 2741 1261 2840 ἐπειδὴ
1292 2741 1330 2822 δὲ

315 3219 428 3286 Καθὼο
456 3219 629 3307 τέτραπται
652 3219 747 3286 Ἥξει
774 3220 811 3283 ἐκ
838 3217 926 3284 Σιὼν
953 3220 971 3287 ὁ
998 3219 1166 3307 ῥυόμενος.
1346 3233 1383 3289 τό

187 3381 277 3462 Ὅτι
310 3382 437 3482 μέλλει
466 3379 645 3485 σιτίζεσθαι
676 3385 735 3461 καὶ
765 3382 785 3459 ὁ
815 3379 1024 3481 ἀπόβλητος
1054 3380 1209 3484 Ἰσραὴλ
1239 3381 1331 3461 κατὰ

138 3504 293 3609 καιροὺς,
316 3511 461 3599 βεβαιοῖ
483 3503 530 3584 τὰ
557 3509 620 3603 τῆς
635 3504 808 3602 ἐλπίδος,
840 3503 965 3604 λόγιον
991 3508 1195 3608 παρατιθεὶς
1223 3503 1329 3607 ἱερόν·

85 3677 100 3716 2
105 3673 123 3732 5
137 3627 347 3728 σωθήσεται
365 3627 437 3730 γὰρ
454 3625 545 3708 κατὰ
563 3625 704 3730 καιροὺς
722 3628 742 3706 ὁ
760 3626 925 3730 Ἰσραὴλ,
943 3627 1096 3732 ἔσχατος
1113 3627 1332 3726 καλούμενος

135 3751 229 3851 μετὰ
246 3749 312 3851 τὴν
331 3757 402 3831 τῶν
420 3750 464 3858 ἐξ
478 3752 589 3832 ἐθνῶν
607 3755 751 3849 κλῆσιν.

575 3980 704 4071 Ἐχθροὶ
732 3981 769 4047 δι’
801 3982 893 4057 ὑμᾱο.
1346 3988 1382 4043 τ3

187 4147 313 4230 Ὅσον
344 4146 410 4247 μέν
446 4148 508 4227 οὖν
544 4146 626 4247 ἧκεν
655 4152 704 4231 είς
739 4143 781 4225 τὸ
812 4143 977 4248 κήρυγμα
1013 4144 1055 4224 τὸ
1087 4141 1330 4245 εὐογγελικδν,

175 4380 200 4419 2.
220 4364 244 4417 οΙ
256 4381 310 4418 om.
323 4362 357 4418 A.
535 4376 561 4431 5.
580 4363 609 4418 ἐν
619 4365 655 4434 τῷ
668 4361 751 4433 οίκείφ
763 4361 867 4430 ὀνόματι
880 4360 915 4415 A.
1081 4359 1107 4414 8.
1124 4358 1175 4428 πίμ
1215 4357 1271 4414 ιΑ.
1284 4358 1332 4415 sed

135 4435 173 4490 cf.
185 4435 215 4488 in
229 4431 258 4487 S.
268 4433 347 4488 Joan.
361 4433 412 4488 262
425 4433 452 4490 b.
662 4450 688 4502 9.
707 4431 753 4487 οὖν
763 4449 818 4486 om.
832 4433 865 4486 A.
1075 4447 1115 4484 το.
1133 4429 1173 4501 ἀφ
1191 4428 1285 4498 ονητως
1299 4431 1332 4484 A.

139 4522 182 4576 13.
200 4505 247 4558 τὸν
258 4519 312 4558 om.
325 4504 359 4558 A.
547 4517 588 4573 15.
607 4501 750 4574 εὑρήσουσι
761 4505 796 4557 A.
983 4513 1026 4570 τη.
1047 4499 1107 4555 Hoc
1121 4499 1241 4556 scholion
1254 4500 1333 4557 nobis

138 4573 294 4647 suppeditat
309 4574 331 4628 A
344 4592 371 4644 p.
384 4587 446 4645 503.

707 4675 719 4715 1
738 4677 748 4716 ι
766 4673 784 4720 2
