3284 5130
308 265 371 328 150
611 265 649 328 B.
673 263 886 330 CYRILLI
916 264 1209 330 ALEXANDR.
1386 289 1439 331 xx.
1451 265 1502 336 28.

307 437 331 476 ‘⁶
348 429 466 514 αὐτοῖς
502 430 555 511 Τί
586 431 841 534 τεταραγμένοι
875 429 973 527 ε’στέ,
1012 433 1070 510 καὶ
1106 430 1164 510 διὰ
1201 430 1239 509 τί
1272 433 1503 530 διαλογισμοὶ

277 563 329 611 ⁰“
347 553 605 647 ἀναβαίνουσιν
623 557 661 633 ἐν
678 561 755 639 ταῖς
774 557 933 656 καρδίαις
953 556 1074 653 ύμῶν;
1106 553 1196 634 ἴδετε
1214 551 1278 638 τάς
1296 550 1416 657 χεῖράς
1433 587 1504 650 μου

307 684 329 721 “
348 678 407 754 καὶ
424 673 507 759 τούς
524 675 639 761 πόδας
662 712 743 773 μου,
762 676 818 756 ότι
841 677 912 779 ἐγώ
934 684 1003 776 εἰμι
1028 675 1146 760 αύτός.
1183 675 1438 785 ψηλαφήσατέ
1459 709 1502 771 με

307 807 329 844 “
347 801 404 876 καὶ
421 798 521 898 ἴδετε,
541 798 595 880 ότι
617 809 757 898 πνεῦμα
776 798 898 904 σάρκα
917 806 974 880 καὶ
995 801 1106 880 ὀστέα
1126 803 1190 880 οὐκ
1208 801 1277 905 ἔχει
1302 798 1418 883 καθὼς
1442 797 1502 898 ἐμὲ

308 930 330 968 “
348 919 504 1024 θεωρεῖτε
540 923 679 1027 έχοντα.
737 927 797 1004 καὶ
832 933 938 1004 τοῦτο
974 923 1082 1004 είπάιν
1118 923 1249 1030 ἔδειξεν
1285 923 1402 1005 αὐτοῖς
1437 920 1534 1014 nont,

307 1053 329 1090 “
348 1051 468 1149 χεῖρας
495 1049 554 1126 καὶ
580 1046 663 1131 τούς
691 1045 815 1130 πόδας.
867 1047 918 1126 ἔτι
948 1048 985 1126 δὲ
1018 1046 1267 1127 ἀπιστούντων
1297 1047 1412 1124 αὐτῶν
1443 1049 1502 1124 καὶ

305 1177 328 1215 “
348 1167 598 1273 θαυμαζόντων
616 1168 689 1250 ἀπὸ
715 1174 780 1269 τῆς
807 1177 921 1275 χαρᾶς
947 1166 1044 1252 εἶπεν
1062 1171 1180 1254 αὐτοῖς
1192 1165 1331 1272 Ἔχετέ
1344 1201 1378 1246 τι
1400 1166 1498 1268 βρά·
1621 1173 1623 1264 4

307 1303 328 1340 “
346 1326 456 1391 σιμον
475 1291 623 1392 ένθάδε;
654 1299 686 1373 οἱ
713 1292 750 1373 δέ
776 1295 956 1374 ἐπέδωκαν
975 1296 1079 1400 αύτῷ,
1099 1297 1224 1398 φησὶν,
1247 1290 1367 1395 ἰχθύος
1389 1292 1501 1371 ὀπτοῦ

307 1426 328 1464 “
346 1416 452 1518 μέρος
471 1421 528 1498 καὶ
545 1417 617 1499 ἀπὸ
636 1418 832 1517 μελισσίου
849 1420 981 1520 κηρίον,
1001 1420 1058 1497 καί
1077 1415 1205 1512 λαθὼν
1218 1415 1367 1495 ε’νιόπιον
1385 1417 1501 1494 αὐτῶν

306 1550 328 1588 “
347 1539 512 1644 έφαγεν.”
551 1544 636 1648 ὁρᾷς
662 1540 759 1624 ὅπως
781 1543 883 1641 ὁτῆς
905 1540 1073 1624 ἀπιστίας
1098 1542 1284 1644 ένδομυχεῖ
1305 1536 1497 1640 λογισμὸς,
1516 1573 1555 1618 ιο

272 1664 370 1744 donn
388 1665 427 1742 έν
444 1663 543 1772 μόνῳ
559 1670 610 1772 τῷ
633 1665 796 1772 μακαρίῳ
814 1669 943 1772 θωμᾷ,
962 1671 1065 1744 νοσεῖ
1085 1662 1122 1744 δὲ
1146 1663 1187 1744 τὸ
1212 1660 1326 1745 πάθος
1349 1665 1407 1742 καὶ
1429 1667 1501 1742 τῶν

306 1787 434 1888 ἑτέρων
457 1793 627 1887 μαθητῶν
647 1790 668 1867 ὁ
692 1796 797 1882 νοῦς;
827 1785 903 1868 ἰδού
928 1785 1000 1890 γὰρ
1025 1785 1102 1866 ἰδού
1129 1789 1186 1866 καὶ
1212 1784 1302 1884 μετὰ
1327 1784 1393 1885 τὴν
1416 1784 1501 1864 θείαν

305 1915 379 1988 τῶν
398 1912 454 1989 έπὶ
477 1917 529 2017 τῷ
550 1916 696 2016 σταυρῷ
722 1909 936 2013 τραυμάτων
960 1912 1281 2013 ὀλιγοπιστοῦντας
1310 1910 1413 2012 όρῶν,
1433 1911 1496 1988 ἀν-

306 2033 461 2112 απείθειν
485 2029 574 2140 ᾤετο
601 2036 674 2113 δεῖν
702 2037 759 2112 καὶ
789 2036 834 2114 δι’
869 2034 988 2136 ἑτέρου
1017 2033 1240 2137 πράγματος,
1270 2034 1345 2113 κατ’
1377 2032 1501 2112 οὐδένα

304 2154 369 2252 μέν
386 2152 521 2259 τρόπον
538 2157 712 2256 πνεύματι
728 2156 937 2259 πρέποντος,
955 2156 1147 2256 ἀνήκοντος
1166 2156 1202 2236 δὲ
1221 2163 1366 2254 μᾶλλον
1385 2160 1499 2238 ίδικῶς
1516 2193 1555 2254 ¹5

303 2285 378 2361 τοῖς
406 2276 477 2359 ἀπὸ
505 2283 572 2380 γῆς
600 2282 749 2380 σώμασι
776 2282 835 2360 καὶ
857 2287 903 2386 τῇ
929 2287 1002 2360 τῶν
1019 2285 1167 2383 σαρκῶν
1185 2279 1307 2386 φύσει.
1347 2276 1498 2377 κατεδή-

304 2405 386 2482 δοκε
407 2400 479 2505 γάρ
496 2401 539 2484 τὸ
563 2403 806 2508 προκομισθέν
824 2404 992 2509 ἰχθύδιον,
1012 2403 1090 2505 ἤτοι
1115 2402 1156 2483 τὸ
1181 2402 1225 2509 ἐξ
1245 2404 1354 2482 αὐτοῦ
1378 2400 1497 2502 μέρος.

304 2525 463 2627 ἀνάγκης
490 2526 527 2608 δὲ
555 2525 679 2631 ὥσπερ
703 2527 808 2633 ἔργον
835 2525 1001 2630 ἑκάτερον
1029 2524 1116 2607 εἶναι
1144 2526 1320 2625 δώσομεν.
1360 2530 1500 2632 φθορᾶς

304 2646 376 2751 γάρ
399 2650 494 2736 ὅλως
516 2651 719 2755 σωζομένης
743 2652 856 2732 ούκέτι
883 2649 973 2748 μετά
1000 2650 1067 2750 τὴν
1084 2649 1287 2730 ἀνάστασιν
1305 2654 1369 2749 τῆς
1396 2649 1501 2751 άγίας

276 2809 294 2853 e
304 2771 469 2872 μάλιστα
491 2773 637 2878 σαρκὸς,
655 2776 797 2878 ἐπείπερ
815 2776 944 2871 ἀνεβίω
962 2775 1053 2879 πρὸς
1077 2774 1295 2880 ἀφθαρσίαν,
1316 2775 1391 2852 ἀλλ
1420 2770 1499 2852 ούδέ
1514 2813 1558 2856 ao

304 2897 441 3001 τροφῆς
460 2902 524 2997 τῆς
543 2894 723 2996 συνήθους
745 2901 933 2997 δεδεῆσθαι
952 2898 1244 2999 πεπιστευμένης,
1263 2895 1423 3000 καθάπερ
1442 2898 1500 2974 καὶ

304 3018 489 3122 πρότερον,
507 3019 639 3103 πίπους
662 3021 761 3121 ἥλων
777 3020 942 3128 ἐπέδειξε,
961 3025 1019 3102 καὶ
1044 3024 1181 3128 τροφῆς
1204 3026 1418 3124 μεταλαχεΐν
1436 3019 1501 3099 οὐκ

305 3141 500 3241 ἀνένευσεν,
524 3144 582 3223 ἵνα
605 3143 647 3224 τὸ
672 3143 765 3247 μέγα
790 3149 854 3243 της
878 3144 1112 3229 ἀναστάσεως
1133 3143 1268 3248 ῥιζώσῃ
1292 3144 1501 3245 μυστήριον,

306 3267 365 3346 καὶ
392 3265 457 3365 τὴν
483 3268 541 3347 ἐπὶ
570 3267 685 3374 τούτιρ
712 3267 837 3348 πίστιν
864 3275 941 3351 ταῖς
969 3267 1139 3348 ἀπάντων
1165 3267 1265 3366 ἡμῶν
1292 3264 1500 3373 ε’μφυτεύσῃ

305 3393 453 3494 ψυχαῖς.
493 3390 673 3495 ἐργάζεται
700 3390 737 3471 δέ
759 3388 804 3470 τά
828 3395 892 3490 της
914 3397 987 3470 τῶν
1004 3391 1215 3490 πνευμάτων
1232 3390 1378 3495 φύσεως
1404 3423 1496 3472 παν·
1514 3429 1558 3492 ²⁵

305 3519 417 3596 τελῶς
450 3512 638 3616 ἀλλότρια.
688 3514 792 3594 τύποι
825 3513 897 3619 γάρ
931 3516 1041 3618 ἥλων,
1071 3517 1129 3594 καὶ
1157 3511 1371 3616 τραυμάτων
1406 3512 1500 3617 ἴχνη,

305 3637 364 3714 καὶ
391 3639 528 3742 τροφῆς
555 3637 696 3747 μέθεξις
722 3642 939 3736 σωματικῆς,
958 3637 1070 3718 πόθεν
1089 3635 1134 3717 ἀν
1161 3635 1186 3737 ἢ
1209 3641 1286 3718 πῶς
1307 3637 1500 3740 ἐνυπάρχοι

304 3757 478 3858 πνεύματι
497 3766 622 3868 γυμνῷ
639 3795 679 3841 τε
695 3760 907 3842 παντάπασι
935 3764 993 3842 καὶ
1021 3758 1249 3868 ἀσυμπλόκιρ
1267 3762 1387 3862 σαρκὶ,
1409 3754 1501 3864 ᾗπερ

136 3879 349 3963 Ilounon
376 3882 506 3988 πρέποι
534 3882 625 3965 κατά
650 3921 693 3988 γε
713 3882 907 3990 τὸνλόγον
926 3890 989 3987 τῆς
1018 3886 1107 3970 ἰδίας
1134 3883 1279 3992 φύσεως
1308 3880 1434 3963 καὶτὸ
1461 3883 1502 3960 έν

304 4005 442 4092 τούτοις
473 4009 638 4109 γίνεσθαι
668 4017 815 4115 φιλεῖν;
858 4012 985 4090 οὐκοῦν
1018 4009 1077 4088 ἵνα
1107 4007 1157 4108 μὴ
1190 4014 1329 4105 πνεῦμα
1367 4003 1501 4087 λεπτὸν
1516 4047 1561 4112 3⁶

305 4131 449 4212 οἵωνταί
477 4167 568 4218 τινες
600 4133 788 4236 ε’γηγέρθαι
818 4131 881 4212 τὸν
914 4131 1058 4236 Κύριον,
1090 4129 1177 4232 μήτε
1210 4129 1282 4231 μὴν
1314 4131 1502 4237 ἀνέπαφον

343 4295 438 4376 ι8-η,
460 4311 519 4364 ι5ι,
539 4314 556 4363 4
574 4295 637 4350 citat
656 4293 775 4350 collectio
792 4293 1006 4348 testimoniorum
1025 4291 1131 4374 βγήαοο
1149 4309 1232 4364 snpra
1249 4291 1323 4348 nino
1342 4290 1410 4346 Οοδ.
1425 4289 1501 4348 Mus.

301 4363 373 4458 ΙΒιτιι.
388 4363 470 4434 (Add.
487 4366 583 4488 14532)
598 4366 644 4419 fol.
657 4365 692 4431 46
705 4383 730 4418 ν.
750 4381 854 4418 necnon
867 4362 901 4420 nd
914 4379 969 4418 ver.
983 4363 1098 4436 251nsra
1111 4362 1225 4418 Severus
1240 4371 1332 4417 contra
1347 4361 1365 4416 J
1369 4363 1449 4415 uhnn.
1467 4379 1500 4451 ox

307 4431 382 4575 11331,
383 4433 481 4560 ffldffi
476 4436 539 4576 ἐμὲ
553 4433 687 4506 d.12158)
700 4435 748 4494 fol.
760 4451 810 4506 ¹²4
821 4451 848 4492 v.
1011 4449 1053 4504 24.
1073 4434 1120 4504 τὴν
1131 4441 1301 4505 assumptum
1315 4449 1347 4487 ex
1362 4432 1394 4488 E.
1448 4453 1503 4490 ταν
