3268 5130
158 447 172 516 [
206 444 270 512 Μ]
304 347 368 414 178
470 345 1018 415 B.cYR1LL1ALEXANDR.
1045 341 1330 409 FRAGMENTA
1390 335 1435 403 iii.
1449 356 1506 404 21.

171 461 195 497 ·2
239 483 246 498 ·

305 521 328 559 ‘⁶
344 509 497 597 ἕκαστος
523 510 614 616 πρὸς
637 510 700 593 τῦν
726 511 888 611 πλησίον
915 511 1034 590 αὑτοῦ·
1073 511 1132 588 καὶ
1159 503 1345 611 προσέσχε
1369 503 1508 606 Κύριος

306 645 329 684 “
347 638 406 715 καὶ
435 635 661 737 είοήκουσε.”
707 633 838 735 ταύτης
870 633 981 729 ἕνεκα,
1014 633 1120 739 φησὶ,
1150 635 1214 730 τῆς
1246 631 1359 714 αἰτίας
1388 623 1507 736 ᾤοντό

210 788 295 846 ΒΗ,
307 792 398 843 τινες
422 758 503 843 τούς
528 760 700 842 ῖουδαίους
724 759 842 860 λε’γειν
862 757 1054 862 Ποιήσωμεν
1074 757 1122 836 τῖι
1149 751 1249 835 κακῦι
1275 751 1331 833 ἰ’να
1356 749 1431 866 ἔλθη
1456 745 1510 828 τὶ

307 881 441 985 ἀγαθά·
488 877 606 964 ἔνδικον
642 880 757 986 γεμὴν
794 880 830 962 τῖι
865 883 973 989 κρῖμα
1009 876 1134 976 εἰπὼν,
1168 879 1191 980 ἢ
1230 883 1303 959 τῶν
1339 873 1510 958 ῖουδαίοις

308 1007 591 1112 ἐπιφημιζῖιντων
615 1009 741 1102 ἐκεῖνα,
762 1004 875 1108 ἤγουν
891 1011 964 1084 τῦν
983 1001 1101 1104 λέγειν
1119 1000 1410 1101 ἀποτολμάντων
1419 995 1509 1080 ’Ὀτι
1526 1015 1547 1076 5

308 1131 497 1236 ποιήσωμεν
515 1127 561 1211 τῖι
581 1127 682 1212 κακῖι
696 1130 753 1210 ’ίνιι
772 1128 848 1244 ἔλθη
868 1125 914 1209 τῖι
931 1126 1064 1230 ἀγαθά.

185 1395 296 1455 αιιηη.
412 1371 489 1438 Νυνί
516 1372 552 1440 δὲ
579 1373 679 1461 χωρίς
706 1373 807 1449 νόμου
835 1370 1021 1439 δικαιοσύνιι
1050 1370 1133 1436 Θεοῦ
1161 1369 1406 1458 πεφανέρωται.

142 1549 299 1602 smum
367 1531 463 1614 Οἶδα
481 1533 535 1614 ὅτι
553 1534 752 1637 γέγραπται
770 1535 854 1638 περί
874 1568 992 1632 τινων,
1011 1533 1065 1614 ὅτι
1089 1543 1110 1581 “
1123 1531 1220 1635 ἦσαν
1238 1535 1363 1613 δίκαιοι
1381 1524 1506 1637 ἀμφύ-

311 1669 334 1706 “
352 1690 446 1760 τεροι
478 1657 707 1761 πορευόμενοι
744 1661 781 1738 ἐν
812 1664 889 1741 ταῖς
919 1657 1079 1741 ἐντολαῖς
1109 1660 1167 1736 καὶ
1200 1655 1415 1754 δικαιάμασι
1443 1659 1511 1733 τοῦ

313 1791 334 1829 “
353 1786 519 1882 Χριστοῦ
545 1779 755 1880 άμεμπτοι,”
780 1784 839 1861 καὶ
871 1782 891 1860 ὁ
921 1779 1092 1884 μακάριος
1116 1780 1153 1862 δέ
1177 1786 1327 1865 Παῦλος
1352 1779 1431 1885 ἔφη,
1455 1775 1513 1857 ὅτι
1531 1809 1571 1852 ιο

145 1923 288 1987 mim.
313 1907 372 1985 καὶ
399 1901 504 1988 αύτῖις
532 1916 554 1954 “
567 1903 658 1985 κατὰ
685 1904 915 2005 δικαιοσύνην
941 1902 1008 2005 τὴν
1034 1906 1072 1984 ἐν
1100 1903 1197 2014 νόμην
1225 1902 1369 2008 γε’γονεν
1391 1902 1509 2001 ἀμεμ-

226 2011 242 2028 ”
287 2031 334 2075 ”“
350 2028 476 2112 πτος·”
512 2029 597 2108 ἀλλ’
617 2031 638 2108 ὁ
656 2031 695 2108 ἐν
712 2028 850 2113 τούτοις
875 2026 1069 2128 άμεμπτος,
1089 2030 1188 2109 οὔπω
1210 2027 1370 2133 πέπραχε
1395 2024 1513 2107 ταδί

312 2147 363 2232 ὧν
380 2135 484 2230 ἔσται
503 2149 670 2256 λαμπρὸς
687 2154 746 2234 καὶ
764 2153 933 2251 ἀοίδιμος·
964 2153 1021 2232 καὶ
1040 2160 1129 2253 γοῦν
1147 2150 1253 2236 αῦτῦς
1271 2151 1342 2258 ἔφη
1360 2147 1473 2231 πάλιν
1491 2150 1513 2228 ὁ

314 2272 486 2377 μακάριος
507 2280 666 2374 Παῦλος,
685 2279 734 2360 ὡς
757 2277 877 2379 ἡγεῖτο
900 2273 965 2374 μέν
990 2273 1134 2357 ἅπαντα
1150 2275 1197 2356 τά
1215 2277 1254 2358 ἐν
1271 2275 1369 2384 νόμιρ
1388 2273 1516 2376 ζημίαν

146 2416 224 2470 1b·8·
315 2401 373 2478 καὶ
401 2399 438 2477 ἐν
464 2397 534 2508 ’ίσιρ
556 2399 758 2495 σκυβάλοις
785 2397 1043 2502 κατελογίζετο·
1083 2398 1203 2503 ζητοίη
1230 2399 1269 2479 δὲ
1295 2397 1408 2480 πάλιν
1436 2409 1457 2447 “
1470 2396 1515 2478 τὸ
1533 2425 1571 2487 15

315 2530 337 2569 ‘⁶
356 2522 528 2627 ὑπερέχον
555 2526 619 2624 τῆς
646 2523 816 2624 γνώσεως
838 2524 1036 2627 Χριστοῦ.”
1071 2525 1271 2628 κατακρίνει
1298 2521 1338 2602 δέ
1361 2520 1515 2603 πάλινὸ

149 2659 302 2726 ²0⁰¹·ffi·9·
316 2642 424 2745 νόμος
451 2645 534 2732 τοῦς
561 2649 862 2752 παραβαίνοντας·
903 2647 1015 2753 ταύτῃ
1037 2680 1092 2727 τοι
1120 2644 1267 2751 ἑτέρωθί
1289 2653 1405 2754 φησιν
1432 2657 1454 2694 “
1468 2652 1518 2726 Εἰ

316 2777 338 2814 “
356 2766 429 2871 γὰρ
460 2775 505 2872 τῇ
536 2772 694 2878 διακονίᾳ
722 2775 786 2872 τῆς
813 2771 1057 2874 κατακρίσεως
1083 2771 1185 2879 δόξα,
1212 2777 1344 2879 πολλῷ
1371 2777 1518 2868 μᾶλλον

317 2900 340 2938 “
357 2891 564 2993 περισσεύει
589 2893 613 2992 ἦ
643 2896 802 2974 διακονία
830 2899 894 2995 τῆς
921 2894 1149 2996 δικαιοσύνης
1176 2893 1301 3002 δόξη·”
1339 2893 1517 2993 πλείστης

318 3010 357 3092 δέ
375 3015 486 3114 οὔσης
504 3017 651 3115 ἐντολῆς
670 3020 708 3097 ἐν
726 3019 833 3126 αὐτῷ,
851 3018 956 3098 πᾶσά
973 3052 1050 3101 πως
1069 3019 1209 3121 ἀνάγκη
1227 3021 1286 3099 καὶ
1303 3017 1367 3098 τὸν
1385 3020 1517 3120 ἀκριβῆ
1533 3053 1574 3098 το

319 3137 557 3241 νομοφύλακα
582 3141 776 3222 διαπταίειν
795 3142 832 3222 ἐν
859 3176 946 3239 τισι,
966 3144 1024 3222 καὶ
1047 3141 1263 3246 παραβάτην
1283 3141 1393 3241 νόμον
1417 3142 1519 3222 καθί-

319 3264 493 3339 στασθαι.
526 3264 584 3342 καὶ
603 3261 657 3344 ὅτι
676 3265 846 3371 φορτικὸς
863 3267 1017 3366 ἀληθῶς,
1032 3266 1344 3368 διωμολογήκασιν
1361 3267 1520 3368 ἐναργῶς

197 3488 205 3503 .
252 3423 307 3503 .'o.
321 3385 354 3460 οῖ
372 3381 557 3464 θεσπέσιοι
579 3390 748 3487 μαθηταί·
787 3389 951 3494 ἔφασκον
968 3386 1041 3491 γάρ
1072 3400 1093 3437 “
1108 3394 1188 3469 Νῦν
1207 3391 1269 3469 οὖν
1287 3391 1326 3469 τί
1340 3387 1520 3492 πειράζετε

320 3512 343 3551 “
360 3505 424 3584 τὸν
442 3505 548 3605 θεὸν,
566 3511 735 3590 ἐπιθεῖναι
753 3510 859 3615 ζυγὸν
876 3512 932 3592 ἐπὶ
951 3511 1015 3592 τὸν
1035 3510 1221 3617 τράχηλον
1239 3519 1312 3592 τῶν
1330 3517 1516 3612 μαθητῶν,

321 3637 345 3674 “
362 3625 404 3708 &v
421 3631 500 3708 οὔτε
520 3636 553 3712 οἱ
568 3632 718 3735 πατέρες
735 3634 835 3734 ἡμῶν
848 3637 927 3715 οῦτε
943 3636 1041 3735 ἡμεῖς
1061 3635 1265 3740 ἰσχύσαμεν
1282 3633 1472 3731 βαστάσαι
1486 3633 1519 3729 ;”
1536 3667 1577 3728 25

323 3749 379 3830 ὅτε
407 3754 525 3833 τοίνυν
536 3753 718 3856 Ἕλληνες
746 3755 811 3856 μέν
830 3755 927 3856 ἦσαν
956 3760 1015 3867 ὑφ’
1036 3760 1213 3862 ἁμαρτίαν
1233 3761 1281 3845 ὡς
1308 3759 1522 3860 ἠγνοηκότες

322 3872 386 3954 τὸν
403 3877 629 3980 δημιουργὸν,
647 3879 811 3960 Ἰουδαῖοι
830 3881 867 3961 δέ
886 3885 934 3967 ὡς
958 3885 1020 3981 τῆς
1049 3891 1112 3964 τοῦ
1141 3882 1251 3981 νόμου
1277 3883 1523 3986 παραβάσεως

323 3996 450 4104 ἔνοχοι,
468 3999 613 4101 ἐδέησεν
630 4004 830 4104 ἀναγκαίως
854 4012 929 4089 τοῖς
955 4006 1060 4086 οὖσιν
1077 4008 1135 4086 ἐπὶ
1154 4010 1218 4106 τῆς
1236 4010 1303 4108 γῆς
1322 4015 1387 4088 τοῦ
1406 4012 1517 4087 δικαι·

156 4147 255 4200 miii.
269 4161 292 4213 5·
324 4129 449 4206 οῦντος
465 4128 642 4227 Χριστοῦ·
676 4128 931 4226 δεδικαιάμεθα
958 4129 1031 4233 γὰρ
1061 4131 1158 4210 “οῦκ
1185 4129 1230 4236 ἐξ
1255 4128 1370 4234 ἔργων
1392 4137 1465 4210 τῶν
1486 4133 1525 4210 ἐν

326 4255 348 4294 “
367 4248 574 4355 δικαιοσύνη
610 4246 661 4330 ὧν
692 4251 910 4352 ἐποιήσαμεν
940 4253 1050 4353 ἡμεῖς,
1083 4251 1184 4334 ἀλλὰ
1221 4252 1313 4334 κατὰ
1347 4251 1390 4334 τὸ
1426 4252 1526 4335 πολῦ
1541 4291 1582 4350 3ο

363 4445 388 4494 4·
405 4428 498 4500 τιμὴν]
512 4430 540 4484 δι’
551 4433 602 4502 μὴν
614 4433 648 4488 Β.
859 4453 902 4493 ιο.
920 4438 1173 4510 κριποῡαιιῑοιη
1186 4437 1447 4494 σοινιιαιιιιιιι
1459 4439 1527 4498 Mai.

317 4495 373 4551 ·¹⁶·
389 4498 522 4570 γνώσεως]
537 4508 567 4566 -Ι-
582 4507 628 4558 rofi
641 4503 675 4558 B.
865 4508 908 4562 28.
927 4512 974 4563 τοῦ
986 4509 1195 4566 emendaverunt
1208 4509 1273 4565 Mai.
1287 4509 1405 4567 Cramer.
1418 4511 1449 4566 οὐ
1462 4512 1528 4582 (εἰς)

329 4564 398 4622 eod.
409 4575 530 4641 uterque.
