3294 5150
144 377 301 454 i.21,22.
347 378 400 443 IN
426 377 688 442 EPISTOLAM
712 378 741 441 Ι.
767 376 831 441 AD
858 377 1150 442 CORINTHIOS.
1285 378 1349 442 253

1375 475 1504 544 [soh]

143 577 220 623 των
243 542 535 641 βασανιστάς,οί
562 549 638 626 ταῖς
666 548 738 622 τῶν
766 545 908 622 ἐννοιῶν
930 543 1129 644 εύρέσεσιν,
1149 545 1197 627 ὡς
1225 543 1275 622 ἐνὶ
1304 539 1346 622 τὸ

147 668 205 773 ἐφ’
223 667 365 775 ἑκάστῳ
385 673 456 747 τῶν
473 665 711 769 προκειμένων
729 665 956 766 ἀδιαβλήτως
974 665 1065 771 έχειν
1083 670 1221 764 δοκοῦν,
1235 665 1349 768 ζητεῖν

150 790 400 894 ὑποκρίνονται
421 789 488 890 τὴν
510 789 690 890 ἀλήθειαν,
710 791 793 868 ἀλλ’
814 792 890 870 οῦτι
914 824 973 871 πω
999 791 1125 893 ὀρθῶς,
1147 789 1349 889 μᾶλλονδὲ

147 921 197 998 είς
218 913 316 994 ἅπαν
333 914 574 1014 ἠμελημένως·
613 911 814 1014 ἠγνοήκασι
842 912 913 1017 γὸρ
931 913 995 993 τὸν
1023 921 1095 993 τῶν
1122 912 1220 994 ὸλων
1240 911 1345 1011 Θεὸν,

113 1035 189 1134 5ὸς
214 1038 293 1118 τόδε
322 1039 364 1117 τὸ
391 1039 542 1136 σύμπαν
573 1035 787 1139 ἀποῤῥήτοις
818 1038 1005 1139 ἐνεργείαις
1036 1039 1187 1136 ἀπονητὶ
1224 1034 1347 1135 διεπή-

146 1161 250 1267 ξατο,
268 1165 327 1241 καί
344 1159 567 1264 παρήνεγκεν
585 1167 634 1245 είς
651 1158 693 1240 τὸ
712 1156 800 1240 εἶναι
821 1158 868 1239 τὸ
887 1161 950 1240 οῦκ
969 1159 1056 1239 ὄντα
1074 1160 1208 1258 πάντα,
1230 1193 1344 1239 κατα·
1362 1173 1463 1232 5111.

146 1284 279 1368 νεύσας
309 1283 430 1384 μόνον·
480 1284 685 1388 μεμοίραται
723 1285 842 1364 τοίνυν
874 1287 1019 1384 ἀληθῶς
1052 1284 1074 1383 ἦ
1106 1291 1171 1363 τοῦ
1204 1282 1344 1382 κόσμου

146 1408 276 1514 σοφία.

145 1647 286 1714 Ἐπειδίι
314 1649 374 1740 τὸρ
393 1651 428 1718 ἐν
448 1655 487 1740 τῇ
512 1650 613 1742 σοφίᾳ
636 1654 692 1716 τοῦ
712 1649 796 1714 Θεοῦ
821 1650 880 1714 οὐκ
907 1650 991 1724 ἓτνω
1017 1649 1036 1716 ὸ
1065 1651 1183 1726 κόσμος
1211 1649 1263 1716 διὸ
1290 1656 1347 1715 τῦς
1364 1684 1399 1725 21

98 1797 134 1837 ιο
203 1775 322 1862 σοφίας
357 1777 414 1842 τὸν
450 1775 543 1857 Θεὸν,
578 1776 755 1844 εὐδόκιισεν
787 1775 805 1843 ὁ
838 1775 921 1842 Θεὸς
952 1775 1005 1841 διὸ
1041 1783 1098 1842 τῆς
1133 1774 1259 1864 μωρίας
1289 1781 1347 1842 τοῦ

204 1902 407 1989 κιιρύτματος
435 1903 539 1968 σῶσαι
565 1901 641 1969 τοὺς
665 1903 889 1969 πιστεύοντας.

208 2072 348 2177 Σοφίαν
368 2078 463 2152 Θεοῦ
490 2076 548 2152 καὶ
575 2071 641 2172 τὴν
668 2074 895 2174 ἀνθρωπίνην
923 2069 1083 2174 ὀνομάζει
1111 2072 1261 2152 σύνεσιν
1290 2075 1348 2151 καὶ

148 2193 218 2294 τὴν
252 2197 481 2297 εύγλωττίαν,
513 2196 591 2295 ἤτοι
628 2194 714 2275 αῦτὸ
747 2193 789 2274 τὸ
821 2200 885 2294 τῆς
922 2195 1056 2301 λέξεως
1088 2195 1252 2298 ἀνθηρόν·
1290 2196 1347 2275 ἵνα

149 2317 280 2424 διδάξῃ
304 2318 359 2400 ῦτι
383 2329 445 2400 νοῦ
467 2319 615 2419 ποιητὴς
635 2321 654 2398 ὁ
674 2318 766 2403 Θεὸς
793 2324 851 2398 καί
877 2317 1089 2426 φρονήσεως
1113 2317 1268 2423 χορηγὸς
1290 2322 1348 2398 καὶ

98 2475 135 2534 15
149 2444 378 2544 εὐγλωττίας,
398 2445 454 2522 καὶ
474 2441 507 2522 εἴ
528 2477 618 2526 τινες
645 2445 763 2527 αὐτοῖς
791 2440 994 2547 ἐχρήσαντο
1013 2443 1068 2548 ἐφ’
1089 2437 1113 2520 ὸ
1132 2440 1181 2541 μὴ
1201 2447 1344 2543 προσῆ-

149 2594 223 2646 κεν·
259 2569 392 2675 μωρίαν
413 2565 451 2646 δέ
478 2570 533 2646 τσῦ
563 2566 787 2675 κηρύγματος,
815 2573 887 2645 τῶν
912 2565 1046 2671 λέξεων
1070 2563 1135 2664 τὴν
1159 2563 1348 2663 ἁπλότητα

152 2687 262 2791 λέγει·
310 2695 444 2770 ίδαῦται
471 2689 536 2790 μέυ
564 2690 635 2792 γὰρ
662 2695 713 2797 τῷ
741 2688 841 2795 λόγῳ
872 2688 1067 2790 γεγόνασιν
1097 2693 1129 2767 οί
1159 2687 1346 2768 θεσπέσιοι
1359 2706 1424 2823 22⁶2
1437 2710 1494 2760 cor.

150 2819 318 2913 μαθηταὶ,
341 2816 510 2895 πλούσιοι
537 2814 574 2894 δὲ
596 2820 642 2919 τῇ
668 2813 812 2915 γνώσει.

204 3053 340 3120 Ἐπειδιί
367 3055 420 3121 καί
447 3053 585 3123 ίουδαῐοι
613 3054 747 3133 σιιμεῑον
774 3055 899 3124 αἰτοῦσι
927 3057 980 3122 καί
1007 3060 1143 3124 ἓλλιιυες
1170 3056 1288 3145 σοφίαν
1363 3091 1398 3130 22
1414 3091 1477 3150 sqq,

96 3213 136 3252 ιο
683 3187 819 3272 ζητοῦσι.

211 3353 298 3431 Κατ’
319 3352 431 3458 ἄμφω
459 3352 596 3452 ἀληθὴς
623 3355 642 3432 ὸ
669 3362 732 3433 τοῦ
753 3355 905 3433 Παύλου
932 3353 1055 3456 λόγος·
1095 3355 1349 3460 ἐξελαύνοντος

148 3472 223 3576 γάρ
248 3508 336 3555 ποτε
361 3484 425 3556 τοῦ
443 3481 609 3578 Χριστοῦ
635 3483 707 3556 τῶν
727 3483 829 3580 ἱεροῦν
846 3477 1052 3578 περιβόλων
1069 3476 1151 3562 τοῦς
1177 3487 1344 3559 πωλοῦν-

150 3631 217 3681 τας
234 3596 279 3676 τὸ
296 3599 465 3699 πρόβατα
487 3603 545 3678 καὶ
568 3599 633 3684 τὸς
657 3607 755 3698 βοῦς,
773 3599 948 3704 τρυγόνας
972 3634 1011 3680 τε
1039 3605 1098 3680 καὶ
1124 3601 1347 3703 περιστερὰς,

149 3725 210 3800 καὶ
242 3719 450 3827 φάσκοντος
483 3732 505 3770 “
521 3721 587 3824 Μὴ
619 3730 748 3802 ποιεῖτε
777 3721 845 3802 τὸν
874 3721 971 3803 οἶκον
1004 3733 1068 3803 τοῦ
1100 3725 1244 3827 Πατρός
1276 3758 1347 3821 μου
1358 3747 1383 3796 S·
1391 3747 1466 3796 ὅσα.
1478 3747 1505 3798 ii.

91 3865 134 3926 25
151 3855 174 3893 ‘⁶
191 3841 288 3924 οἷκον
313 3844 512 3948 ἓμπορίου,”
538 3846 775 3951 ἀντεφέροντο
794 3844 958 3946 λέγοντες
986 3857 1008 3894 “
1022 3849 1073 3926 Τί
1089 3855 1238 3948 σημεῖον
1256 3811 1447 3928 &tx-13³8.

149 3978 173 4015 “
192 3968 283 4052 νύεις
310 3969 393 4068 ἡμῖν
420 3967 476 4048 ὅτι
503 3976 616 4048 ταῦτα
642 3977 751 4055 ποιεῖς
762 3970 794 4066 ;”
825 3970 887 4048 καί
911 3979 933 4017 “
945 3971 1011 4053 Τίς
1039 3969 1165 4050 ἔδωκέν
1192 4003 1254 4050 σοι
1281 3966 1347 4068 τὴν
1358 3966 1483 4094 ffi‘gf'·

149 4103 173 4140 “
190 4091 359 4198 ἐξουσίαν
387 4091 521 4192 ταύτην
533 4094 565 4189 ;”
606 4089 821 4198 προσῄεσαν
853 4092 890 4171 δέ
923 4097 980 4172 καὶ
1009 4100 1082 4172 τῶν
1109 4092 1347 4195 γραμματέων

148 4213 241 4298 τινές
264 4214 354 4314 μετὰ
377 4216 555 4315 πλείστην
573 4214 665 4316 ὅσην
683 4214 842 4315 σημείων
860 4216 1027 4321 ἐπίδειξιν
1050 4216 1348 4323 φιλοκακούργως
1403 4208 1407 4216 ’

148 4336 317 4439 λέγοντες
354 4350 375 4385 “
390 4338 600 4419 Διδάσκαλε
637 4339 789 4439 θέλομεν
822 4337 894 4420 ἀπὸ
930 4347 1000 4418 σοῦ
1041 4344 1190 4439 σημεῖον
1227 4340 1346 4420 ίδεῖυ.”
1361 4363 1397 4412 lb.
1409 4362 1452 4413 xii.
1464 4365 1504 4427 38.

189 4557 214 4594 ι.
233 4542 270 4594 διὸ
283 4540 363 4595 habet
374 4550 400 4595 et
412 4541 448 4596 A.
570 4557 594 4610 η.
613 4545 774 4610 μεμώραντοι
786 4541 910 4598 emendat
923 4541 1025 4613 Migne.
1150 4543 1243 4599 12-18.
1263 4542 1347 4600 Scho-

148 4613 206 4666 lion
218 4611 270 4666 hoc
282 4611 407 4668 exhibent
419 4621 446 4666 et
458 4621 477 4666 t.
491 4621 516 4666 et
528 4621 629 4667 ceterae
642 4611 767 4668 Catenae.
919 4628 960 4666 ια.
979 4612 1134 4682 ὀνομάζουσι
1146 4625 1166 4668 t.
1179 4623 1229 4670 cet.
