3280 5142
108 369 266 455 εεοπς.
324 370 383 435 IN
412 371 446 434 s.
470 349 728 435 JOANNEM.
774 369 869 434 mn.
893 367 955 434 x1.
1000 366 1107 433 αις.
1124 368 1205 434 x11.
1272 371 1315 436 ιο

108 532 228 615 εἰδότα
252 533 322 634 τὴν
348 534 564 639 τριπόθητον
592 533 738 636 ὑγίειαν·
775 535 868 614 οὕτω
896 537 954 614 καὶ
982 542 1056 618 τοῖς
1082 536 1266 618 Ἰουδαίοις
1294 534 1349 612 ὁὶ)

113 659 248 762 Κύριος
269 658 499 764 δύσχρηστός
520 693 574 743 τις
592 657 712 756 ἐδόκει,
730 657 844 738 καίτοι
862 662 926 757 τῆς
943 659 1123 763 σωτηρίας
1144 658 1315 765 ὑπάρχων

110 783 299 883 πρύτανις.
334 787 375 864 ού
393 783 466 887 γὰρ
483 781 528 882 ἧν
545 783 664 867 αύτοῖς
682 781 724 861 τὸ
743 780 924 884 σώζεσθαι
943 783 1066 888 φίλον.

168 909 413 988 Ἀπέστειλαν
441 907 479 988 δὲ
507 904 616 987 αὐτὸν
643 905 828 1006 δεδεμένον
855 906 945 1009 πρὸς
968 906 1138 1013 Καϊάφαν
1159 907 1223 987 τὸν
1245 910 1311 1009 άρ·

79 1031 246 1136 5χιερέα.
291 1027 325 1127 ἧν
355 1028 390 1114 δὲ
421 1034 590 1138 Καϊάφας
622 1041 636 1112 ὁ
665 1033 931 1134 συμβουλεύσας
962 1035 1032 1117 τοῖς
1064 1026 1234 1146 Ἰουδαίοις
1266 1031 1315 1112 ’ότι

111 1157 278 1263 συμφέρει
308 1155 365 1237 ἕνα
391 1156 551 1262 ἅνθρωποι
581 1154 756 1236 ἀποθανεῖν
783 1154 863 1261 ὑπὲρ
890 1158 944 1236 τοῦ
974 1159 1073 1239 λαού.
1113 1155 1316 1258 τεθήρευται
1410 1199 1414 1208 ·

111 1278 179 1378 μέν
196 1282 261 1361 οὖν
280 1279 339 1361 διὰ
356 1285 418 1379 τῆς
434 1280 541 1361 “Arm
559 1281 779 1384 δυστεχνίας,
798 1283 856 1359 καὶ
882 1283 945 1379 τῆς
965 1280 1158 1384 ὑπουργίας
1176 1271 1257 1360 τῶν
1268 1288 1316 1365 εἱς

112 1413 222 1484 τοῦτο
249 1403 540 1504 μεμισθωμένων,
561 1402 603 1484 τὸ
632 1401 725 1506 ἱερόν
742 1437 781 1482 τε
809 1406 867 1483 καὶ
895 1400 1000 1507 ἅγιον
1028 1410 1133 1502 θῦμα,
1152 1404 1316 1486 τουτέστι

113 1526 289 1629 Χριστὸς,
309 1527 448 1632 ἀρκύων
466 1527 503 1608 δέ
526 1528 613 1608 ε’ίσω
636 1525 926 1627 κατειλημμένος,
944 1529 1002 1608 ε’πὶ
1024 1527 1087 1609 τὸν
1105 1532 1168 1625 τῆς
1193 1531 1346 1610 άδίκουο

65 1656 267 1758 ιοσφαγῆς
303 1653 427 1755 ἄγεται
462 1652 647 1760 πρόξενον,
681 1651 759 1751 ἤτοι
796 1651 1015 1754 καθηγητήν·
1069 1651 1240 1760 Καϊάφας
1277 1652 1316 1734 δέ

114 1776 220 1862 οὗτος
237 1775 293 1877 ἦν,
306 1777 420 1858 καίτοι
437 1785 483 1884 τῇ
501 1783 564 1877 τῆς
583 1775 778 1880 ἱερωσύνης
796 1777 1076 1877 κατεστεμμένος
1093 1777 1225 1883 χάριτι.
1256 1784 1315 1859 καὶ

115 1898 218 2008 λόγῳ
246 1900 310 2002 μέν
334 1904 496 2010 φαίνεται
520 1900 702 2008 κατάρξας
728 1885 835 1985 αὐτὸς
853 1905 917 2001 τῆς
935 1902 1151 2009 μιαιφονίας,
1169 1905 1316 2008 ἀπαρχὴ

116 2023 155 2104 δὲ
184 2029 244 2106 καὶ
269 2027 377 2107 αὐτοῦ
405 2027 534 2108 λοιπὸν
562 2026 673 2110 ἁλούς
701 2033 766 2106 τοῦ
794 2023 1037 2125 τολμήματος.
1079 2026 1215 2131 δέχεται
1244 2026 1317 2131 γάρ

116 2151 300 2248 δεδεμένον
326 2149 391 2232 τὸν
411 2151 567 2251 Ἰησοῦν,
590 2154 649 2230 καὶ
676 2147 815 2252 καρπὸν
842 2149 967 2253 ῶσπερ
994 2148 1074 2230 τινὰ
1101 2155 1164 2249 τῆς
1192 2155 1319 2232 ἑαυτοῦ

70 2311 103 2372 15
116 2279 332 2374 συμβουλῆς
358 2279 416 2355 καὶ
440 2283 513 2356 τῶν
541 2275 700 2354 ἀνοσίων
726 2275 942 2374 σκεμμάτων
966 2275 986 2353 ό
1012 2276 1165 2361 δείλαιος
1191 2273 1316 2374 ἐποιή-

117 2431 213 2478 σατο
249 2397 292 2478 τὸ
329 2395 475 2480 πάντων
512 2398 566 2480 ότι
606 2397 772 2497 μάλιστα
807 2405 880 2479 τῶν
917 2405 1036 2478 κακῶν
1072 2400 1319 2480 ἀνοσιώτατον

117 2525 249 2624 δρᾶμα.
286 2525 324 2603 τί
349 2523 421 2627 γὰρ
446 2523 490 2604 ἂν
518 2523 653 2628 γένοιτο
681 2528 746 2624 τῆς
772 2526 829 2605 ε’πὶ
854 2527 1007 2631 Χριστῷ
1031 2525 1247 2618 δυσσεβείας
1274 2521 1317 2603 τὸ

117 2646 432 2751 δυσαχθέστερονς

1333 2833 1355 2899 d

112 2916 313 2982 Ἠκολούθει
341 2917 378 2985 δὲ
406 2921 454 3004 τῷ
477 2920 586 2986 Ἰιιοοῦ
613 2919 725 2998 Σίμων
752 2921 877 3011 Πέτρος
905 2919 958 2986 καὶ
984 2921 1003 2986 ὁ
1030 2919 1133 2985 ἄλλος
1160 2917 1318 2996 μαθιιτιίι.
1335 2937 1374 3001 15

68 3127 106 3170 ιο
175 3089 494 3190 Κατεπτοημένων,
524 3094 572 3176 ῶς
600 3092 773 3196 φαίνεται,
802 3099 875 3171 τῶν
902 3092 1031 3195 ἑτέρων
1060 3095 1231 3190 μαθητῶν
1260 3092 1318 3170 καὶ

117 3213 184 3313 την
206 3214 407 3316 παραυτίκα
436 3223 508 3296 τῶν
536 3217 729 3322 φονῶντων
757 3213 1080 3318 διαδιδρασκόντων
1108 3210 1230 3316 ὀργὴν,
1254 3217 1319 3311 τῆς

118 3345 166 3422 είς
185 3337 351 3439 Χριστὸν
370 3338 551 3441 ἀγάπηςό
574 3338 691 3447 Πέτρος
713 3339 880 3448 ἐξέχεται,
900 3339 1122 3442 θερμοτέροις
1140 3340 1193 3417 ἀεὶ
1216 3337 1315 3437 κινή-

119 3495 213 3560 μασι
240 3461 330 3565 πρὸς
357 3472 463 3544 τοῦτο
494 3464 648 3568 βαδίζων
676 3469 734 3544 καὶ
761 3463 1021 3570 ῥιψοκινδύνως
1048 3460 1232 3559 ἀκολουθεῖ,
1261 3463 1320 3542 καὶ

120 3583 162 3666 τὸ
195 3592 269 3665 τῶν
295 3587 546 3687 ἐκβησομένων
576 3586 859 3668 κατασκέπτεται
890 3585 1012 3688 πέρας,
1041 3583 1255 3671 συνθέοντύς
1282 3620 1320 3665 τε

73 3745 107 3806 ²5
121 3711 217 3818 αύτῷ
245 3713 304 3789 καὶ
331 3709 389 3791 διὰ
416 3715 478 3808 τῆς
506 3711 589 3809 ἰ’σης
617 3712 804 3809 εὐτολμίας
833 3716 882 3795 εἰς
910 3712 1036 3806 ὁμοίαν
1064 3711 1320 3806 ἀναβαίνοντος

119 3832 196 3939 ἕξιν
218 3840 283 3912 τοῦ
300 3834 418 3935 ἑτέρου
441 3834 608 3936 μαθητοῦ·
648 3836 816 3935 Ἰωάννης
835 3833 872 3916 δέ
895 3835 997 3919 οὗτος
1019 3834 1073 3937 ἦν,
1093 3836 1113 3916 ό
1133 3839 1234 3916 τοῦδε
1257 3843 1321 3916 τοῦ

120 3957 216 4037 θείου
250 3956 537 4058 συγγράμματος
574 3960 747 4067 θεοφιλὴς
778 3959 890 4044 ὅντως
923 3959 1145 4062 δημιουργός.
1195 3956 1320 4040 ἑαυτὸν

119 4079 192 4184 γὰρ
210 4076 302 4160 εἶναί
316 4088 411 4187 φησι
434 4079 497 4162 τόν
515 4081 635 4186 ἕτερον
652 4082 815 4190 μαθητὴν,
834 4083 995 4187 ὀνομάζει
1012 4082 1050 4163 δέ
1069 4083 1132 4162 ούκ
1151 4084 1319 4186 ἐναργῶς,

119 4207 366 4311 φιλοκομπίας
397 4204 584 4313 ὑπόληψιν
611 4209 902 4310 παραιτούμενος,
931 4209 989 4285 καὶ
1018 4206 1060 4285 τὸ
1088 4210 1203 4286 δοκεῖν
1231 4201 1320 4285 εἶναι

73 4369 109 4428 3ο
119 4337 191 4410 τῶν
209 4329 339 4412 ἄλλων
356 4331 394 4410 ε’ν
412 4329 589 4429 ἀμείνοσι,
610 4338 683 4412 τῶν
703 4331 799 4411 ἰδίων
823 4326 1080 4429 ἐνθυμημάτων
1099 4333 1147 4414 ῶς
1171 4331 1314 4434 ποῤῥω·
1333 4357 1491 4415 nom.

155 4639 181 4696 7.
201 4621 261 4696 τῆς]
278 4629 307 4690 †
322 4627 369 4679 τοῦ
382 4623 432 4680 Ed.
445 4625 529 4681 invito
543 4625 574 4682 E.
672 4627 699 4684 8.
715 4623 911 4698 μεμισθωμένον
924 4623 956 4680 Ε.
1049 4641 1091 4699 19.
1109 4621 1237 4696 ίμωλούθη
1251 4623 1284 4680 Ε.
