3280 5142
125 341 235 427 xix.·7.
404 345 805 412 1N8.JOANNEM.
851 345 948 411 ατο.
972 345 1053 412 xn.
1286 349 1327 422 67

125 509 345 613 ηύλόγησεν,
374 513 454 593 ἀντὶ
486 521 551 592 τοῦ
583 510 815 616 κατηράσατο
847 515 906 592 καὶ
939 508 1222 619 δεδυσφῆμηκεν,
1252 507 1358 592 εἷται

127 633 293 714 τεθνάναι
325 634 598 739 προστάττεται,
631 640 690 717 καὶ
722 640 786 736 τῆς
818 636 968 716 ἀνοσίου
1002 635 1167 739 γλώττης
1198 635 1329 738 πικράς

127 761 301 841 ἀποτῖσαι
322 759 432 860 δίκας,
451 765 546 842 Θεοῦ
568 760 739 864 λέγοντος
767 763 924 864 ἐναργῶς
946 756 1198 863 “”Ανθρωπος
1220 758 1259 845 ῦς
1284 757 1329 840 ἀν
1373 773 1435 887 {a
1453 850 1481 900 1⁵

127 891 149 929 “
167 882 417 988 καταράσηται
449 884 545 966 θεὸν
578 885 755 989 ἁμαρτίαν
791 883 961 991 λήψεται,
992 882 1176 986 ὀνομάζων
1212 883 1250 966 δὲ
1286 882 1329 965 τό
1376 875 1442 955 ια’
1485 875 1491 894 ’

96 1015 150 1090 5“
168 1005 284 1108 ὄνομα
304 1011 441 1113 Κυρίου
466 1008 714 1091 θανατούσθω·
749 1009 865 1093 λίθοις
886 1006 1243 1107 λιθοβολησάτωσαν
1261 1012 1326 1090 αύ-

127 1143 151 1182 “
168 1132 235 1215 τόν
258 1143 364 1218 πάσα
381 1136 578 1242 συναγωγὴ
602 1136 769 1241 Ἰσραήλ·
800 1137 862 1219 ε’ἀν
888 1171 927 1218 τε
950 1135 1184 1242 προσήλυτος
1210 1136 1272 1218 ε’ἀν
1292 1171 1332 1219 τε

129 1269 151 1310 “
169 1261 368 1366 αὐτόχθων,
407 1264 445 1344 ἐν
486 1266 538 1371 τῷ
584 1261 762 1362 ὀνομάσαι
809 1261 919 1342 αὐτόν
964 1261 1007 1341 τὸ
1043 1261 1158 1362 ὄνομα
1197 1262 1333 1365 Κυρίου

128 1393 152 1430 “
169 1383 408 1466 τελετττάτω.”

185 1512 298 1592 Ἀλλ’
316 1511 407 1598 ἴσως
430 1548 484 1599 τις
505 1512 597 1617 πρός
617 1521 725 1594 τοῦτο
753 1512 863 1620 τυχόν
881 1511 1067 1597 ἐνδοιάσας
1095 1515 1169 1614 ἐρεῖ
1187 1512 1239 1593 Τί
1262 1510 1333 1614 ἀρα

84 1667 116 1708 10
130 1635 250 1741 φησὶν
267 1636 288 1714 ό
306 1634 425 1739 νόμος,
442 1638 480 1717 τί
505 1637 548 1718 δέ
569 1672 631 1737 μοι
658 1636 829 1732 βούλεται
858 1635 916 1716 διά
941 1637 1069 1717 τούτου
1097 1639 1258 1738 δηλοῦν;
1289 1633 1333 1716 τό

129 1759 197 1859 μὲν
234 1758 306 1864 γάρ
341 1758 517 1859 τεθνάναι,
549 1764 654 1868 φησὶ,
690 1758 755 1841 τόν
788 1768 866 1846 ταῖς
903 1766 952 1846 είς
984 1760 1079 1841 θεὸν
1111 1759 1333 1866 δυσφημίαις

130 1884 268 1990 ἔνοχον,
286 1885 349 1964 ούκ
372 1881 418 1964 ἀν
446 1884 515 1964 ἕω
544 1885 689 1992 φίροιτο
717 1894 781 1965 τοῦ
809 1883 953 1982 εἰκότος,
972 1884 1082 1965 πάθοι
1110 1884 1145 1964 δ’
1174 1881 1219 1964 ἀν
1247 1882 1333 1964 αῦτδ
1346 1898 1529 1974 υ1048Α·,

131 2011 191 2088 καὶ
219 2007 369 2113 σφόδρα
396 2010 550 2094 δικαίως.
589 2007 689 2090 ἀλλά
713 2011 752 2090 τί
774 2008 906 2108 δήποτε
934 2006 1001 2090 κάν
1020 2015 1068 2094 είς
1095 2009 1157 2090 ἕνα
1183 2042 1237 2093 τις
1260 2013 1334 2087 τῶν

130 2132 379 2236 ψευδωνύμου
397 2133 573 2240 ἐξυβρίση
599 2139 700 2232 θεῶν,
719 2133 893 2236 ἁμαρτίας
913 2135 977 2214 οὐκ
995 2137 1154 2238 ἀμοιρεῖ;
1184 2131 1244 2214 ε’ἀυ
1262 2133 1335 2236 γάρ

86 2289 197 2352 ι5τις,
230 2259 336 2362 φησὶ,
368 2257 613 2361 καταράσηται
645 2257 750 2355 θεὸν,
782 2259 959 2362 ἁμαρτίαν
996 2257 1165 2366 λήψεται.
1212 2260 1271 2337 καὶ
1300 2257 1338 2337 τί

131 2380 226 2483 πρὸς
252 2379 359 2461 τοῦτό
388 2390 530 2488 φαμευ;
565 2381 741 2489 ἀσφαλὴς
769 2384 789 2462 ό
820 2384 1024 2483 νομοθέτης·
1064 2381 1106 2462 τῦ
1136 2380 1208 2486 γάρ
1239 2379 1336 2480 οἶμαι

133 2509 436 2609 διαλοιδορεῖσθαι
462 2513 583 2613 φιλεῖν
602 2513 660 2587 καὶ
684 2515 760 2593 τοῖς
781 2505 874 2588 κατά
900 2508 1013 2615 φύσιν
1036 2508 1101 2588 ούκ
1126 2507 1208 2586 οὖσι
1233 2512 1336 2602 θεοῖς,

133 2630 267 2731 μελέτη
288 2663 342 2716 τις
370 2628 495 2734 ὥσπερ
523 2633 602 2712 ἐστὶ
632 2635 689 2712 καὶ
722 2633 845 2735 τρίβος
873 2630 964 2735 πρὸς
995 2630 1061 2731 τὴν
1088 2633 1145 2710 ἐπὶ
1171 2634 1223 2736 τῷ
1246 2625 1337 2708 κατὰ

134 2753 253 2858 φύσιν
281 2759 365 2864 Θεῷ
392 2757 665 2858 γλωσσαλγίαν
693 2757 786 2856 ἡμᾶς
813 2754 1100 2860 παροτρύνουσα.
1146 2751 1205 2832 διά
1231 2760 1337 2833 τοῦτο

84 2909 121 2948 20
136 2880 196 2956 καὶ
215 2879 257 2957 δι’
278 2879 407 2983 ἑτέρων
423 2877 510 2959 αύτδ
528 2878 642 2960 πάλιν
661 2881 821 2984 ἀπείργει
846 2879 964 2982 λέγων
986 2889 1007 2927 “
1023 2878 1137 2963 θεοὺς
1159 2879 1201 2958 ού
1226 2910 1333 2958 κακο-
1381 2893 1482 3009 ἓηξΒ

136 3011 159 3049 “
177 3002 384 3103 λογήσεις.”
417 3001 507 3111 ᾤετο
528 3003 600 3107 γάρ
628 3007 702 3086 δεῖν
729 3003 861 3104 τὸτῆς
888 3004 1055 3105 θεότητος
1080 3003 1203 3104 ὄνομα,
1223 3005 1281 3083 καὶ
1308 3007 1338 3082 εί
1436 2996 1442 3008 ’
1485 2997 1490 3009 ’

135 3125 268 3232 ψευδὲς
294 3124 487 3234 ε’νιπτάρχοι
523 3131 608 3225 τισὶ,
637 3135 715 3214 ταῖς
748 3129 844 3235 αὐτῷ
872 3127 1094 3230 πρεπούσαις
1123 3127 1336 3230 καταγεραί·

137 3256 268 3352 ρεσθαι
298 3250 430 3358 δόξαις.
469 3255 527 3332 καὶ
557 3250 639 3358 ούχῖ
667 3251 811 3335 πάντως
839 3253 930 3352 ἡμᾶς
956 3259 1030 3336 τοῖς
1052 3251 1372 3352 πεπλανημένοιςὶ)

138 3378 232 3459 θεοῖς
255 3375 444 3474 ἀπονέμειν
462 3376 542 3456 τινά
564 3375 671 3477 τιμὴν
689 3379 710 3456 ό
734 3376 842 3477 νόμος
867 3375 1126 3474 διεκελεύσατο,
1145 3375 1282 3457 σεπτὸν
1300 3373 1340 3455 δὲ

84 3531 122 3593 25
137 3499 305 3600 ἡγεῖσθαι
332 3496 493 3579 διδάσκει
520 3498 647 3599 τὸτῆς
671 3499 837 3599 θεότητος
862 3498 976 3599 ὄνομα
1004 3501 1063 3579 καὶ
1091 3505 1120 3580 εί
1149 3499 1339 3580 κλίπτοιτο

135 3618 237 3724 παρά
254 3655 371 3704 τινων.

195 3742 323 3845 Νόμου
353 3755 544 3850 τοιγαροῦν
577 3746 720 3855 θανάτῳ
750 3754 924 3847 τιμᾶσθαι
957 3747 1248 3852 προστάττοντος
1274 3747 1339 3828 τὸν

136 3867 388 3950 ύποπίπτοντά
413 3904 491 3957 πως
518 3878 592 3956 τοῖς
622 3873 661 3951 ἐκ
689 3874 897 3977 δυσφημίας
924 3871 1164 3973 ἐγκλήμασιν,
1194 3874 1335 3953 ὑποκεῖ-

135 3998 228 4074 σθαι
256 3998 301 4098 τῇ
330 3995 409 4100 δίκη
435 3998 530 4102 φασὶ
554 3994 618 4075 τὸν
642 3996 789 4098 Κύριον·
822 3995 883 4076 υίιν
906 3993 978 4098 γάρ
997 4003 1092 4102 φησι
1118 3999 1204 4077 Θεοῦ
1229 3997 1341 4078 ἐαυτῦν

81 4161 121 4219 30
137 4119 281 4212 ἐποίησε.
320 4117 390 4224 χρὴ
415 4116 454 4199 δὲ
474 4118 568 4218 ἡμᾶς
592 4123 856 4217 διαμεμνῆσθαι
879 4117 1006 4217 πάλιν,
1027 4127 1093 4200 ποῖ
1113 4117 1158 4218 δὴ
1181 4122 1239 4200 καὶ
1262 4126 1340 4206 πῶς

133 4238 180 4322 τδ
198 4249 339 4322 τοωῦτο
364 4243 497 4345 ε’ίρηται
522 4241 622 4348 παρά
642 4249 819 4347 Χριστοῦ.
860 4278 880 4324 ο
1220 4243 1338 4346 υμβή·

67 4541 69 4546 ’
177 4539 220 4594 13.
239 4521 291 4648 εἴη
303 4522 326 4578 εί
338 4523 373 4580 Ε.
544 4543 585 4592 ιη.
604 4523 670 4580 θεῶν
682 4523 716 4579 E.
728 4525 788 4580 θεὸν
801 4524 852 4582 Ed.
1026 4540 1069 4580 22.
1088 4525 1227 4598 τ’νυπάρχοι
1240 4524 1272 4581 Ε.
1284 4524 1340 4580 ε’νυ-

293 4633 300 4648 .
443 4609 486 4666 23.
505 4595 582 4666 δόξης
595 4594 627 4650 E.
680 4596 777 4652 πάντας
790 4595 822 4653 Ε.
965 4607 1007 4668 27.
1025 4599 1103 4668 νόμος
1116 4596 1148 4652 E.

713 4696 735 4740 Κ
753 4697 771 4746 2

136 4595 236 4666 πάρχει
