3268 5130
131 349 197 414 viii.
211 367 241 436 3.
381 349 436 413 IN
462 346 721 417 EPISTOLAM
746 347 810 412 AD
836 347 1070 415 ROMANOS.
1259 349 1321 415 211

1372 466 1386 503 ο
1415 449 1454 503 Μ.

130 510 375 611 ἀπήλλακται,
392 509 474 592 τότε
498 518 571 592 τῶν
588 510 632 618 ἐξ
648 513 822 615 ἁμαρτίας
840 511 1029 615 ἀλογήσας
1048 519 1166 594 κακῶν
1184 515 1243 594 καὶ
1259 522 1325 594 τοῦ
1349 451 1361 518 ἱ
1389 463 1403 516 ⁵
1467 449 1481 516 ]

130 637 195 732 τῆς
215 633 351 735 σαρκὸς
377 634 686 736 κατενμεγεθήσας
712 634 831 734 νόμου,
850 633 1049 741 ήλευθέμυσί
1059 673 1115 743 με,
1134 638 1238 743 φησί·
1267 638 1325 716 καὶ

131 757 195 836 οὐκ
222 755 329 842 αὐτός
355 791 426 838 που
451 757 596 842 πάντως
624 756 690 858 τήν
718 760 919 862 ἐλευθερίαν
949 757 1076 856 διδοὺς,
1100 758 1258 861 γεγονὼς
1287 757 1326 838 δέ

131 884 277 978 μᾶλλον
293 881 378 980 ἡμῖν
395 881 596 984 ἐλευθερίας
613 879 787 988 πρόξενος
812 886 877 981 τῆς
905 881 964 961 διὰ
981 888 1159 984 Χριστοῦ.
1199 880 1326 984 ὥσπερ

98 999 172 1084 5δέ
204 998 285 1086 τοῦς
319 1001 389 1083 ὑπὸ
423 1001 534 1101 νόμον
567 1003 673 1087 ὄντας
705 1002 769 1084 τὸν
804 1008 868 1104 τῆς
900 1005 1075 1108 ἁμαρτίας
1110 1001 1214 1084 πᾶσαί
1249 1038 1327 1088 πως

133 1119 270 1225 ἀνάγκη
290 1128 347 1202 καὶ
371 1131 445 1208 τοῖς
467 1133 532 1205 τοῦ
553 1124 709 1207 θανάτου
732 1129 1035 1225 καταδεσμεῖσθαι
1057 1125 1215 1233 βρόχοις,
1235 1129 1327 1207 οὕτω

132 1243 217 1330 τοῦς
240 1246 311 1353 ἔξω
334 1245 528 1349 γεγονότας
549 1249 669 1347 αι’σῆς,
688 1249 993 1352 ήλευθερωμένονς
1011 1283 1050 1328 τε
1069 1249 1126 1331 διδ
1144 1255 1325 1352 Χριστοῦ,

134 1373 190 1448 δεῖ
213 1368 257 1468 δὴ
284 1366 397 1449 πόλιν
423 1369 494 1476 ἔξω
522 1404 560 1451 τε
589 1368 676 1450 εἶναι
706 1370 875 1470 θανάτου,
895 1374 953 1451 καὶ
983 1372 1145 1471 ἀμείνους
1174 1374 1329 1475 ὁρᾶσθαι

135 1496 284 1598 φθορᾶς,
304 1494 362 1571 καὶ
380 1491 447 1596 &v
465 1495 503 1572 ἐν
520 1494 703 1602 ἁγιασμῷ.

82 1752 123 1792 10
172 1731 220 1798 Τὸ
246 1735 307 1822 τὰρ
333 1733 493 1802 ἀδύνατον
519 1742 576 1802 τοῦ
604 1737 704 1812 νόμου
731 1734 767 1800 ἐν
793 1731 822 1820 ᾧ
845 1735 973 1801 ιἰοθένει
999 1733 1053 1800 διὰ
1080 1743 1136 1801 τῆς
1162 1737 1293 1826 σαρκός.
1343 1764 1438 1824 3sqq.

191 1900 438 2008 Ἀξιόγαστος
456 1903 522 2003 μέν
540 1905 561 1982 ό
578 1903 820 2008 μυσταγωγὸς
838 1907 897 1985 καὶ
916 1903 1041 2010 ἰσχνὸς
1060 1906 1153 2008 α’ίγαν
1171 1911 1219 1990 είς
1237 1913 1327 1987 θεω-

137 2024 226 2127 ριἀς,
244 2026 382 2126 ίδιιότης
401 2023 438 2105 δέ
456 2024 546 2107 εἶναί
563 2033 659 2132 φησι
686 2033 738 2134 τῷ
765 2025 876 2135 λόγῳ.
915 2027 1085 2134 ταότῃτοί
1109 2036 1229 2133 φαμεν
1245 2031 1327 2132 ε’ρυ·
1345 2058 1498 2113 κοσμία.

137 2153 305 2248 θριῦντες
331 2147 441 2247 οῦδὲν,
470 2149 525 2229 ότι
558 2152 603 2256 τῇ
635 2137 799 2255 συνθήκῃ
829 2156 902 2229 τῶν
930 2150 1169 2253 προκειμένων
1197 2153 1333 2260 λέξεων

138 2272 252 2351 λείπει
279 2305 314 2353 τι
340 2271 461 2378 βραχὺ
481 2272 572 2376 πρός
599 2277 723 2371 ἐντελῆ
752 2271 989 2379 διασόφησιν·
1028 2273 1096 2353 ἔδει
1123 2271 1196 2377 γὰρ
1224 2280 1333 2355 εἰπεῖν

84 2425 126 2487 15
139 2397 183 2474 Τῦ
202 2394 272 2504 γῦρ
290 2391 447 2478 ἇδόνατον
469 2400 524 2477 τοῦ
545 2393 640 2498 νόμον
657 2397 688 2476 ἐν
707 2393 735 2506 ᾧ
753 2394 869 2490 ήσθίνιι
888 2391 947 2476 διῦι
963 2395 1022 2491 τῆς
1040 2397 1166 2503 σαρκὶς
1185 2396 1333 2478 λέλυται

137 2519 248 2623 τυχὸν
266 2515 288 2620 ἢ
306 2518 492 2600 πέπαυται·
530 2516 605 2600 εἶτα
629 2525 925 2622 προσεπενεγκεΐν
943 2526 1007 2598 τοῦ
1033 2517 1245 2621 πράγματος
1268 2517 1389 2620 τήνας
1405 2546 1453 2604 Μ.

137 2638 325 2739 ἀπόδοσιν,
348 2645 405 2721 καὶ
433 2651 497 2722 τοῦ
525 2641 704 2721 λελύσθαι
732 2638 898 2746 συνάψω
924 2638 988 2719 τὸν
1009 2641 1153 2744 τρόπον,
1177 2677 1331 2745 προστι-

137 2762 245 2843 θέντα
269 2761 381 2844 πόλιν
397 2766 446 2844 ‘O
465 2764 536 2869 γὰρ
555 2764 641 2849 Θέιε
667 2763 719 2842 τὶν
747 2764 862 2844 ἑαυτοῦ
887 2762 949 2845 υἱόν
974 2757 1133 2872 πέμψας
1153 2765 1183 2844 ἒν
1210 2765 1331 2870 ὁμοιό-

137 2921 225 2993 μιιτι
263 2885 391 2995 σαρκός
426 2889 600 2994 ἁμαρτίας
637 2893 697 2966 καὶ
732 2891 804 2992 περὶ
842 2890 1018 2993 ἁμαρτίαις
1054 2888 1244 2992 κατήργηκε
1281 2885 1335 2981 τήν

86 3013 310 3118 υοὰμιιρτίιιν
329 3013 358 3091 ἐν
373 3019 412 3122 τῇ
429 3017 543 3119 σαρκί·
574 3012 631 3089 καὶ
650 3008 696 3088 τὰ
713 3009 852 3092 τούτοις
864 3008 1007 3115 ἐφεξῆς.
1041 3007 1195 3114 ἐχούσης
1213 3007 1252 3088 δέ
1268 3005 1335 3090 ὦδε

138 3136 204 3232 τῆς
220 3139 293 3213 τῶν
313 3132 447 3239 λέξεων
464 3130 656 3233 συνθήκης,
676 3132 767 3211 κατά
786 3167 827 3235 γε
845 3129 909 3213 τὸν
927 3129 1050 3211 ἐνόντα
1068 3128 1209 3212 σκοπὸν
1227 3133 1334 3239 αὐτῷ,

138 3256 225 3362 φέρε
249 3255 532 3358 κατοθρήσωμεν
550 3259 613 3354 τῆς
631 3253 689 3335 διδ
707 3260 873 3358 Χριστοῦ
899 3254 1085 3355 θεραπείας
1100 3253 1165 3333 τὸν
1183 3252 1334 3358 τρόπον,

138 3379 315 3459 πέπαυται
343 3379 382 3459 δέ
409 3378 505 3464 ὅπως
532 3379 567 3459 τῦ
596 3372 752 3459 ἀδόνιιτιν
771 3381 827 3457 τοῦ
851 3375 956 3481 νόμου,
975 3379 1033 3455 καὶ
1056 3383 1159 3457 ποῖον
1176 3375 1222 3457 ῦν
1241 3376 1338 3463 ῦλως

139 3501 183 3581 τὸ
201 3501 376 3582 ἀδύνατον
394 3509 509 3582 νοοῖτο
535 3509 599 3580 τοῦ
618 3499 739 3597 νόμον,
758 3502 816 3580 καὶ
834 3499 937 3579 ποίου
956 3498 1078 3599 νόμον·
1117 3505 1341 3597 λεπτομυθεῖ

88 3670 105 3710 2
110 3665 128 3725 5
141 3622 213 3727 γὰρ
231 3627 316 3703 λίαν
331 3626 352 3703 δ
371 3622 541 3727 θεηγόρος
557 3625 595 3702 ἐν
613 3622 764 3706 τούτοις.
794 3621 1005 3726 ἀποδεγεται
1028 3621 1147 3702 τοίνυν
1169 3624 1217 3705 ὡς
1236 3625 1335 3729 ὠφε-

141 3753 219 3826 λεῖν
245 3747 391 3843 εἰδότας,
418 3743 481 3825 τόν
508 3779 546 3825 τε
574 3753 638 3824 τοῦ
667 3750 764 3825 θεοῦ
792 3743 911 3841 νόμον,
943 3747 1036 3850 φημὶ
1065 3742 1102 3824 δέ
1132 3742 1176 3844 δή
1207 3742 1272 3822 τὸν
1299 3744 1339 3822 ἐν

141 3866 344 3970 γράμμασι,
374 3869 432 3948 καί
463 3865 527 3947 τόν
553 3900 594 3969 γε
621 3875 685 3945 τοῦ
712 3865 922 3963 πνεύματος,
948 3866 1032 3946 καθ’
1063 3863 1104 3945 ῦν
1132 3864 1339 3970 ἐσχήκαμεν

140 3988 185 4070 τό
214 3989 330 4071 θέλειν
352 3986 395 4070 τῦ
422 3988 569 4091 ἀγαθὸν,
590 3986 656 4070 κᾶν
675 3993 703 4066 εί
731 3985 782 4088 μή
800 3988 1012 4090 παρακέοιτο
1035 3986 1146 4092 τυχὸν
1164 3987 1207 4067 τό
1227 3986 1336 4066 δόνα-

180 4223 206 4263 ο.
225 4207 384 4290 ποδαπὰ·
545 4207 600 4290 ,8.
619 4202 925 4277 δήαοςααιρςαιοαιλ.
990 4276 1001 4290 .
1124 4218 1166 4259 ιι.
1184 4202 1293 4288 θεωρίαν
1304 4204 1339 4258 Α.

146 4294 190 4418 ις
207 4273 715 4418 νκέιιιιααοοψ.
771 4275 813 4331 ¹⁶·
830 4273 1339 4426 ἰκιςιικιιιατκαιλ

146 4433 239 4498 21..ss
251 4417 285 4471 Α.
313 4455 321 4472 .
332 4439 360 4472 τε
373 4415 426 4472 Ed.
541 4432 585 4487 23.
603 4415 684 4486 ὅπως]
698 4414 767 4484 ὅμως
778 4414 813 4469 Α.
928 4430 971 4482 24.
980 4418 1036 4498 ,τοῦ
1048 4416 1127 4482 νόμον
1139 4417 1224 4470 νοοῖτο
1235 4429 1341 4468 ιητοτοο

145 4485 239 4541 οτδιαε
252 4488 287 4541 Α.
341 4487 469 4542 calneium
481 4490 626 4557 νόμουοιο.
639 4485 1068 4556 (ανόμουαδνόμουῑηοεὼεαε)
1083 4483 1114 4539 Β.
1250 4482 1293 4538 26.
1312 4481 1341 4536 δι’

145 4556 408 4630 ωυιαρςαταειλ.
550 4557 594 4612 αθ.
611 4553 723 4612 «arom.
737 4554 770 4609 Β.

700 4655 786 4704 ΕΗ
