3294 5150
156 390 209 433 xv.
221 381 322 454 50‚51
338 392 404 454 sqq.
431 369 486 434 IN
510 371 575 438 ΕΡ.
600 372 629 438 Ι.
657 371 720 436 AD
747 371 1040 438 CORINTHIOS.
1074 371 1164 436 LIB.
1180 371 1259 437 VII.
1287 371 1350 434 315
1378 465 1505 534 [M]

157 527 298 640 διότεριτ
327 535 363 642 ῖξ
392 541 531 643 οὐρανοῦ·
568 543 599 618 εἶ
629 536 700 641 γάρ
731 541 790 618 καὶ
821 539 948 642 γέγονε
980 537 1082 644 σὰρξ
1112 539 1132 617 ό
1163 545 1227 618 τοῦ
1258 542 1352 616 Θεοῦ

157 657 279 759 Λόγος
306 659 399 739 κατὰ
420 659 484 745 τὰς
508 661 664 767 γραφὰς,
686 665 771 742 ἀλλ’
794 664 818 764 ἠ
912 665 969 742 καὶ
997 664 1018 741 ὁ
1044 663 1089 769 ἐξ
1113 663 1264 765 οὐρανοῦ
1293 665 1352 739 καὶ

157 791 179 828 “
192 781 312 861 ε’πάνω
339 781 517 875 πάντων,”
541 785 632 866 κατὰ
655 785 721 887 τὴν
737 786 904 867 Ἰωάννου
922 784 1060 895 φωνήν·
1094 788 1221 867 οὐκοῦν
1239 784 1351 890 άμφω
1364 795 1478 924 {iffa

156 902 220 1002 μέν
238 904 366 1006 ἤστην,
385 910 434 992 ὡς
450 908 553 1014 έφην,
572 913 609 989 ἐν
627 909 760 1013 γηῖνοις
779 911 961 1009 στόμασιν,
979 911 1021 990 οῦ
1037 908 1109 1011 μὴν
1128 913 1185 989 καὶ
1205 912 1242 988 έν
1259 907 1351 992 ἰ’σοις
1394 899 1400 910 ’
1443 898 1450 914 ’

124 1027 208 1122 5έτι
236 1028 328 1108 κατά
354 1065 392 1109 τε
411 1030 477 1131 τὴν
502 1033 649 1134 γνώμην
666 1034 745 1134 ἤτοι
772 1033 835 1114 τδν
851 1039 914 1133 τῆς
933 1032 1022 1136 ζωῆς
1050 1033 1196 1136 τρόπον·
1227 1029 1271 1130 ἦν
1288 1029 1353 1129 μὲν

155 1151 229 1255 γὰρ
254 1161 270 1233 ὁ
292 1153 420 1262 τρῦτιε
445 1158 482 1234 έν
511 1155 713 1262 φρονήματι
740 1164 912 1263 σορκικῷ,
928 1166 1068 1253 πνεῦμα
1095 1155 1133 1234 δὲ
1160 1152 1354 1256 ζωοποιοῦν

157 1285 172 1358 ό
204 1271 344 1383 δεύτερος
371 1283 429 1357 καὶ
458 1279 494 1386 ἐξ
523 1282 662 1388 οὐρανοῦ.
703 1285 762 1361 καὶ
794 1279 906 1387 ὅσπερ
933 1282 1134 1389 ἑφορέτοιμει
1160 1275 1215 1372 την
1243 1279 1353 1358 εἰκόνα
1367 1314 1467 1364 ver-49·

157 1403 213 1480 τοῦ
240 1403 368 1498 χοϊκοῦ,
398 1401 562 1482 τουτέστι
588 1400 654 1502 τὴν
674 1401 766 1505 πρὸς
790 1400 911 1501 Ἀδὰμ
938 1401 1120 1501 ὁμοίωσιν,
1142 1403 1200 1480 καὶ
1227 1405 1354 1480 ποθῶν

156 1522 349 1621 ἡττώμενοι
372 1529 430 1604 καὶ
453 1528 684 1609 ἀσθενοῦντες
706 1532 755 1610 εἰς
775 1525 958 1629 ἁμαρτίας,
977 1526 1090 1605 καίτοι
1119 1529 1181 1623 τῆς
1211 1528 1351 1628 φθορᾶς

105 1647 429 1749 ιοῦπενηνεγμένοι
464 1646 591 1750 ζυγοῖς,
620 1651 713 1729 οὕτω
751 1647 938 1757 φορέσωμεν
977 1659 1036 1729 καὶ
1067 1645 1120 1742 την
1155 1648 1263 1728 εἰκόνα
1299 1648 1355 1728 τοῦ

158 1771 356 1878 ἐπρυροιιίιυ,
376 1772 539 1851 τουτέστι
558 1778 734 1875 Χριστοῦ·
775 1775 831 1852 καὶ
850 1774 1093 1880 φιλοσαρκίας
1112 1771 1273 1869 ἀμείνους
1295 1772 1354 1848 καὶ

158 1901 222 1972 τοῦ
239 1901 465 1994 πλημμελεῖν
483 1890 618 1975 ἐθέλειν
636 1896 687 1975 ἔτι
710 1895 946 1998 γεγενημένοι,
966 1897 1024 1976 καὶ
1049 1894 1156 1975 αῦτδν
1179 1896 1247 1994 ἤδη
1267 1930 1355 1975 νενι-

158 2011 302 2116 κηκότες
328 2014 392 2097 τὸν
418 2017 533 2098 πάλαι
563 2017 676 2099 δεινδν
698 2022 757 2099 καὶ
779 2020 1002 2120 δυσάντητον
1029 2022 1087 2102 καὶ
1114 2020 1246 2122 ἀγρίως
1269 2020 1353 2098 καθ’

158 2139 259 2238 ἡμῶν
276 2138 550 2244 τυραννήσαντα
569 2141 735 2223 θάνατον.

105 2401 145 2462 15
250 2382 326 2450 Ὅτι
352 2385 433 2474 σὰρξ
461 2385 514 2450 καὶ
541 2380 620 2463 αἷμα
648 2386 813 2465 βασιλείαν
841 2387 925 2452 Θεοῦ
951 2395 1193 2476 κληρονομῆσαι
1220 2391 1257 2453 οὐ
1369 2391 1409 2452 50

674 2509 839 2580 δύνανται.

217 2667 418 2766 Συνίστησι
441 2665 483 2746 τὸ
505 2673 569 2767 τῆς
588 2669 824 2752 ἀναστάσεως
842 2673 900 2749 καὶ
921 2668 979 2749 διὰ
997 2669 1124 2750 τοῦτου
1141 2665 1352 2768 μυστήριον·

159 2789 225 2873 ἕως
253 2787 319 2887 μέν
336 2790 409 2893 γάρ
432 2794 511 2872 ε’στι
533 2791 574 2871 τὸ
601 2799 710 2889 σῶμα
735 2790 778 2872 τὸ
803 2793 1025 2895 ἀνθρώπινον
1044 2791 1130 2900 σῖιρξ
1160 2797 1220 2872 καὶ
1250 2787 1356 2894 οἶμοι,

158 2913 323 2991 τουτέστι
352 2913 483 3013 θνητὸν
510 2919 568 2994 καὶ
597 2915 772 3021 φθαρτὸν,
791 2919 876 2996 Θεοῦ
904 2921 1103 3011 βασιλείαν,
1122 2915 1287 2995 τουτέστι
1315 2913 1356 2990 τὸ

105 3032 246 3115 οοεῖναι
274 3039 449 3138 διηνεκῶς,
478 3039 540 3117 οῦκ
568 3035 613 3117 ἂν
641 3040 784 3118 δύναιτο
812 3045 1038 3148 κληρονομεῖν.
1083 3045 1188 3118 πᾶσα
1217 3035 1264 3136 δὴ
1294 3036 1357 3114 οῦν

160 3157 297 3262 ἀνάγκη
316 3159 573 3241 κατοπῖνεσθαι
599 3161 668 3261 τὴν
686 3161 829 3267 φθοράν
847 3168 905 3242 καὶ
930 3161 1166 3270 ἀφανίζεσθαι
1183 3159 1225 3239 τὸ
1245 3156 1354 3257 εὐμά-

160 3315 300 3382 ροντον,
319 3282 636 3380 μεταπλάττεσθαι
660 3284 697 3365 δὲ
721 3284 813 3387 πρὸς
837 3287 1047 3390 ἀφθαρσίαν
1064 3283 1166 3382 αὐτὸ,
1194 3286 1252 3362 καὶ
1276 3283 1355 3388 θεία

161 3408 228 3484 τινὶ
248 3410 305 3485 καὶ
324 3406 513 3514 ἀπορρήτῳ
533 3404 622 3515 δόξῃ
640 3410 1002 3513 κοταφοιδρῦνεσθαι·
1036 3409 1265 3516 κληρονομήσει
1285 3405 1357 3510 γὰρ

160 3527 240 3608 τότε
258 3528 324 3628 τὴν
341 3538 405 3609 τοῦ
424 3532 510 3610 Θεοῦ
527 3533 723 3624 βασιλείαν.

108 3787 146 3849 25
194 3769 280 3834 Ἰδοὺ
308 3770 483 3860 μυστήριον
511 3767 583 3847 ὑμῖν
611 3773 707 3847 λέγω·
742 3773 863 3837 πάντες
890 3774 950 3849 μὲν
977 3774 1014 3838 οὐ
1043 3775 1318 3855 κοιμηθησόμεθα,
1372 3789 1483 3852 51sqq.

525 3897 645 3960 πάντεο
672 3893 708 3961 δὲ
735 3895 996 3974 ἀλλαγησόμεθα.

219 4051 328 4154 Μέγα
358 4054 416 4132 καὶ
446 4052 609 4154 οὐράνιον
640 4056 785 4153 ἀληθῶς
817 4052 859 4134 τὸ
887 4052 1096 4158 μυστήριον,
1126 4057 1185 4132 καὶ
1217 4056 1354 4132 ἀποκα-

163 4175 301 4281 λυφθέν
321 4177 416 4284 αὐτῷ
442 4174 584 4260 πάντως
613 4211 683 4256 που
702 4176 761 4256 διὰ
778 4185 844 4257 τοῦ
862 4179 899 4256 ἐν
917 4178 1013 4284 οῦτῲ
1041 4185 1241 4259 λαλοῦντος
1259 4180 1354 4278 Χρι·
1370 4177 1513 4305 ςιθοωῑῑῑ·

199 4402 223 4440 2.
235 4384 294 4440 ἀλλ’
304 4383 320 4454 ἢ
332 4403 395 4440 cum
402 4386 496 4438 lacuna
503 4384 562 4440 cod.
571 4393 637 4440 tate
646 4385 728 4440 Maio.
736 4383 819 4454 ἀλλή
829 4402 891 4440 cum
900 4386 994 4439 lacuna
1003 4385 1036 4438 Α.
1049 4383 1116 4440 sorte
1129 4381 1168 4451 ἢν.
1216 4399 1278 4453 3-γ.
1292 4383 1356 4468 φίας

163 4456 223 4528 Syr.
399 4469 425 4526 5.
445 4451 487 4526 τε]
502 4453 693 4526 legendumne
704 4460 753 4526 γεί
932 4453 958 4510 6.
977 4453 1104 4527 σορκικῷ]
1117 4457 1223 4527 ψυχικῷ
1237 4475 1356 4509 τουτεστι

161 4527 277 4598 capetus»
290 4524 350 4595 Syr.
483 4539 507 4595 7.
526 4525 567 4578 καὶ
581 4526 654 4594 prius
666 4543 720 4579 om.
734 4525 794 4596 Syr.
831 4526 939 4594 οὒρονοῦ
952 4524 1007 4580 des.
1022 4525 1082 4596 Syr.
1215 4541 1255 4580 ιο.
1274 4524 1354 4600 φορέ-

163 4617 249 4665 σωμεν
261 4596 335 4667 ρτίυς
348 4595 478 4667 seriptum
491 4595 641 4666 φορέσομεν
653 4596 749 4651 deinde
761 4595 870 4667 corrigit
881 4598 915 4650 Α.

719 4697 799 4744 882
