3278 5130
323 333 387 397 386
499 329 747 396 B.OYR1LLI
773 327 1035 392 ALEXANDR.
1063 327 1346 392 FRAGMENTA
1446 326 1481 389 ii.
1500 346 1536 408 9.

159 440 169 504 [
185 453 230 503 ¹¹4
243 441 280 491 M·
294 443 304 508 ]

294 606 312 660 9
430 593 548 658 Ὅπως
576 593 679 678 χάριτι
707 589 790 653 Θεοῦ
818 589 899 676 ὑπὲρ
926 589 1049 653 παντὸς
1077 588 1229 661 τεύοιιται
1257 587 1408 654 θανάτου.

381 764 432 842 Τί
454 761 495 842 τό
514 760 717 862 Ἐγεύσατο
735 760 847 839 παντί
867 793 917 866 τερ
936 756 1055 863 σαφές
1072 754 1121 842 ὥς
1139 791 1181 859 γε
1200 755 1308 856 οἶμαι.
1349 754 1434 844 δοῦς
1452 755 1537 856 γὰρ

324 892 375 992 τῷ
395 883 536 992 θανάτῳ
555 883 597 963 τὸ
616 883 705 964 ἴδιον
722 890 832 980 σῶμα
856 885 914 961 καὶ
939 880 1014 960 οἷον
1032 879 1324 982 ἀπογευσάμενος
1340 887 1538 981 σαρκικῶς

229 1000 234 1011 ’
325 1018 389 1088 τοῦ
417 1005 704 1107 συμβεβηκότος,
726 1007 856 1099 ἀνεβίω
884 1002 996 1085 πόλιν
1021 1006 1079 1083 καὶ
1105 1002 1307 1104 πεπάιηκεν
1328 1003 1428 1087 εῦθῦς
1456 1013 1536 1082 τοῦ

325 1131 480 1210 θανάτου
507 1128 549 1210 τὸ
576 1129 716 1232 κριίτος.
755 1129 881 1207 οῦκοῦν
903 1129 923 1205 ὁ
947 1123 1067 1231 βραχῦ
1093 1128 1177 1228 παρ’
1198 1127 1374 1228 ἀγγέλους
1401 1129 1531 1225 ήλατ·
1553 1147 1572 1204 5

325 1260 465 1334 τῶσθαι
495 1251 700 1355 λεγόμενος,
728 1249 833 1332 αὐτός
863 1252 963 1328 ἐστιν
991 1253 1011 1327 ὁ
1039 1252 1077 1328 ἐκ
1106 1255 1201 1329 Θεοῦ
1225 1249 1355 1352 Λόγος,
1380 1251 1445 1329 οῦκ
1472 1257 1535 1334 εἱς

325 1377 416 1457 ίδίοῑν
435 1377 549 1483 φύσιν
567 1375 693 1456 παθὼν
711 1374 777 1472 τήν
795 1372 1010 1452 ἐλάττωσιν·
1041 1375 1094 1452 ἀεὶ
1118 1372 1190 1475 γάρ
1213 1377 1313 1453 ἐστιν
1331 1374 1436 1457 αὐτὸς
1462 1379 1534 1453 καὶ

324 1500 496 1584 ὡσαύτως
514 1501 614 1604 ἔχων,
635 1497 809 1600 ἅτρεπτός
833 1530 872 1574 τε
897 1498 954 1575 καὶ
977 1496 1230 1594 ἀναλλοίωτος,
1250 1487 1534 1597 ὑπομεμενηκὼς

324 1623 362 1702 δὲ
395 1627 454 1702 καὶ
486 1631 590 1702 τοῦτο
623 1623 665 1701 δι’
700 1621 792 1720 ἡμᾶς
825 1620 1066 1720 ἀνθρωπίνως·
1102 1621 1275 1723 ήνέσχετο
1305 1620 1375 1723 γὰρ
1408 1622 1533 1700 καίτοι

324 1746 417 1830 Θεὸς
437 1743 487 1824 ὧν
507 1745 615 1850 φύσει
634 1749 706 1824 τῶν
725 1748 788 1839 τῆς
811 1739 1085 1844 ἀνθρεοπότητος
1106 1742 1244 1844 με’τρων
1263 1743 1321 1822 διὰ
1338 1742 1403 1842 τήν
1422 1749 1527 1824 οἰκο-
1552 1777 1594 1816 ιο

323 1871 460 1967 νομίαν·
504 1871 562 1947 καὶ
590 1867 695 1946 τοῦτό
722 1868 801 1945 ἐστι
830 1874 894 1944 τοῦ
920 1867 995 1944 κατ’
1026 1864 1133 1945 αὐτὸν
1161 1868 1360 1967 μυστηρίου
1391 1864 1432 1945 τὸ
1466 1865 1532 1946 ὅτι

322 1990 486 2089 μα’λιστα
505 1990 748 2093 θαυμάζεσθαι
765 1987 915 2090 πρέπον.
957 1989 1049 2068 οὕτω
1072 1991 1129 2068 καὶ
1149 1992 1169 2067 ὁ
1187 1989 1377 2094 προφήτης
1396 1990 1532 2093 ἐλεγεν

322 2115 540 2213 Ἀμβακούμ
559 2125 580 2161 “
596 2111 706 2213 Κύριε
725 2108 919 2210 είσακήκοα
937 2110 1003 2211 τήν
1022 2111 1131 2209 ἀκοήν
1150 2147 1221 2190 σου
1243 2117 1300 2191 καὶ
1318 2113 1526 2217 ἐφοβήθην,

323 2248 345 2284 “
359 2236 560 2337 κατενόησα
573 2235 620 2314 τὰ
632 2233 721 2337 ἐργα
735 2268 804 2314 σου
819 2238 877 2314 καὶ
891 2231 1077 2340 ἐξέστην·”
1103 2234 1275 2319 ἔκστασις
1289 2236 1359 2338 γὰρ
1375 2240 1529 2336 ἀληθῶς

322 2361 381 2439 καὶ
414 2367 479 2438 τοῦ
510 2355 645 2442 παντὸς
673 2358 833 2437 ἐπέκεινα
861 2357 1041 2456 θαύματος
1069 2356 1110 2437 τὸ
1143 2359 1390 2460 γεγενημένον.
1431 2361 1526 2439 ἀλλ’
1551 2388 1589 2446 ¹5

322 2483 385 2563 οῦκ
415 2479 477 2562 οἷῦ
499 2481 595 2566 ὅπως
623 2479 665 2560 τὸ
694 2478 746 2560 ἐπ’
767 2479 854 2560 αὐτὸ
882 2478 1083 2582 μυστήριον
1106 2483 1148 2560 οῦ
1176 2479 1377 2580 νενοηκότες
1405 2484 1529 2584 ὀρθῶς

320 2606 559 2708 κενολογοῦσί
584 2640 676 2689 τινες
705 2607 762 2684 καὶ
790 2601 833 2701 δὴ
862 2606 920 2682 καὶ
948 2603 1159 2708 γεγράφασι
1186 2603 1231 2683 τὰ
1259 2607 1298 2684 ἐν
1325 2613 1375 2712 τῷ
1403 2607 1529 2715 ὀγδόῳ

320 2734 462 2836 ψαλμῷ
497 2728 731 2831 διερμηνεύειν
768 2725 952 2810 ε’θέλοντες
991 2787 1014 2824 ,,
1030 2732 1228 2824 Σκοπῶμεν
1261 2730 1379 2808 τοίνυν
1415 2730 1468 2814 τίς
1503 2734 1529 2810 ὁ

320 2913 342 2948 ,,
356 2852 544 2955 ἅνθρωπος
555 2854 637 2952 περὶ
649 2850 691 2929 οὗ
708 2847 943 2948 ἐκπλήττεται
962 2853 1020 2928 καὶ
1039 2848 1206 2951 θαυμάζει
1225 2851 1280 2930 ὅτι
1298 2851 1341 2952 δὴ
1361 2855 1529 2932 ὁΜονο-

320 3035 343 3070 ,,
357 2973 462 3075 γενὴς
481 2973 704 3078 κατηξίωσεν
719 2974 829 3052 αὐτοῦ
846 2975 1055 3072 μνησθῆναί
1065 3007 1103 3053 τε
1118 2979 1175 3054 καὶ
1194 2972 1395 3074 ἐπισκοπὴν
1411 2977 1522 3075 ποιή-
1546 3020 1590 3059 20

320 3157 342 3193 ‚‚
357 3096 534 3176 σασθαι·”
574 3093 649 3174 εἶτα
671 3094 808 3180 τούτοις
834 3095 957 3197 ἐπάγει
983 3100 1040 3174 καὶ
1069 3096 1171 3194 μάλα
1199 3099 1355 3200 ἐναργῶς
1382 3103 1428 3184 ὡς
1457 3104 1528 3182 οὐκ

320 3279 342 3315 ,,
357 3218 491 3320 εἴρηται
516 3217 582 3314 μέν
605 3220 662 3297 ἐπὶ
688 3217 823 3302 παντὸς
847 3219 1040 3321 ἀνθρώπου
1064 3221 1106 3299 τό
1135 3223 1187 3301 Τί
1208 3223 1309 3300 ἐστιν
1334 3224 1528 3325 ἅνθρωπος

319 3401 341 3438 ,,
357 3340 411 3419 ὅτι
429 3339 614 3446 μιμνήσκῃ
629 3341 737 3419 αὐτοῦ
755 3339 778 3440 ἢ
798 3339 870 3424 υίὸς
889 3343 1081 3445 ἀνθρώπου
1100 3343 1154 3423 ὅτι
1172 3344 1370 3451 ἐπισκέπτῃ
1388 3345 1522 3444 αῦτόν;

320 3523 343 3560 ,,
357 3461 458 3541 ἀλλὰ
485 3465 564 3565 περὶ
599 3461 710 3560 μόνου
738 3472 802 3541 τοῦ
829 3466 954 3543 Υἱοῦ·”
997 3474 1186 3567 πειρῶνται
1214 3466 1252 3546 δὲ
1279 3469 1362 3552 τοῦς
1389 3473 1527 3548 ἑαυτῶν

321 3584 452 3688 λόγους
488 3587 663 3684 ἐμπεδοῦν
698 3591 746 3669 είς
783 3584 955 3685 ἀλήθειαν
988 3597 1221 3691 περιενεγκεῖν
1258 3591 1423 3693 λε’γοντες
1457 3591 1524 3674 τὸν
1544 3623 1585 3682 25

320 3707 494 3811 μακάριον
514 3714 666 3788 Παῦλον
684 3713 732 3792 εἷς
751 3707 793 3788 τὸ
811 3711 939 3790 ἑαυτοῦ
963 3709 1162 3813 πρόσωπον
1182 3711 1226 3790 τοὶ
1244 3714 1282 3792 ἐν
1300 3719 1351 3820 τῷ
1370 3719 1524 3823 ψαλμῷ,

319 3897 447 3953 πέπονθεν
458 3899 534 3954 αὐτὸς
545 3897 582 3954 είς
593 3899 623 3951 τὸ
639 3898 733 3953 οίκεῖον
746 3904 822 3967 σῶμα
839 3899 998 3970 πειρασθείς,
1010 3902 1204 3973 προθυμότερον
1215 3903 1341 3973 βοηθήσει
1358 3908 1412 3961 τοῖς
1430 3927 1522 3974 πειρα-

321 3968 444 4038 ζομένοις,
462 3975 592 4040 tanquam
614 3967 643 4022 S.
657 3969 759 4040 cyrilli,
779 3968 878 4024 codicis
901 3970 943 4024 sui
961 3988 986 4024 a.
1009 3974 1165 4027 auctoritate
1184 3973 1266 4028 fretun
1287 3973 1393 4030 exhibet
1414 3977 1522 4040 Maius;

320 4049 447 4110 tanquam
466 4049 555 4093 autem
574 4038 663 4102 dubia,
676 4041 704 4092 in
717 4049 779 4092 nota
791 4039 900 4094 exhibui
913 4041 978 4108 ipse.
1015 4041 1055 4095 Εα
1068 4051 1194 4114 tanquam
1210 4043 1239 4098 S.
1248 4044 1433 4114 chrysostomi
1446 4045 1523 4100 exhi·

321 4109 380 4163 buit
388 4108 490 4164 Cod.b.
500 4127 555 4163 non
567 4119 630 4162 sunt
643 4118 674 4162 ut
684 4108 739 4163 vid.
749 4109 781 4162 ad
795 4111 855 4176 Ιοο,
869 4109 973 4164 diversa
985 4119 1074 4165 tamen
1086 4131 1122 4166 ει.
1136 4123 1241 4182 patrum
1254 4132 1334 4183 opera
1346 4115 1445 4184 passim
1458 4117 1524 4171 citat

321 4177 443 4233 Niketas.
481 4179 545 4232 Post
558 4179 621 4232 haec
635 4179 714 4233 verba
728 4178 756 4232 S.
767 4178 860 4248 cyrilli
867 4178 1055 4248 Ἀθρει-τοὺς
1066 4181 1247 4252 ἁγιαζομένους
1260 4184 1390 4254 (Cr.430.
1402 4201 1520 4256 32-431.

321 4249 350 4316 5)
369 4249 476 4302 exhibet
489 4249 578 4302 Maius
591 4266 658 4318 quae
670 4266 732 4303 cum
744 4248 778 4302 ad
791 4258 906 4303 tractum
920 4249 962 4304 De
976 4250 1007 4304 R.
1022 4251 1073 4305 fide
1088 4269 1137 4323 135
1151 4254 1196 4308 fin.
1210 4256 1260 4322 136
1274 4257 1421 4324 pertineant
1433 4257 1522 4311 omisi.

322 4319 448 4389 Sequitur
460 4319 487 4371 'm
502 4319 575 4371 Maio
586 4317 670 4371 Ἀλλὰ
687 4320 854 4389 γὰρ-λόγος
871 4339 885 4374 e
905 4319 1012 4375 homilia
1025 4321 1198 4392 desumptum
1211 4324 1271 4379 vide
1283 4325 1367 4379 infra:
1385 4325 1521 4396 fragmen-

320 4396 378 4441 tum
391 4398 417 4441 et
429 4405 542 4458 sequens
555 4388 649 4457 partim
663 4406 696 4442 ex
709 4388 828 4443 homilia.
998 4410 1021 4445 1.
1041 4409 1056 4445 ο
1068 4411 1091 4447 ο.
1104 4393 1150 4447 sol.
1166 4409 1213 4464 ²5¹
1230 4412 1256 4449 v.
1270 4396 1316 4466 qui
1328 4398 1343 4449 ό
1355 4397 1479 4464 μακάριος
1492 4397 1521 4450 δὲ

322 4455 452 4524 Κύριλλος
463 4459 499 4528 τῷ
511 4457 625 4528 μακαρίῳ
637 4455 740 4526 Ἰωάννη
753 4458 933 4528 ἀκολουθήσας
949 4462 1012 4514 κατὰ
1024 4464 1054 4515 τό
1066 4462 1155 4520 Ὅπως
1166 4466 1254 4534 χάριτι
1268 4468 1336 4518 θεοῦ
1347 4465 1412 4535 ὑπὲρ
1424 4470 1522 4525 παντὸς

319 4525 443 4595 γεύσηται
457 4528 575 4588 θανάτου,
588 4529 657 4596 φησὶ
672 4530 824 4597 praemittit.
933 4549 959 4601 9.
979 4529 1094 4602 ἠνείχετο
1108 4534 1219 4603 (errore)
1235 4535 1280 4590 Cr.
