3244 5146
394 317 515 382 RESP.
539 318 602 382 AD
624 317 709 381 ΓΙῚΒ.
734 315 999 382 SOCIOSQUE.
1229 316 1291 379 577

566 613 828 674 ΕΠΙΛΎΣΙΣ.

149 772 342 855 Μανθάνω
363 773 461 858 τινάς
479 777 554 878 είκῇ
582 775 639 851 καὶ
659 769 926 874 ἀπερισκέπτως
950 772 1007 849 καῖ
1027 771 1083 850 ἐπὶ
1101 775 1176 853 τοῖς
1201 769 1294 848 οὕτω

88 897 267 1002 μεγάλοις
304 902 362 979 καὶ
398 898 601 999 ἀναγκαίοις
642 895 857 998 πράγμασιν
903 899 1079 1000 φλυαρεῖν
1114 890 1293 989 εἰωθότας,

89 1023 209 1129 φάναι
238 1057 273 1103 τι
303 1029 472 1118 τοιοῦτον,
504 1023 552 1103 ὡς
577 1021 597 1099 ό
632 1018 843 1120 Μονογενὴς
871 1025 936 1098 τοῦ
964 1021 1061 1096 Θεοῦ
1090 1015 1178 1100 Υἱὸς
1203 1011 1295 1093 κατά

55 1145 161 1244 5μέν
179 1144 247 1246 τὴν
265 1151 327 1238 τῆς
355 1143 522 1244 θεότητος
549 1147 606 1223 καὶ
634 1144 759 1227 οὐσίας
788 1141 893 1248 ἀξίαν
920 1144 1035 1240 συνῆν
1057 1145 1109 1246 τῷ
1127 1142 1211 1245 Θεῷ
1236 1140 1294 1217 καὶ

94 1272 229 1372 Πατρῖ,
258 1269 360 1369 ἡνίκα
388 1271 445 1348 ἐπὶ
474 1271 537 1368 τῆς
569 1273 637 1370 γῆς
666 1265 873 1372 ἐχρημάτιζε
907 1267 965 1344 καὶ
993 1269 1067 1348 τοῖς
1095 1262 1295 1363 ἀνθρώποις

91 1392 420 1500 συνανεστρίφετο,
439 1394 487 1475 ὡς
512 1390 701 1488 ὁμοοόσιος
730 1387 780 1468 ὧν
808 1391 918 1494 αὐτῷ·
958 1385 1049 1467 κατά
1076 1385 1113 1466 δὲ
1140 1383 1206 1465 τόν
1231 1388 1296 1482 τῆς

93 1513 335 1599 ἀποστάσεως
363 1515 477 1618 λόγον
498 1517 562 1595 οὐκ
590 1515 651 1596 ἔτι.
691 1515 860 1593 κεκίνωτο
888 1511 959 1615 γάρ
982 1519 1100 1606 πᾶσα,
1123 1513 1170 1593 ὡς
1195 1507 1299 1588 αὐτοί

94 1641 269 1746 φασιν,ἡ
295 1640 427 1740 υίοτικὴ
454 1638 657 1723 ὑπόστασις
683 1639 722 1718 ἐκ
749 1672 788 1717 τε
812 1643 885 1716 τῶν
911 1637 1070 1739 οὐρανῶν
1093 1637 1151 1713 καὶ
1178 1635 1325 1714 αὐτῶνο

41 1797 80 1836 ιο
94 1771 172 1842 τῶν
190 1770 371 1866 πατρικῶν
386 1761 545 1844 κόλπων.
586 1764 628 1842 οό
655 1761 726 1864 γάρ
754 1760 957 1841 συναπτίον
979 1758 1184 1838 ἀπόστασιν
1203 1757 1293 1836 ὑπο-

95 1886 243 1985 στάσει,
261 1889 339 1966 οίίτε
358 1887 421 1971 τάς
440 1890 477 1966 ε’ν
495 1889 559 1993 μιᾷ
583 1886 689 1992 οὐσίᾳ
708 1883 955 1988 ὑπαρχούσας.
995 1879 1066 1983 ε’γίο
1084 1879 1122 1960 δῖ
1139 1879 1183 1961 τὸ
1201 1913 1291 1981 προ-

95 2010 202 2094 πετὲς
220 2014 283 2109 τῆς
308 2011 462 2110 ἀμαθίας
485 2017 558 2091 τῶν
575 2019 686 2090 ταῦτα
709 2006 987 2112 πεφρονηκάτων
1006 2002 1207 2103 θαυμάσας,
1225 2005 1298 2082 δεῖν

97 2133 221 2240 ᾠήθην
250 2135 449 2236 ἀναγκαίως
476 2136 586 2214 ε’κεῖνο
613 2137 732 2229 εἰπεῖν,
755 2131 809 2210 ὅτι
837 2129 1047 2210 πεπόσωται
1073 2128 1158 2228 παρ’
1178 2127 1297 2210 αὐτοῖς

97 2258 122 2356 ἡ
152 2259 258 2337 οὐσία
284 2267 360 2338 τοῦ.
379 2262 485 2353 Θεοῦ,
514 2260 572 2334 καὶ
601 2252 835 2353 καταληπτὴν
863 2253 973 2352 αὐτὴν
1001 2249 1089 2331 εἷναί
1116 2257 1211 2356 φασι
1239 2253 1297 2329 καὶ

44 2403 82 2463 15
98 2379 407 2484 πεπερατωμίνην,
426 2384 485 2460 καί
512 2382 576 2459 οὐκ
603 2379 654 2458 ἔτι
681 2377 745 2477 μὲν
771 2374 1023 2480 ἀπεριόριστον
1052 2376 1131 2454 οὐδὲ
1159 2372 1295 2453 ἀκατά·

100 2513 252 2601 ληπτον,
272 2503 355 2582 ἀλλ’
375 2503 443 2603 ἤδη
463 2506 521 2583 καί
539 2503 660 2585 τόποις
678 2499 843 2606 χωρητῖγν
861 2501 919 2580 καὶ
947 2498 1169 2599 διαστήμασι
1197 2529 1296 2598 περι-
1308 2538 1327 2578 α
1340 2524 1407 2580 3⁸6
1422 2523 1464 2579 Δ.

99 2624 256 2726 ληπτὴν,
276 2624 418 2729 ἁρμόζει
443 2624 481 2706 δὲ
504 2634 615 2705 ταῦτα
640 2630 714 2709 τοῖς
740 2631 813 2703 τῶν
840 2622 1022 2722 σωμάτων
1049 2619 1185 2725 λόγοις.
1211 2621 1294 2699 οόκ-

99 2756 165 2828 οῦν
196 2752 254 2828 καὶ
287 2756 404 2847 σῶμα,
432 2749 576 2833 πάντως
604 2750 649 2828 δέ
671 2783 742 2829 που
772 2751 829 2828 καὶ
861 2750 898 2826 ἐν
932 2747 1023 2844 είδει,
1051 2749 1110 2826 καὶ
1139 2745 1181 2824 οὐ
1213 2744 1297 2848 δίχα

99 2873 282 2971 σώματος·
321 2874 440 2952 ἕπεται
467 2871 539 2975 γάρ
557 2871 603 2952 τά
630 2869 747 2952 τοιάδε
769 2878 842 2955 τοῖς
870 2871 1052 2970 σώμασιν.
1088 2865 1163 2948 εἶτα
1180 2866 1296 2949 πῶςὸ

47 3029 86 3068 20
102 2997 231 3099 Σωτήρ
256 3007 277 3044 “
293 2995 441 3094 Πνεῦμά
468 3003 584 3102 φησιν
602 2998 621 3074 ό
641 2992 773 3092 Θεός;”
811 3002 951 3093 πνεῦμα
976 2991 1049 3094 γάρ
1067 2989 1157 3071 εἷναί
1181 2999 1297 3094 φησιν

101 3119 211 3198 αι’πὸν
228 3120 270 3198 ἵν’
292 3120 362 3226 ἔξω
386 3123 592 3217 σωματικῆς
611 3119 813 3223 φαντασίας
832 3118 952 3222 ἀγοίγη
970 3115 1036 3214 τὴν
1055 3116 1219 3218 ὑπερφυᾶ
1238 3114 1295 3190 καὶ

100 3241 303 3346 ἀπόῤῥητον
331 3242 456 3347 φύσιν.
505 3238 559 3344 ἀρ’
589 3244 652 3320 οὐκ
680 3243 725 3321 ἀν
756 3276 810 3326 τις
847 3241 937 3320 εἴποι
971 3237 1111 3322 δικαίως
1144 3243 1217 3319 τοῖς
1249 3233 1296 3314 τά

101 3365 217 3447 τοιάδε
247 3365 515 3469 τεθρυληκόσιν,
542 3364 565 3467 ἢ
594 3370 651 3444 καὶ
678 3373 844 3465 τολμῶσι
870 3369 1014 3472 φρονεῖν
1044 3371 1065 3410 “
1082 3359 1296 3460 Ἑδικαιιόθη

142 3644 166 3683 1.
180 3626 222 3681 lta
233 3627 340 3710 reposui
352 3645 385 3688 ex
398 3634 417 3681 Γ
429 3637 455 3681 et
468 3645 516 3698 pro
525 3627 655 3696 analogia,
665 3627 760 3696 κτφαλ.
772 3648 797 3694 ιη
808 3624 859 3680 Ed.
923 3641 949 3680 α.
961 3623 1101 3695 Μανθάνω]
1113 3623 1211 3693 Incipit
1224 3623 1297 3693 (post

104 3697 198 3752 folium
216 3697 529 3765 ommmm)Afol.21o.
567 3697 662 3751 Statim
675 3697 703 3750 δὲ
716 3695 790 3750 addit
803 3703 831 3750 Γ.
885 3694 952 3749 οὕτω
963 3694 1297 3764 ριγάλοιςκαὶάναγκαίοις

103 3769 156 3822 hoc
168 3765 261 3820 ordine
273 3767 306 3821 A.
318 3766 385 3821 οὕτω
396 3777 458 3836 pout
469 3767 614 3838 ἀναγκαίοις
626 3766 776 3836 transponit
788 3765 840 3819 Ed.
948 3781 974 3833 3.
991 3766 1120 3834 φλυαρεῖν
1130 3763 1252 3818 εἰωθότας
1262 3763 1295 3815 A.

104 3837 227 3892 εἰωθότας
237 3839 388 3908 φληναφιῖν
401 3837 436 3891 Ι).
451 3836 502 3890 Ed.
621 3849 647 3904 5·
665 3838 710 3904 τῆς
722 3836 840 3903 θεότητος
853 3835 893 3888 καὶ
906 3835 997 3890 οὐσίας
1008 3833 1083 3902 ἀξίαν
1094 3834 1145 3886 hoc
1157 3831 1249 3886 ordine
1262 3835 1294 3885 A.

102 3905 178 3976 ἀξίαν
190 3915 252 3961 ante
263 3909 309 3977 τῆς
321 3906 471 3976 transponit
484 3905 534 3959 Ed.
547 3905 589 3958 καὶ
601 3905 692 3961 οὐσίας
704 3922 757 3958 om.
768 3913 797 3958 Γ.
842 3908 899 3977 θεῷ
909 3906 949 3958 καὶ
959 3912 1096 3972 assumpta
1108 3921 1139 3956 ex
1148 3904 1182 3964 A,
1192 3902 1296 3956 favente

104 3989 129 4032 et
142 3986 171 4033 Γ.
368 3976 394 4030 6.
413 3980 458 4046 της
470 3984 639 4044 assumptum
651 3993 682 4028 ex
696 3974 768 4029 A.D.
823 3975 974 4045 ἐχρημάτιζε
987 3974 1059 4028 A.D.
1073 3973 1231 4043 ἐχρημάτισε
1244 3971 1295 4025 Ed.

103 4051 129 4104 8.
149 4047 276 4102 κεκίνατω
288 4046 351 4116 (sic)
364 4047 398 4102 A.
451 4047 525 4100 αὐτοί
536 4054 620 4118 φησιν
632 4045 694 4114 (sic)
707 4048 740 4099 A.
777 4043 987 4113 ΒίαῐίῐυὴΑᾸ).
1001 4045 1041 4097 καί
1055 4043 1106 4097 Ed.
1213 4059 1240 4111 9.
1257 4043 1296 4095 ιἰῒ-

103 4119 159 4187 τικὴ
172 4123 206 4172 A.
219 4117 375 4208 ⁰²⁰'T⁸⁸3².D‘,
433 4187 440 4208 Ι
595 4132 651 4198 ,¹0·
670 4113 828 4185 ὑπόστασιν]
846 4121 874 4179 -1-
889 4118 920 4184 τῇ
935 4113 985 4168 Ed.
999 4111 1212 4204 repugnantibus,
1223 4113 1296 4202 AD:

104 4185 1297 4346 Jssbsfffflssfflssfflssssffsssffiaff'ffsssst‘ss'..msponitffd.“‘“⁶““⁰'⁰‘'‘IAA'JJEZ

103 4333 229 4400 -λδγοις
241 4329 292 4382 hoc
305 4327 398 4382 ordine
409 4329 443 4382 A.
458 4327 485 4382 δι’
498 4331 577 4382 ταῦτα
589 4329 643 4382 τοῖς
655 4331 705 4381 τῶν
715 4349 744 4381 σ.
757 4330 784 4380 λ.
796 4328 900 4396 αρμθζει
919 4325 970 4380 Ed.
1023 4323 1168 4392 ἀσωμάτων
1186 4323 1248 4447 Ἧις)
1262 4325 1296 4376 Α.

105 4416 147 4455 20.
174 4395 239 4453 εἶναι’
260 4401 346 4468 φησιν
368 4399 445 4452 αὐτὸν
468 4398 519 4452 hoc
545 4395 638 4451 ordine
662 4397 695 4450 A.
721 4398 798 4452 αιἰτδν
822 4395 899 4467 [αὐτὸ
923 4393 988 4466 EA]
1013 4390 1077 4448 εἶναι
1099 4397 1169 4465 φησι
1218 4434 1225 4447 .
1246 4393 1296 4448 Ed.

105 4487 147 4524 21.
160 4468 190 4525 ἵν’
198 4470 249 4538 ἔξω
263 4471 409 4537 σωματικῆς
419 4469 566 4539 φαντασίας
577 4467 661 4538 ἀγάγῃ
674 4468 707 4520 A.
720 4465 760 4521 ἵνα
772 4469 917 4536 σωματικῆς
928 4466 1012 4537 ἀγάγῃ
1024 4466 1170 4536 φαντασίας
1182 4465 1232 4532 ἔξω
1245 4463 1297 4518 Ed.

105 4557 147 4595 22.
165 4539 233 4596 ιίποι
245 4540 279 4596 A.
291 4538 350 4610 τίπη
365 4539 415 4595 Ed.
548 4555 590 4608 23.
610 4540 651 4592 καὶ
664 4541 781 4605 τολμῶσι
795 4546 825 4594 A.
839 4539 1019 4606 κατατολμῶσι
1033 4535 1068 4592 D.
1083 4534 1134 4594 Ed.

146 4647 217 4692 vot..
234 4647 287 4691 111.
684 4646 705 4706 4
721 4646 740 4688 υ
