3280 5142
112 323 266 416 xviii.23.
321 329 381 396 IN
403 331 437 398 S.
453 321 711 398 ΙῘΟΑΝΝΕΜ.
751 331 848 398 LIB.
864 332 925 398 XI.
964 331 1167 399 CARXII.
1272 331 1317 396 39

112 488 212 600 μόνιρ
231 494 375 597 νεύματι
392 495 529 584 πάντας
554 499 667 604 άρδην
684 498 875 584 Ἰουδαίους
900 496 1081 580 ἀπολέσαι
1105 497 1315 597 δυνάμενος,

112 616 371 722 δουλοπρεπῶς
400 622 595 727 ῥαπίζεται·
644 627 703 704 καὶ
732 625 801 732 δρᾷ
829 619 895 722 μὲν
920 622 1031 722 οὐδὲν,
1059 619 1252 724 ἀντεπάγει
1280 621 1319 701 δὲ

109 745 185 819 τῶν
209 743 427 827 ἀδικούντων
455 748 570 829 ούδενὶ
595 745 662 849 τὴν
688 751 911 854 παραχρῆμα
936 744 1104 840 κόλασιν,
1127 748 1202 828 ἐπεὶ
1228 743 1323 846 μηδέ

109 865 191 946 ε’στι
213 869 296 949 καθ’
317 869 410 970 ἡμᾶς
430 869 597 972 ἀσθενὴς,
615 869 638 973 ἢ
665 872 789 975 ὀργαῖς
814 869 837 972 ἢ
864 870 997 957 λύπαις
1020 869 1315 976 τοραννούμενος,

76 1006 95 1066 5
110 985 133 1087 ἦ
152 995 206 1096 τῷ
224 996 288 1092 τῆς
304 995 515 1102 πλεονεξίας
532 992 637 1099 βάρει
655 995 858 1098 νικώμενος,
876 998 1042 1078 δυσωπεῖ
1056 995 1094 1077 δὲ
1112 993 1236 1100 πράως
1254 993 1319 1077 τόν

110 1113 349 1220 ἐφεστηκότα,
367 1117 430 1200 τὸν
447 1118 547 1201 οὐδὲν
565 1117 723 1206 ἐκτόπως
741 1118 962 1221 λαλήσαντα
981 1115 1033 1220 μὴ
1054 1123 1184 1225 χρῆναι
1202 1119 1319 1200 παίειν

110 1237 233 1336 είπῶν,
247 1244 307 1322 καὶ
326 1243 443 1329 αὐτοῖς
461 1243 501 1324 δὲ
516 1251 590 1329 τοῖς
609 1249 777 1326 δοκοῦσιν
795 1241 883 1326 εῖναι
902 1249 1026 1329 δεινοῖς
1044 1246 1306 1351 ἐναποληφθεὶς

110 1367 186 1442 τῶν
203 1363 340 1445 οἰκείων
358 1365 645 1470 ἐπιτηδευμάτων
663 1369 727 1449 οὐκ
752 1370 891 1472 ἀλογεῖ.
932 1372 1104 1475 λογισμῷ
1128 1364 1200 1471 γὰρ
1226 1368 1315 1447 ἀνα·

110 1485 225 1567 πείθει
252 1494 304 1596 τῷ
333 1490 446 1571 δέοντι
473 1495 536 1592 τῆς
563 1495 602 1573 ἐν
624 1491 762 1576 τούτοις
788 1491 1003 1595 προπετείας
1030 1492 1232 1595 ἀποχωρεῖν
1254 1493 1349 1589 τῆςο

60 1645 97 1684 ιο
110 1617 186 1690 τῶν
213 1613 396 1695 Ἰουδαίων
429 1616 627 1723 ὑπεροψίας
657 1613 722 1697 τόν
753 1613 946 1720 ὑπουργὸν,
976 1613 1219 1715 κομισάμενος
1250 1611 1318 1715 μὲν

110 1735 221 1821 αύτὸς
238 1746 261 1783 “
274 1736 413 1844 πονηρά
440 1742 520 1820 ἀντὶ
546 1741 726 1843 ἀγαθῶν,”
747 1740 839 1821 κατὰ
866 1737 909 1821 τὸ
936 1737 1193 1843 γεγραμμένον,
1216 1740 1314 1820 ἀντι·
1362 1735 1450 1853 {gin

111 1859 231 1945 διδούς
250 1859 289 1941 δὲ
307 1871 380 1948 τοῖς
398 1862 630 1967 ἀτιμάζουσιν
647 1866 727 1944 ἀντὶ
744 1871 913 1968 πονηρῶν
932 1860 1062 1968 ἀγαθά.
1365 1879 1404 1918 ¹²·

159 1984 257 2066 Ἀλλ’
272 1987 291 2065 ὃ
304 1985 371 2086 μὲν
383 1987 516 2092 Κύριος
534 1987 635 2089 ἡμῶν
645 1989 789 2087 Ἰησοῦς
804 1985 1000 2092 όΧριστάς
1013 1989 1072 2068 καὶ
1085 1983 1319 2093 ῥαπιφίμενος

111 2109 321 2218 ἀνεξικακεῖ,
334 2113 448 2193 καίτοι
461 2111 554 2197 Θεὸς
572 2111 743 2220 ὑπάρχων
757 2110 939 2214 ἀληθινός,
950 2115 1018 2217 γῆς
1032 2145 1071 2192 τε
1089 2115 1148 2192 καὶ
1165 2112 1317 2214 ούρανοῦ

61 2259 97 2315 ¹5
114 2233 262 2339 Κύριος·
291 2235 391 2336 ἡμεῖς
409 2235 447 2317 δὲ
464 2241 498 2316 οί
517 2233 678 2336 τάλανες,
696 2241 729 2318 οἱ
748 2246 770 2286 “
782 2242 831 2342 γῆ
853 2239 910 2318 καῖ
929 2236 1098 2336 σποδὸς,”
1118 2239 1153 2317 οἱ
1170 2237 1317 2339 σμικροὶ
1362 2237 1430 2352 ξξίῗγ
1446 2314 1485 2367 ²⁷·

111 2361 172 2437 καὶ
185 2355 385 2464 ἐλάχιστοι,
397 2361 599 2465 καὶτῇτῶν
608 2360 782 2466 λαχάνων
793 2361 889 2469 χλόη
902 2359 1190 2466 παρεικασμένοι·
1205 2369 1227 2407 “
1235 2356 1316 2440 Ἄν-
1362 2369 1453 2498 {gmi-

111 2493 134 2529 “
154 2486 299 2585 θραντος
318 2481 389 2588 γάρ
408 2487 497 2564 ὡσεὶ
513 2483 643 2589 χόρτος
667 2489 704 2566 αἱ
726 2483 852 2591 η’μέραι
876 2485 995 2583 αὐτοῦ,
1014 2484 1073 2564 καὶ
1099 2486 1185 2564 ὡσεὶ
1209 2483 1318 2567 ἄνθος
1330 2504 1489 2564 alom-

111 2618 133 2652 “
152 2615 219 2686 τοῦ
234 2609 350 2712 ἀγροῦ
368 2609 481 2694 οὕτως
505 2608 727 2715 ε’ξανθύσει,”
748 2609 841 2690 κατὰ
864 2608 907 2690 τὸ
932 2605 1192 2713 γεγραμμένον·
1223 2605 1319 2692 τινὸς

111 2731 195 2811 ἔσθ’
216 2729 274 2811 ὅτε
299 2737 372 2812 τῶν
390 2735 560 2836 ἀδελφῶν
579 2732 815 2819 διαπεσόντος
841 2739 890 2818 είς
916 2731 1043 2834 λόγον,
1064 2733 1124 2812 καὶ
1142 2729 1265 2836 βραχύ
1282 2764 1319 2809 τι

59 2891 98 2932 ιο
112 2855 466 2963 παραφθεγξαμένου
505 2864 579 2938 τῶν
619 2859 796 2939 εἰωθότων
835 2863 973 2954 λνιτεῖν,
1011 2853 1216 2959 δρακόντων
1252 2853 1319 2953 μὲν

112 2981 216 3080 δίκην
245 2979 531 3085 ε’κπικραίνεσθαι
559 2983 631 3062 δεῖν
658 2980 712 3062 ἐπ’
740 2983 837 3090 αύτῷ
863 2979 1090 3085 λογιζόμεθα,
1115 2979 1252 3082 μυρίοις
1279 2976 1317 3059 δὲ

112 3103 195 3182 ἄνθ’
215 3101 293 3188 ἑνὸς
311 3108 670 3212 κατασφενδονῶντες
689 3105 813 3210 λόγοις
837 3106 880 3186 οὐ
905 3103 1154 3208 κορεννύμεθα,
1175 3103 1218 3184 ού
1240 3110 1318 3188 ταῖς

110 3227 353 3330 ἀνθρωπίναις
388 3229 645 3337 μικροφωχίαις
677 3236 868 3335 κιχρῶντες
904 3227 970 3329 τὴν
1003 3227 1149 3336 ἄφεσιν,
1178 3227 1221 3308 ού
1252 3224 1319 3328 τὴν

110 3351 235 3452 κοινὴν
254 3356 318 3452 τῆς
335 3352 481 3459 φύσεως
505 3356 704 3438 ἐννοοῦντες
732 3352 928 3452 ἀσθένειαν,
947 3353 988 3432 ού
1013 3357 1064 3461 τῷ
1090 3349 1352 3460 φιλαλλήλιρο

60 3515 96 3574 ²5
111 3474 403 3580 καταχωννύντες
434 3474 555 3587 τρόπῳ
587 3477 652 3563 τάς
683 3481 844 3560 ἐντεῦθεν
875 3475 998 3581 ὀργὰς,
1028 3478 1094 3557 οὐκ
1124 3481 1173 3561 είς
1205 3473 1316 3556 αι’ττὸν

111 3600 386 3696 ἀποβλέποντες
404 3610 426 3648 “
440 3599 504 3682 τόν
521 3606 586 3703 τῆς
608 3602 766 3687 πίστεως
792 3603 894 3703 ἡμῶν
911 3599 1074 3706 ἀρχηγὸν
1092 3602 1150 3680 καὶ
1168 3607 1312 3680 τελειω·
1362 3598 1484 3715 {⁰¹²¹st

112 3736 136 3773 ‘⁶
154 3723 222 3826 τὴν
258 3724 434 3825 Ἰησοῦν,”
468 3727 556 3807 ἀλλ’
588 3725 734 3811 ἑαυτούς
768 3727 917 3807 ἐκδικεῖν
952 3723 1225 3828 σποοδάᾷιντες,
1258 3724 1317 3802 καὶ
1362 3729 1484 3862 ἔξω·

111 3858 222 3930 τοῦτο
246 3855 393 3952 πικρῶς,
412 3849 526 3931 καίτοι
551 3855 615 3951 τῆς
640 3850 738 3935 θείας
763 3849 945 3954 λεγούσης
969 3852 1127 3955 γραφῆς,
1146 3844 1233 3928 ποτὲ
1250 3845 1316 3946 μὲν

111 3975 168 4056 ὅτι
191 3985 215 4023 “
232 3975 309 4054 ὁδοὶ
336 3973 569 4076 μνησικόκων
597 3981 646 4060 είς
672 3972 858 4072 θάνατον,”
882 3972 970 4056 ποτὲ
998 3973 1036 4054 δὲ
1063 3971 1177 4053 πάλιν
1201 3980 1222 4019 “
1237 3967 1316 4071 Τὴν
1360 3974 1486 4104 {JV-¹³³·

61 4147 99 4204 30
112 4111 134 4148 “
152 4099 281 4179 κακίαν
308 4097 461 4183 ἕκαστος
488 4105 553 4180 τοῦ
580 4099 742 4206 ἀδελφοῦ
769 4099 879 4179 αι’ντοῖι
908 4097 959 4198 μὴ
988 4095 1250 4198 μνησικακείτω
1278 4094 1316 4175 ἐν
1361 4106 1486 4225 {gemit

113 4235 135 4272 ‘⁴
153 4229 232 4307 ταῖς
250 4221 411 4324 καρδίαις
430 4222 563 4322 ύμῶν.”
592 4221 692 4303 ἀλλὰ
711 4221 782 4326 γὰρ
801 4226 851 4307 είς
867 4221 981 4303 τύπον
1000 4220 1084 4320 ἡμῖν
1103 4213 1317 4322 ἡμερότητος
1396 4211 1402 4224 ’

150 4523 176 4577 5.
195 4509 227 4563 τὸ
239 4505 313 4562 Aub.
326 4507 427 4562 correxi
440 4525 473 4564 εκ
487 4505 518 4562 Ε.
717 4523 759 4562 11.
777 4506 834 4563 ἀντὶ
847 4505 878 4562 Ε.
891 4505 944 4563 ἀντ’
959 4503 1011 4563 Ed.
1028 4501 1098 4578 [ἀντὶ
1109 4505 1214 4578 ἀγαθῶν
1226 4503 1317 4576 Alex-J

119 4593 159 4647 ¹5·
180 4579 267 4634 oiult„
281 4577 314 4634 E.
327 4577 369 4632 καὶ
381 4575 434 4636 Ed.
542 4596 583 4651 ¹9·
601 4587 808 4652 nonsummum
819 4595 852 4634 ex
865 4576 898 4635 B.
