<?xml version="1.0" encoding="UTF-8"?>
<!DOCTYPE html PUBLIC "-//W3C//DTD XHTML 1.0 Transitional//EN"
    "http://www.w3.org/TR/xhtml1/DTD/xhtml1-transitional.dtd">
<html xmlns="http://www.w3.org/1999/xhtml" xml:lang="en" lang="en">
 <head>
  <title>
</title>
<meta http-equiv="Content-Type" content="text/html;charset=utf-8" />
  <meta name='ocr-system' content='tesseract 3.04.00' />
  <meta name='ocr-capabilities' content='ocr_page ocr_carea ocr_par ocr_line ocrx_word'/>
</head>
<body>
  <div class='ocr_page' id='page_1' title='image "./sanctipatrisnos01pusegoog_0305.png"; bbox 0 0 3294 5150; ppageno 0'>
   <div class='ocr_carea' id='block_1_1' title="bbox 171 345 1524 616">
    <p class='ocr_par' dir='ltr' id='par_1_1' title="bbox 171 345 1524 616">
     <span class='ocr_line' id='line_1_1' title="bbox 324 345 1523 434; baseline -0.002 -20"><span class='ocrx_word' id='word_1_1' title='bbox 324 351 389 414; x_wconf 78' lang='lat'>292</span> <span class='ocrx_word' id='word_1_2' title='bbox 442 349 482 414; x_wconf 90' lang='lat' dir='ltr'>B.</span> <span class='ocrx_word' id='word_1_3' title='bbox 501 347 691 414; x_wconf 79' lang='lat' dir='ltr'><strong>CYRILLI</strong></span> <span class='ocrx_word' id='word_1_4' title='bbox 717 345 981 412; x_wconf 77' lang='lat' dir='ltr'>ALEXANDR.</span> <span class='ocrx_word' id='word_1_5' title='bbox 1010 346 1294 412; x_wconf 71' lang='lat' dir='ltr'><strong>FRAGMENTA</strong></span> <span class='ocrx_word' id='word_1_6' title='bbox 1337 347 1403 413; x_wconf 81' lang='lat' dir='ltr'>xiv.</span> <span class='ocrx_word' id='word_1_7' title='bbox 1417 367 1437 416; x_wconf 82' lang='lat'>2</span> <span class='ocrx_word' id='word_1_8' title='bbox 1453 371 1523 434; x_wconf 71' lang='lat' dir='ltr'>sqq.</span> 
     </span>
     <span class='ocr_line' id='line_1_2' title="bbox 171 451 1524 616; baseline -0.001 -21"><span class='ocrx_word' id='word_1_9' title='bbox 171 451 300 518; x_wconf 65' lang='lat' dir='ltr'>[M]</span> <span class='ocrx_word' id='word_1_10' title='bbox 324 511 416 610; x_wconf 75' lang='grc' dir='ltr'>ἡμᾶς</span> <span class='ocrx_word' id='word_1_11' title='bbox 444 513 644 609; x_wconf 75' lang='grc' dir='ltr'>οἰκονομίας</span> <span class='ocrx_word' id='word_1_12' title='bbox 671 510 991 613; x_wconf 78' lang='grc' dir='ltr'>ε’κπεπερασμίνης,</span> <span class='ocrx_word' id='word_1_13' title='bbox 1019 511 1123 595; x_wconf 89' lang='grc' dir='ltr'>ποίας</span> <span class='ocrx_word' id='word_1_14' title='bbox 1151 506 1195 609; x_wconf 86' lang='grc' dir='ltr'>ἦν</span> <span class='ocrx_word' id='word_1_15' title='bbox 1222 510 1273 589; x_wconf 77' lang='grc' dir='ltr'>ἔτι</span> <span class='ocrx_word' id='word_1_16' title='bbox 1300 495 1524 616; x_wconf 85' lang='grc' dir='ltr'>προφητείας</span> 
     </span>
    </p>
   </div>
   <div class='ocr_carea' id='block_1_2' title="bbox 214 630 1575 3811">
    <p class='ocr_par' dir='ltr' id='par_1_2' title="bbox 214 630 1575 3811">
     <span class='ocr_line' id='line_1_3' title="bbox 324 630 1523 737; baseline 0 -23"><span class='ocrx_word' id='word_1_17' title='bbox 324 631 496 736; x_wconf 64' lang='grc' dir='ltr'>καιρδαῆ</span> <span class='ocrx_word' id='word_1_18' title='bbox 521 635 634 715; x_wconf 88' lang='grc' dir='ltr'>ποίων</span> <span class='ocrx_word' id='word_1_19' title='bbox 650 633 702 713; x_wconf 77' lang='grc' dir='ltr'>ἔτι</span> <span class='ocrx_word' id='word_1_20' title='bbox 726 630 949 737; x_wconf 78' lang='grc' dir='ltr'>πραγμάτων</span> <span class='ocrx_word' id='word_1_21' title='bbox 968 633 990 731; x_wconf 85' lang='grc' dir='ltr'><strong><em>ἡ</em></strong></span> <span class='ocrx_word' id='word_1_22' title='bbox 1012 631 1298 737; x_wconf 83' lang='grc' dir='ltr'>προαγόρενσις;</span> <span class='ocrx_word' id='word_1_23' title='bbox 1330 635 1460 714; x_wconf 83' lang='grc' dir='ltr'>οὐκοῦν</span> <span class='ocrx_word' id='word_1_24' title='bbox 1478 632 1523 714; x_wconf 80' lang='grc' dir='ltr'>τό</span> 
     </span>
     <span class='ocr_line' id='line_1_4' title="bbox 323 754 1522 863; baseline -0.002 -25"><span class='ocrx_word' id='word_1_25' title='bbox 323 755 559 863; x_wconf 80' lang='grc' dir='ltr'>προφητεύειν</span> <span class='ocrx_word' id='word_1_26' title='bbox 584 759 622 837; x_wconf 87' lang='grc' dir='ltr'>ε’ν</span> <span class='ocrx_word' id='word_1_27' title='bbox 651 757 788 839; x_wconf 90' lang='grc' dir='ltr'>τούτοις</span> <span class='ocrx_word' id='word_1_28' title='bbox 817 755 869 855; x_wconf 85' lang='grc' dir='ltr'>ε’ίη</span> <span class='ocrx_word' id='word_1_29' title='bbox 898 754 941 834; x_wconf 80' lang='grc' dir='ltr'>ἂν</span> <span class='ocrx_word' id='word_1_30' title='bbox 970 757 1090 859; x_wconf 79' lang='grc' dir='ltr'>ἕτερον</span> <span class='ocrx_word' id='word_1_31' title='bbox 1117 755 1227 853; x_wconf 74' lang='grc' dir='ltr'>οὐδὲν,</span> <span class='ocrx_word' id='word_1_32' title='bbox 1250 755 1352 856; x_wconf 80' lang='grc' dir='ltr'>πλὴν</span> <span class='ocrx_word' id='word_1_33' title='bbox 1378 757 1434 837; x_wconf 73' lang='grc' dir='ltr'>ὅτι</span> <span class='ocrx_word' id='word_1_34' title='bbox 1461 760 1522 836; x_wconf 75' lang='grc' dir='ltr'>καὶ</span> 
     </span>
     <span class='ocr_line' id='line_1_5' title="bbox 323 877 1523 985; baseline 0.001 -26"><span class='ocrx_word' id='word_1_35' title='bbox 323 879 434 980; x_wconf 92' lang='grc' dir='ltr'>μόνον</span> <span class='ocrx_word' id='word_1_36' title='bbox 453 877 494 961; x_wconf 82' lang='grc' dir='ltr'>τό</span> <span class='ocrx_word' id='word_1_37' title='bbox 513 879 746 984; x_wconf 90' lang='grc' dir='ltr'>διερμηνεύειν</span> <span class='ocrx_word' id='word_1_38' title='bbox 765 878 940 959; x_wconf 90' lang='grc' dir='ltr'>δύνασθαι</span> <span class='ocrx_word' id='word_1_39' title='bbox 958 880 1186 984; x_wconf 87' lang='grc' dir='ltr'>προφητείας·</span> <span class='ocrx_word' id='word_1_40' title='bbox 1215 882 1365 964; x_wconf 77' lang='grc' dir='ltr'>καὶτοῖς</span> <span class='ocrx_word' id='word_1_41' title='bbox 1383 882 1523 985; x_wconf 77' lang='grc' dir='ltr'>ἀκροω-</span> 
     </span>
     <span class='ocr_line' id='line_1_6' title="bbox 324 999 1556 1106; baseline 0.003 -26"><span class='ocrx_word' id='word_1_42' title='bbox 324 1001 440 1101; x_wconf 84' lang='grc' dir='ltr'>μίνοις</span> <span class='ocrx_word' id='word_1_43' title='bbox 473 1007 521 1089; x_wconf 84' lang='grc' dir='ltr'>ὡς</span> <span class='ocrx_word' id='word_1_44' title='bbox 554 1003 604 1083; x_wconf 80' lang='grc' dir='ltr'>ἕνι</span> <span class='ocrx_word' id='word_1_45' title='bbox 633 1001 976 1100; x_wconf 88' lang='grc' dir='ltr'>καταλευκαίνοντες,</span> <span class='ocrx_word' id='word_1_46' title='bbox 1012 999 1087 1082; x_wconf 82' lang='grc' dir='ltr'>εἷτα</span> <span class='ocrx_word' id='word_1_47' title='bbox 1123 1002 1214 1106; x_wconf 77' lang='grc' dir='ltr'>πρὸς</span> <span class='ocrx_word' id='word_1_48' title='bbox 1246 1001 1418 1102; x_wconf 81' lang='grc' dir='ltr'>ἀλήθειαν</span> <span class='ocrx_word' id='word_1_49' title='bbox 1454 1002 1556 1098; x_wconf 82' lang='grc' dir='ltr'>τδν5</span> 
     </span>
     <span class='ocr_line' id='line_1_7' title="bbox 323 1124 1524 1232; baseline 0.003 -27"><span class='ocrx_word' id='word_1_50' title='bbox 323 1132 450 1207; x_wconf 78' lang='grc' dir='ltr'>οἰκεῖον</span> <span class='ocrx_word' id='word_1_51' title='bbox 472 1125 516 1232; x_wconf 81' lang='grc' dir='ltr'>ἐξ</span> <span class='ocrx_word' id='word_1_52' title='bbox 541 1127 657 1205; x_wconf 81' lang='grc' dir='ltr'>αὐτῶν</span> <span class='ocrx_word' id='word_1_53' title='bbox 675 1127 904 1225; x_wconf 82' lang='grc' dir='ltr'>ἐμπεδοῦνπες</span> <span class='ocrx_word' id='word_1_54' title='bbox 932 1124 1055 1227; x_wconf 90' lang='grc' dir='ltr'>λόγον,</span> <span class='ocrx_word' id='word_1_55' title='bbox 1075 1127 1179 1229; x_wconf 87' lang='grc' dir='ltr'>ὀρθοί</span> <span class='ocrx_word' id='word_1_56' title='bbox 1201 1160 1242 1206; x_wconf 90' lang='grc' dir='ltr'>τε</span> <span class='ocrx_word' id='word_1_57' title='bbox 1264 1128 1322 1206; x_wconf 82' lang='grc' dir='ltr'>καὶ</span> <span class='ocrx_word' id='word_1_58' title='bbox 1347 1129 1524 1210; x_wconf 76' lang='grc' dir='ltr'>ἀπλανεῖς</span> 
     </span>
     <span class='ocr_line' id='line_1_8' title="bbox 321 1244 1522 1366; baseline 0 -37"><span class='ocrx_word' id='word_1_59' title='bbox 321 1247 478 1348; x_wconf 80' lang='grc' dir='ltr'>ἐσόμεθα</span> <span class='ocrx_word' id='word_1_60' title='bbox 506 1256 579 1330; x_wconf 82' lang='grc' dir='ltr'>τῶν</span> <span class='ocrx_word' id='word_1_61' title='bbox 605 1250 816 1328; x_wconf 82' lang='grc' dir='ltr'>καλλίστων</span> <span class='ocrx_word' id='word_1_62' title='bbox 844 1244 1028 1351; x_wconf 81' lang='grc' dir='ltr'>ε’ξηγηταί.</span> <span class='ocrx_word' id='word_1_63' title='bbox 1065 1258 1080 1330; x_wconf 82' lang='grc' dir='ltr'><strong><em>ὁ</em></strong></span> <span class='ocrx_word' id='word_1_64' title='bbox 1106 1248 1224 1330; x_wconf 91' lang='grc' dir='ltr'>τοίνυν</span> <span class='ocrx_word' id='word_1_65' title='bbox 1251 1252 1346 1355; x_wconf 79' lang='grc' dir='ltr'>φησὶ</span> <span class='ocrx_word' id='word_1_66' title='bbox 1372 1249 1522 1366; x_wconf 71' lang='grc' dir='ltr'>γλείσση</span> 
     </span>
     <span class='ocr_line' id='line_1_9' title="bbox 321 1369 1524 1481; baseline 0.002 -28"><span class='ocrx_word' id='word_1_67' title='bbox 321 1373 441 1454; x_wconf 72' lang='grc' dir='ltr'>λαλοῦν</span> <span class='ocrx_word' id='word_1_68' title='bbox 460 1379 519 1454; x_wconf 81' lang='grc' dir='ltr'>οὐκ</span> <span class='ocrx_word' id='word_1_69' title='bbox 536 1369 711 1481; x_wconf 65' lang='grc' dir='ltr'>ἀνθρώποις</span> <span class='ocrx_word' id='word_1_70' title='bbox 729 1377 874 1470; x_wconf 80' lang='grc' dir='ltr'>μᾶλλον</span> <span class='ocrx_word' id='word_1_71' title='bbox 893 1372 997 1454; x_wconf 71' lang='grc' dir='ltr'>α’λλδ</span> <span class='ocrx_word' id='word_1_72' title='bbox 1018 1370 1064 1481; x_wconf 66' lang='grc' dir='ltr'>τῷ</span> <span class='ocrx_word' id='word_1_73' title='bbox 1085 1379 1162 1481; x_wconf 76' lang='grc' dir='ltr'>Θεῷ</span> <span class='ocrx_word' id='word_1_74' title='bbox 1184 1378 1403 1474; x_wconf 86' lang='grc' dir='ltr'>προσλαλεῖ·</span> <span class='ocrx_word' id='word_1_75' title='bbox 1441 1379 1524 1456; x_wconf 83' lang='grc' dir='ltr'>πῶς</span> 
     </span>
     <span class='ocr_line' id='line_1_10' title="bbox 322 1489 1523 1601; baseline 0 -27"><span class='ocrx_word' id='word_1_76' title='bbox 322 1494 360 1575; x_wconf 74' lang='grc' dir='ltr'>δὲ</span> <span class='ocrx_word' id='word_1_77' title='bbox 378 1494 401 1596; x_wconf 80' lang='grc' dir='ltr'>ἦ</span> <span class='ocrx_word' id='word_1_78' title='bbox 420 1495 499 1576; x_wconf 78' lang='grc' dir='ltr'>τινὰ</span> <span class='ocrx_word' id='word_1_79' title='bbox 523 1493 681 1598; x_wconf 90' lang='grc' dir='ltr'>τρόπον;</span> <span class='ocrx_word' id='word_1_80' title='bbox 708 1489 809 1580; x_wconf 70' lang='grc' dir='ltr'>οὐδεὶς</span> <span class='ocrx_word' id='word_1_81' title='bbox 833 1492 903 1601; x_wconf 71' lang='grc' dir='ltr'>γέιρ</span> <span class='ocrx_word' id='word_1_82' title='bbox 919 1493 1047 1594; x_wconf 84' lang='grc' dir='ltr'>οίιιούει,</span> <span class='ocrx_word' id='word_1_83' title='bbox 1066 1495 1194 1601; x_wconf 86' lang='grc' dir='ltr'>φησίν·</span> <span class='ocrx_word' id='word_1_84' title='bbox 1226 1499 1259 1574; x_wconf 85' lang='grc' dir='ltr'>εί</span> <span class='ocrx_word' id='word_1_85' title='bbox 1283 1492 1355 1598; x_wconf 75' lang='grc' dir='ltr'>γὰρ</span> <span class='ocrx_word' id='word_1_86' title='bbox 1380 1495 1523 1575; x_wconf 81' lang='grc' dir='ltr'>δεδαται</span> 
     </span>
     <span class='ocr_line' id='line_1_11' title="bbox 320 1615 1575 1724; baseline 0.004 -28"><span class='ocrx_word' id='word_1_87' title='bbox 320 1615 431 1723; x_wconf 85' lang='grc' dir='ltr'>τυχόν</span> <span class='ocrx_word' id='word_1_88' title='bbox 463 1624 514 1724; x_wconf 78' lang='grc' dir='ltr'>τῷ</span> <span class='ocrx_word' id='word_1_89' title='bbox 540 1615 606 1716; x_wconf 70' lang='grc' dir='ltr'>μὲν</span> <span class='ocrx_word' id='word_1_90' title='bbox 635 1621 719 1696; x_wconf 81' lang='grc' dir='ltr'>δεῖνι</span> <span class='ocrx_word' id='word_1_91' title='bbox 745 1624 818 1696; x_wconf 88' lang='grc' dir='ltr'>τῶν</span> <span class='ocrx_word' id='word_1_92' title='bbox 843 1622 1013 1716; x_wconf 79' lang='grc' dir='ltr'>μαθητῶν</span> <span class='ocrx_word' id='word_1_93' title='bbox 1040 1616 1082 1698; x_wconf 81' lang='grc' dir='ltr'>τό</span> <span class='ocrx_word' id='word_1_94' title='bbox 1115 1617 1276 1722; x_wconf 82' lang='grc' dir='ltr'>γλώσσῃ</span> <span class='ocrx_word' id='word_1_95' title='bbox 1303 1623 1348 1722; x_wconf 77' lang='grc' dir='ltr'>τῇ</span> <span class='ocrx_word' id='word_1_96' title='bbox 1377 1615 1522 1718; x_wconf 87' lang='grc' dir='ltr'>Μήδων</span> <span class='ocrx_word' id='word_1_97' title='bbox 1537 1660 1575 1701; x_wconf 91' lang='lat'>10</span> 
     </span>
     <span class='ocr_line' id='line_1_12' title="bbox 322 1736 1521 1847; baseline 0.005 -30"><span class='ocrx_word' id='word_1_98' title='bbox 322 1738 498 1820; x_wconf 89' lang='grc' dir='ltr'>δύνασθαι</span> <span class='ocrx_word' id='word_1_99' title='bbox 534 1746 672 1836; x_wconf 81' lang='grc' dir='ltr'>λαλεῖν,</span> <span class='ocrx_word' id='word_1_100' title='bbox 706 1737 812 1847; x_wconf 71' lang='grc' dir='ltr'>ἑτέρῳ</span> <span class='ocrx_word' id='word_1_101' title='bbox 844 1737 883 1819; x_wconf 81' lang='grc' dir='ltr'>δὲ</span> <span class='ocrx_word' id='word_1_102' title='bbox 920 1741 965 1818; x_wconf 83' lang='grc' dir='ltr'>αὖ</span> <span class='ocrx_word' id='word_1_103' title='bbox 1001 1744 1047 1844; x_wconf 81' lang='grc' dir='ltr'>τῇ</span> <span class='ocrx_word' id='word_1_104' title='bbox 1079 1741 1296 1840; x_wconf 86' lang='grc' dir='ltr'>Ἐλαμιτιῦν,</span> <span class='ocrx_word' id='word_1_105' title='bbox 1326 1736 1402 1820; x_wconf 83' lang='grc' dir='ltr'>εἶτα</span> <span class='ocrx_word' id='word_1_106' title='bbox 1440 1749 1521 1824; x_wconf 87' lang='grc' dir='ltr'>ταῖς</span> 
     </span>
     <span class='ocr_line' id='line_1_13' title="bbox 321 1859 1521 1967; baseline 0.006 -27"><span class='ocrx_word' id='word_1_107' title='bbox 321 1861 503 1941; x_wconf 83' lang='grc' dir='ltr'>Ἰουδαίων</span> <span class='ocrx_word' id='word_1_108' title='bbox 529 1860 851 1965; x_wconf 76' lang='grc' dir='ltr'>προσδιαλέγοιντο</span> <span class='ocrx_word' id='word_1_109' title='bbox 877 1869 1106 1964; x_wconf 80' lang='grc' dir='ltr'>συναγωγαῖς</span> <span class='ocrx_word' id='word_1_110' title='bbox 1124 1868 1158 1943; x_wconf 88' lang='grc' dir='ltr'>οί</span> <span class='ocrx_word' id='word_1_111' title='bbox 1181 1865 1262 1967; x_wconf 84' lang='grc' dir='ltr'>περὶ</span> <span class='ocrx_word' id='word_1_112' title='bbox 1284 1859 1335 1943; x_wconf 84' lang='grc' dir='ltr'>ὧν</span> <span class='ocrx_word' id='word_1_113' title='bbox 1360 1865 1379 1941; x_wconf 88' lang='grc' dir='ltr'>ό</span> <span class='ocrx_word' id='word_1_114' title='bbox 1405 1863 1521 1964; x_wconf 85' lang='grc' dir='ltr'>λόγος</span> 
     </span>
     <span class='ocr_line' id='line_1_14' title="bbox 321 1982 1521 2086; baseline 0.001 -23"><span class='ocrx_word' id='word_1_115' title='bbox 321 1984 434 2084; x_wconf 83' lang='grc' dir='ltr'>ἤγουν</span> <span class='ocrx_word' id='word_1_116' title='bbox 452 1991 528 2069; x_wconf 88' lang='grc' dir='ltr'>ταῖς</span> <span class='ocrx_word' id='word_1_117' title='bbox 553 1982 717 2085; x_wconf 80' lang='grc' dir='ltr'>ἑλλήνων</span> <span class='ocrx_word' id='word_1_118' title='bbox 735 1982 893 2085; x_wconf 81' lang='grc' dir='ltr'>ἀγίλαις,</span> <span class='ocrx_word' id='word_1_119' title='bbox 913 1985 966 2070; x_wconf 87' lang='grc' dir='ltr'>τίς</span> <span class='ocrx_word' id='word_1_120' title='bbox 985 1987 1005 2063; x_wconf 88' lang='grc' dir='ltr'><strong>ὁ</strong></span> <span class='ocrx_word' id='word_1_121' title='bbox 1023 1984 1274 2086; x_wconf 84' lang='grc' dir='ltr'>ἀκουσόμενος,</span> <span class='ocrx_word' id='word_1_122' title='bbox 1292 1984 1315 2086; x_wconf 83' lang='grc' dir='ltr'>ἦ</span> <span class='ocrx_word' id='word_1_123' title='bbox 1333 1985 1419 2065; x_wconf 91' lang='grc' dir='ltr'>ποία</span> <span class='ocrx_word' id='word_1_124' title='bbox 1444 1993 1521 2065; x_wconf 80' lang='grc' dir='ltr'>τῶν</span> 
     </span>
     <span class='ocr_line' id='line_1_15' title="bbox 321 2104 1521 2211; baseline 0.003 -27"><span class='ocrx_word' id='word_1_125' title='bbox 321 2105 444 2208; x_wconf 89' lang='grc' dir='ltr'>λόγων</span> <span class='ocrx_word' id='word_1_126' title='bbox 462 2107 485 2206; x_wconf 85' lang='grc' dir='ltr'><strong><em>ἡ</em></strong></span> <span class='ocrx_word' id='word_1_127' title='bbox 504 2106 628 2206; x_wconf 84' lang='grc' dir='ltr'>ὄνησις</span> <span class='ocrx_word' id='word_1_128' title='bbox 646 2105 775 2204; x_wconf 70' lang='grc' dir='ltr'>ἔσται,</span> <span class='ocrx_word' id='word_1_129' title='bbox 807 2104 959 2206; x_wconf 84' lang='grc' dir='ltr'>σννήσει</span> <span class='ocrx_word' id='word_1_130' title='bbox 976 2106 1048 2211; x_wconf 79' lang='grc' dir='ltr'>γὰρ</span> <span class='ocrx_word' id='word_1_131' title='bbox 1067 2109 1188 2204; x_wconf 74' lang='grc' dir='ltr'>οὐδεὶς,</span> <span class='ocrx_word' id='word_1_132' title='bbox 1207 2106 1307 2208; x_wconf 79' lang='grc' dir='ltr'>πλὴν</span> <span class='ocrx_word' id='word_1_133' title='bbox 1324 2107 1434 2208; x_wconf 89' lang='grc' dir='ltr'>μόνον</span> <span class='ocrx_word' id='word_1_134' title='bbox 1453 2117 1521 2188; x_wconf 91' lang='grc' dir='ltr'>τοῦ</span> 
     </span>
     <span class='ocr_line' id='line_1_16' title="bbox 319 2225 1573 2338; baseline 0.002 -28"><span class='ocrx_word' id='word_1_135' title='bbox 319 2227 438 2310; x_wconf 86' lang='grc' dir='ltr'>πάντα</span> <span class='ocrx_word' id='word_1_136' title='bbox 456 2225 588 2314; x_wconf 80' lang='grc' dir='ltr'>εἰδότος</span> <span class='ocrx_word' id='word_1_137' title='bbox 607 2234 711 2308; x_wconf 86' lang='grc' dir='ltr'>Θεοῦ·</span> <span class='ocrx_word' id='word_1_138' title='bbox 741 2235 791 2336; x_wconf 78' lang='grc' dir='ltr'>τῷ</span> <span class='ocrx_word' id='word_1_139' title='bbox 810 2227 881 2330; x_wconf 78' lang='grc' dir='ltr'>γὰρ</span> <span class='ocrx_word' id='word_1_140' title='bbox 900 2233 1078 2337; x_wconf 81' lang='grc' dir='ltr'>πνεύματι,</span> <span class='ocrx_word' id='word_1_141' title='bbox 1092 2236 1197 2338; x_wconf 78' lang='grc' dir='ltr'>φησὶ,</span> <span class='ocrx_word' id='word_1_142' title='bbox 1215 2235 1325 2311; x_wconf 82' lang='grc' dir='ltr'>λαλεῖ</span> <span class='ocrx_word' id='word_1_143' title='bbox 1338 2233 1517 2338; x_wconf 68' lang='grc' dir='ltr'>μυστήρια.</span> <span class='ocrx_word' id='word_1_144' title='bbox 1535 2267 1573 2328; x_wconf 79' lang='lat'>15</span> 
     </span>
     <span class='ocr_line' id='line_1_17' title="bbox 320 2350 1519 2460; baseline -0.001 -28"><span class='ocrx_word' id='word_1_145' title='bbox 320 2351 420 2455; x_wconf 75' lang='grc' dir='ltr'>ἄθρει</span> <span class='ocrx_word' id='word_1_146' title='bbox 448 2350 485 2433; x_wconf 79' lang='grc' dir='ltr'>δὲ</span> <span class='ocrx_word' id='word_1_147' title='bbox 504 2352 599 2436; x_wconf 80' lang='grc' dir='ltr'>ὅπως</span> <span class='ocrx_word' id='word_1_148' title='bbox 618 2354 638 2431; x_wconf 88' lang='grc' dir='ltr'>ό</span> <span class='ocrx_word' id='word_1_149' title='bbox 658 2354 741 2459; x_wconf 72' lang='grc' dir='ltr'>θεῷ</span> <span class='ocrx_word' id='word_1_150' title='bbox 765 2359 891 2432; x_wconf 85' lang='grc' dir='ltr'>λαλῶν</span> <span class='ocrx_word' id='word_1_151' title='bbox 908 2351 1074 2460; x_wconf 83' lang='grc' dir='ltr'>πνεύματι</span> <span class='ocrx_word' id='word_1_152' title='bbox 1100 2358 1218 2435; x_wconf 83' lang='grc' dir='ltr'>λαλεῖ·</span> <span class='ocrx_word' id='word_1_153' title='bbox 1253 2351 1346 2437; x_wconf 78' lang='grc' dir='ltr'>θεὸς</span> <span class='ocrx_word' id='word_1_154' title='bbox 1364 2354 1427 2433; x_wconf 82' lang='grc' dir='ltr'>οὖν</span> <span class='ocrx_word' id='word_1_155' title='bbox 1445 2353 1519 2456; x_wconf 79' lang='grc' dir='ltr'>ἄρα</span> 
     </span>
     <span class='ocr_line' id='line_1_18' title="bbox 319 2471 1519 2588; baseline 0.003 -34"><span class='ocrx_word' id='word_1_156' title='bbox 319 2471 361 2554; x_wconf 78' lang='grc' dir='ltr'>τό</span> <span class='ocrx_word' id='word_1_157' title='bbox 382 2479 542 2575; x_wconf 85' lang='grc' dir='ltr'>Πνεῦμα.</span> <span class='ocrx_word' id='word_1_158' title='bbox 574 2477 700 2555; x_wconf 88' lang='grc' dir='ltr'>οῦκοῦν</span> <span class='ocrx_word' id='word_1_159' title='bbox 719 2483 734 2556; x_wconf 78' lang='grc' dir='ltr'><em>ὂ</em></span> <span class='ocrx_word' id='word_1_160' title='bbox 752 2472 896 2588; x_wconf 76' lang='grc' dir='ltr'>γλόσση</span> <span class='ocrx_word' id='word_1_161' title='bbox 919 2475 1038 2557; x_wconf 68' lang='grc' dir='ltr'>λαλεῦν</span> <span class='ocrx_word' id='word_1_162' title='bbox 1057 2484 1134 2586; x_wconf 75' lang='grc' dir='ltr'>Θεῷ</span> <span class='ocrx_word' id='word_1_163' title='bbox 1158 2483 1314 2576; x_wconf 80' lang='grc' dir='ltr'>μᾶλλον,</span> <span class='ocrx_word' id='word_1_164' title='bbox 1333 2478 1437 2582; x_wconf 77' lang='grc' dir='ltr'>φησί,</span> <span class='ocrx_word' id='word_1_165' title='bbox 1457 2481 1519 2557; x_wconf 87' lang='grc' dir='ltr'>καὶ</span> 
     </span>
     <span class='ocr_line' id='line_1_19' title="bbox 221 2591 1513 2707; baseline 0.002 -31"><span class='ocrx_word' id='word_1_166' title='bbox 221 2626 307 2676; x_wconf 67' lang='lat' dir='ltr'>ms·</span> <span class='ocrx_word' id='word_1_167' title='bbox 321 2603 378 2678; x_wconf 79' lang='grc' dir='ltr'>οὐκ</span> <span class='ocrx_word' id='word_1_168' title='bbox 406 2596 582 2706; x_wconf 81' lang='grc' dir='ltr'>εἰνθριίπεις</span> <span class='ocrx_word' id='word_1_169' title='bbox 606 2601 725 2678; x_wconf 81' lang='grc' dir='ltr'>λαλεῖ·</span> <span class='ocrx_word' id='word_1_170' title='bbox 765 2606 780 2678; x_wconf 78' lang='grc' dir='ltr'>ὅ</span> <span class='ocrx_word' id='word_1_171' title='bbox 803 2591 839 2677; x_wconf 76' lang='grc' dir='ltr'>δὲ</span> <span class='ocrx_word' id='word_1_172' title='bbox 862 2597 1067 2707; x_wconf 79' lang='grc' dir='ltr'>προφητείαν</span> <span class='ocrx_word' id='word_1_173' title='bbox 1090 2597 1265 2707; x_wconf 71' lang='grc' dir='ltr'>ἀνθρώποις</span> <span class='ocrx_word' id='word_1_174' title='bbox 1290 2603 1402 2680; x_wconf 80' lang='grc' dir='ltr'>λαλεῖ</span> <span class='ocrx_word' id='word_1_175' title='bbox 1423 2608 1513 2680; x_wconf 81' lang='grc' dir='ltr'>οἶιιο-</span> 
     </span>
     <span class='ocr_line' id='line_1_20' title="bbox 319 2715 1517 2827; baseline 0.003 -28"><span class='ocrx_word' id='word_1_176' title='bbox 319 2715 418 2826; x_wconf 70' lang='grc' dir='ltr'>δομῗμ</span> <span class='ocrx_word' id='word_1_177' title='bbox 444 2728 503 2801; x_wconf 71' lang='grc' dir='ltr'>καὶ</span> <span class='ocrx_word' id='word_1_178' title='bbox 533 2719 751 2827; x_wconf 68' lang='grc' dir='ltr'>παράκλησιν</span> <span class='ocrx_word' id='word_1_179' title='bbox 780 2729 840 2801; x_wconf 71' lang='grc' dir='ltr'>καὶ</span> <span class='ocrx_word' id='word_1_180' title='bbox 868 2720 1099 2827; x_wconf 80' lang='grc' dir='ltr'>παραμιθίειν.</span> <span class='ocrx_word' id='word_1_181' title='bbox 1141 2725 1270 2805; x_wconf 76' lang='grc' dir='ltr'>συνιεὶς</span> <span class='ocrx_word' id='word_1_182' title='bbox 1299 2722 1362 2802; x_wconf 81' lang='grc' dir='ltr'>οὖν</span> <span class='ocrx_word' id='word_1_183' title='bbox 1389 2720 1444 2801; x_wconf 80' lang='grc' dir='ltr'>ὅτι</span> <span class='ocrx_word' id='word_1_184' title='bbox 1471 2720 1517 2802; x_wconf 79' lang='grc' dir='ltr'>τό</span> 
     </span>
     <span class='ocr_line' id='line_1_21' title="bbox 317 2841 1571 2950; baseline 0.002 -29"><span class='ocrx_word' id='word_1_185' title='bbox 317 2842 554 2949; x_wconf 80' lang='grc' dir='ltr'>προφητεύειν</span> <span class='ocrx_word' id='word_1_186' title='bbox 574 2845 612 2921; x_wconf 77' lang='grc' dir='ltr'>ἐν</span> <span class='ocrx_word' id='word_1_187' title='bbox 629 2843 775 2938; x_wconf 84' lang='grc' dir='ltr'>τούτοις,</span> <span class='ocrx_word' id='word_1_188' title='bbox 795 2841 836 2922; x_wconf 79' lang='grc' dir='ltr'>τό</span> <span class='ocrx_word' id='word_1_189' title='bbox 861 2845 1095 2946; x_wconf 88' lang='grc' dir='ltr'>διερμηνεύειν</span> <span class='ocrx_word' id='word_1_190' title='bbox 1113 2846 1191 2924; x_wconf 82' lang='grc' dir='ltr'>ἐστὶ</span> <span class='ocrx_word' id='word_1_191' title='bbox 1209 2844 1256 2924; x_wconf 81' lang='grc' dir='ltr'>τὰ</span> <span class='ocrx_word' id='word_1_192' title='bbox 1274 2851 1346 2924; x_wconf 86' lang='grc' dir='ltr'>τιῦν</span> <span class='ocrx_word' id='word_1_193' title='bbox 1363 2851 1511 2950; x_wconf 90' lang='grc' dir='ltr'>προφη·</span> <span class='ocrx_word' id='word_1_194' title='bbox 1531 2895 1571 2936; x_wconf 78' lang='lat'>20</span> 
     </span>
     <span class='ocr_line' id='line_1_22' title="bbox 316 2962 1516 3068; baseline 0.004 -26"><span class='ocrx_word' id='word_1_195' title='bbox 316 2971 401 3062; x_wconf 81' lang='grc' dir='ltr'>τῶν,</span> <span class='ocrx_word' id='word_1_196' title='bbox 420 2966 463 3045; x_wconf 93' lang='grc' dir='ltr'>δι’</span> <span class='ocrx_word' id='word_1_197' title='bbox 483 2962 571 3044; x_wconf 81' lang='grc' dir='ltr'>ιδνό</span> <span class='ocrx_word' id='word_1_198' title='bbox 596 2969 659 3062; x_wconf 81' lang='grc' dir='ltr'>τῆς</span> <span class='ocrx_word' id='word_1_199' title='bbox 683 2963 946 3067; x_wconf 86' lang='grc' dir='ltr'>παρακλήσεως</span> <span class='ocrx_word' id='word_1_200' title='bbox 967 2976 1159 3048; x_wconf 89' lang='grc' dir='ltr'>πιστοῦται</span> <span class='ocrx_word' id='word_1_201' title='bbox 1183 2966 1294 3068; x_wconf 91' lang='grc' dir='ltr'>λόγος</span> <span class='ocrx_word' id='word_1_202' title='bbox 1317 2969 1376 3048; x_wconf 79' lang='grc' dir='ltr'>καὶ</span> <span class='ocrx_word' id='word_1_203' title='bbox 1401 2970 1422 3048; x_wconf 86' lang='grc' dir='ltr'>ό</span> <span class='ocrx_word' id='word_1_204' title='bbox 1440 2974 1516 3047; x_wconf 85' lang='grc' dir='ltr'>τῶν</span> 
     </span>
     <span class='ocr_line' id='line_1_23' title="bbox 316 3087 1517 3192; baseline 0.002 -25"><span class='ocrx_word' id='word_1_205' title='bbox 316 3087 676 3190; x_wconf 81' lang='grc' dir='ltr'>μυσταγωγουμίνων</span> <span class='ocrx_word' id='word_1_206' title='bbox 701 3099 968 3192; x_wconf 86' lang='grc' dir='ltr'>χειραγωγεῖται</span> <span class='ocrx_word' id='word_1_207' title='bbox 997 3099 1078 3174; x_wconf 88' lang='grc' dir='ltr'>νοῦς</span> <span class='ocrx_word' id='word_1_208' title='bbox 1105 3095 1153 3175; x_wconf 87' lang='grc' dir='ltr'>είς</span> <span class='ocrx_word' id='word_1_209' title='bbox 1176 3089 1347 3190; x_wconf 78' lang='grc' dir='ltr'>ἀλήθειαν</span> <span class='ocrx_word' id='word_1_210' title='bbox 1371 3089 1437 3190; x_wconf 82' lang='grc' dir='ltr'>τὴν</span> <span class='ocrx_word' id='word_1_211' title='bbox 1456 3093 1517 3171; x_wconf 86' lang='grc' dir='ltr'>ε’πὶ</span> 
     </span>
     <span class='ocr_line' id='line_1_24' title="bbox 317 3211 1512 3318; baseline 0.005 -30"><span class='ocrx_word' id='word_1_212' title='bbox 317 3213 479 3316; x_wconf 77' lang='grc' dir='ltr'>Χριστῷ,</span> <span class='ocrx_word' id='word_1_213' title='bbox 498 3212 799 3314; x_wconf 89' lang='grc' dir='ltr'>προαποδείκνυσι</span> <span class='ocrx_word' id='word_1_214' title='bbox 823 3215 882 3292; x_wconf 81' lang='grc' dir='ltr'>καὶ</span> <span class='ocrx_word' id='word_1_215' title='bbox 900 3215 1026 3317; x_wconf 78' lang='grc' dir='ltr'>ἑτέρως</span> <span class='ocrx_word' id='word_1_216' title='bbox 1052 3214 1277 3318; x_wconf 83' lang='grc' dir='ltr'>ἆσυγκρίτως</span> <span class='ocrx_word' id='word_1_217' title='bbox 1295 3211 1336 3293; x_wconf 84' lang='grc' dir='ltr'>ὃν</span> <span class='ocrx_word' id='word_1_218' title='bbox 1354 3217 1392 3294; x_wconf 91' lang='grc' dir='ltr'>ε’ν</span> <span class='ocrx_word' id='word_1_219' title='bbox 1408 3213 1512 3312; x_wconf 81' lang='grc' dir='ltr'>ἀμεί-</span> 
     </span>
     <span class='ocr_line' id='line_1_25' title="bbox 318 3332 1512 3444; baseline 0.004 -32"><span class='ocrx_word' id='word_1_220' title='bbox 318 3365 400 3412; x_wconf 93' lang='grc' dir='ltr'>νοσι</span> <span class='ocrx_word' id='word_1_221' title='bbox 427 3341 491 3413; x_wconf 89' lang='grc' dir='ltr'>τοῦ</span> <span class='ocrx_word' id='word_1_222' title='bbox 522 3332 683 3439; x_wconf 81' lang='grc' dir='ltr'>γλώσσῃ</span> <span class='ocrx_word' id='word_1_223' title='bbox 715 3342 851 3433; x_wconf 83' lang='grc' dir='ltr'>λαλεῖν,</span> <span class='ocrx_word' id='word_1_224' title='bbox 882 3335 926 3415; x_wconf 87' lang='grc' dir='ltr'>τδ</span> <span class='ocrx_word' id='word_1_225' title='bbox 958 3336 1192 3440; x_wconf 87' lang='grc' dir='ltr'>διερμηνεύειν</span> <span class='ocrx_word' id='word_1_226' title='bbox 1221 3335 1267 3416; x_wconf 80' lang='grc' dir='ltr'>τὰ</span> <span class='ocrx_word' id='word_1_227' title='bbox 1297 3343 1512 3444; x_wconf 84' lang='grc' dir='ltr'>προφητῶν·</span> 
     </span>
     <span class='ocr_line' id='line_1_26' title="bbox 214 3452 1565 3576; baseline 0.003 -39"><span class='ocrx_word' id='word_1_228' title='bbox 214 3490 267 3525; x_wconf 79' lang='lat' dir='ltr'>ver.</span> <span class='ocrx_word' id='word_1_229' title='bbox 280 3492 304 3537; x_wconf 84' lang='lat'>4·</span> <span class='ocrx_word' id='word_1_230' title='bbox 319 3453 432 3536; x_wconf 66' lang='grc' dir='ltr'>ἑαυτόν</span> <span class='ocrx_word' id='word_1_231' title='bbox 458 3453 618 3557; x_wconf 73' lang='grc' dir='ltr'>μὲνγὰρ</span> <span class='ocrx_word' id='word_1_232' title='bbox 646 3452 812 3560; x_wconf 77' lang='grc' dir='ltr'>οἰκοδομεῖ</span> <span class='ocrx_word' id='word_1_233' title='bbox 836 3463 952 3564; x_wconf 90' lang='grc' dir='ltr'>φησιν</span> <span class='ocrx_word' id='word_1_234' title='bbox 980 3469 995 3540; x_wconf 78' lang='grc' dir='ltr'>ὅ</span> <span class='ocrx_word' id='word_1_235' title='bbox 1023 3459 1167 3576; x_wconf 80' lang='grc' dir='ltr'>γλύσση</span> <span class='ocrx_word' id='word_1_236' title='bbox 1195 3459 1327 3542; x_wconf 74' lang='grc' dir='ltr'>λαλιῦν·</span> <span class='ocrx_word' id='word_1_237' title='bbox 1362 3461 1512 3561; x_wconf 89' lang='grc' dir='ltr'>συνίησι</span> <span class='ocrx_word' id='word_1_238' title='bbox 1527 3507 1565 3566; x_wconf 81' lang='lat'>²5</span> 
     </span>
     <span class='ocr_line' id='line_1_27' title="bbox 317 3576 1509 3688; baseline 0.008 -32"><span class='ocrx_word' id='word_1_239' title='bbox 317 3576 390 3680; x_wconf 81' lang='grc' dir='ltr'>γὰρ</span> <span class='ocrx_word' id='word_1_240' title='bbox 408 3577 523 3676; x_wconf 76' lang='grc' dir='ltr'>αὐτὸς,</span> <span class='ocrx_word' id='word_1_241' title='bbox 542 3579 656 3683; x_wconf 79' lang='grc' dir='ltr'>ἕτερος</span> <span class='ocrx_word' id='word_1_242' title='bbox 681 3579 718 3659; x_wconf 73' lang='grc' dir='ltr'>δὲ</span> <span class='ocrx_word' id='word_1_243' title='bbox 741 3579 835 3664; x_wconf 84' lang='grc' dir='ltr'>ὅλως</span> <span class='ocrx_word' id='word_1_244' title='bbox 855 3581 975 3666; x_wconf 87' lang='grc' dir='ltr'>οὐδείς·</span> <span class='ocrx_word' id='word_1_245' title='bbox 1013 3591 1028 3664; x_wconf 78' lang='grc' dir='ltr'><em>ὅ</em></span> <span class='ocrx_word' id='word_1_246' title='bbox 1048 3578 1084 3663; x_wconf 76' lang='grc' dir='ltr'>δὲ</span> <span class='ocrx_word' id='word_1_247' title='bbox 1101 3590 1178 3666; x_wconf 90' lang='grc' dir='ltr'>ταῖς</span> <span class='ocrx_word' id='word_1_248' title='bbox 1195 3589 1268 3663; x_wconf 88' lang='grc' dir='ltr'>τιῦν</span> <span class='ocrx_word' id='word_1_249' title='bbox 1287 3583 1399 3686; x_wconf 83' lang='grc' dir='ltr'>ἁγίων</span> <span class='ocrx_word' id='word_1_250' title='bbox 1416 3617 1509 3688; x_wconf 90' lang='grc' dir='ltr'>προ·</span> 
     </span>
     <span class='ocr_line' id='line_1_28' title="bbox 316 3700 1512 3811; baseline 0.007 -31"><span class='ocrx_word' id='word_1_251' title='bbox 316 3707 443 3809; x_wconf 83' lang='grc' dir='ltr'>φητιῦν</span> <span class='ocrx_word' id='word_1_252' title='bbox 478 3709 613 3810; x_wconf 91' lang='grc' dir='ltr'>φωναῖς</span> <span class='ocrx_word' id='word_1_253' title='bbox 645 3703 704 3782; x_wconf 82' lang='grc' dir='ltr'>καὶ</span> <span class='ocrx_word' id='word_1_254' title='bbox 734 3700 980 3806; x_wconf 84' lang='grc' dir='ltr'>προῤῥήσεσιν</span> <span class='ocrx_word' id='word_1_255' title='bbox 1009 3711 1057 3790; x_wconf 84' lang='grc' dir='ltr'>είς</span> <span class='ocrx_word' id='word_1_256' title='bbox 1089 3705 1287 3809; x_wconf 87' lang='grc' dir='ltr'>μαρτυρίαν</span> <span class='ocrx_word' id='word_1_257' title='bbox 1318 3705 1512 3811; x_wconf 82' lang='grc' dir='ltr'>χριόμενος,</span> 
     </span>
    </p>
   </div>
   <div class='ocr_carea' id='block_1_3' title="bbox 313 3939 1513 4638">
    <p class='ocr_par' dir='ltr' id='par_1_3' title="bbox 313 3939 1513 4638">
     <span class='ocr_line' id='line_1_29' title="bbox 354 3939 1511 4012; baseline 0.003 -18"><span class='ocrx_word' id='word_1_258' title='bbox 354 3957 378 3994; x_wconf 84' lang='grc'>1.</span> <span class='ocrx_word' id='word_1_259' title='bbox 397 3939 624 4011; x_wconf 82' lang='grc' dir='ltr'>ι’κπεπληρωμίιης</span> <span class='ocrx_word' id='word_1_260' title='bbox 637 3941 674 3996; x_wconf 86' lang='grc' dir='ltr'>Η.</span> <span class='ocrx_word' id='word_1_261' title='bbox 728 3941 801 3997; x_wconf 70' lang='grc' dir='ltr'>ἐστίν</span> <span class='ocrx_word' id='word_1_262' title='bbox 812 3959 861 4012; x_wconf 83' lang='lat' dir='ltr'>pro</span> <span class='ocrx_word' id='word_1_263' title='bbox 873 3940 903 4011; x_wconf 77' lang='grc' dir='ltr'>ἦν</span> <span class='ocrx_word' id='word_1_264' title='bbox 915 3943 953 3998; x_wconf 81' lang='grc' dir='ltr'>ἔτι</span> <span class='ocrx_word' id='word_1_265' title='bbox 967 3942 1005 3997; x_wconf 86' lang='grc' dir='ltr'>Η.</span> <span class='ocrx_word' id='word_1_266' title='bbox 1226 3959 1251 3998; x_wconf 80' lang='lat'>2.</span> <span class='ocrx_word' id='word_1_267' title='bbox 1268 3941 1443 3998; x_wconf 71' lang='grc' dir='ltr'>ἔτιΗ.ἕσται</span> <span class='ocrx_word' id='word_1_268' title='bbox 1456 3943 1511 3998; x_wconf 85' lang='lat' dir='ltr'>Ed.</span> 
     </span>
     <span class='ocr_line' id='line_1_30' title="bbox 316 4008 1511 4084; baseline 0.003 -19"><span class='ocrx_word' id='word_1_269' title='bbox 316 4028 343 4078; x_wconf 81' lang='grc'>4.</span> <span class='ocrx_word' id='word_1_270' title='bbox 359 4009 415 4082; x_wconf 75' lang='grc' dir='ltr'>καὶ]</span> <span class='ocrx_word' id='word_1_271' title='bbox 428 4010 459 4068; x_wconf 83' lang='grc' dir='ltr'>δς</span> <span class='ocrx_word' id='word_1_272' title='bbox 470 4011 511 4065; x_wconf 74' lang='grc' dir='ltr'>καί</span> <span class='ocrx_word' id='word_1_273' title='bbox 525 4011 562 4066; x_wconf 89' lang='grc' dir='ltr'>Η.</span> <span class='ocrx_word' id='word_1_274' title='bbox 703 4025 730 4082; x_wconf 87' lang='lat'>5.</span> <span class='ocrx_word' id='word_1_275' title='bbox 748 4008 919 4084; x_wconf 78' lang='grc' dir='ltr'>εἷτα-λόγον</span> <span class='ocrx_word' id='word_1_276' title='bbox 930 4031 983 4068; x_wconf 88' lang='lat' dir='ltr'>om.</span> <span class='ocrx_word' id='word_1_277' title='bbox 998 4011 1036 4068; x_wconf 87' lang='grc' dir='ltr'>Η.</span> <span class='ocrx_word' id='word_1_278' title='bbox 1184 4024 1210 4082; x_wconf 80' lang='lat'>7.</span> <span class='ocrx_word' id='word_1_279' title='bbox 1227 4013 1349 4083; x_wconf 72' lang='grc' dir='ltr'>ἐξηγηταί</span> <span class='ocrx_word' id='word_1_280' title='bbox 1361 4012 1458 4067; x_wconf 76' lang='lat' dir='ltr'>desinit</span> <span class='ocrx_word' id='word_1_281' title='bbox 1471 4013 1511 4069; x_wconf 88' lang='lat' dir='ltr'>H.</span> 
     </span>
     <span class='ocr_line' id='line_1_31' title="bbox 316 4080 1511 4154; baseline 0.002 -20"><span class='ocrx_word' id='word_1_282' title='bbox 316 4099 342 4152; x_wconf 89' lang='lat'>9.</span> <span class='ocrx_word' id='word_1_283' title='bbox 363 4080 420 4134; x_wconf 88' lang='lat' dir='ltr'>Inc.</span> <span class='ocrx_word' id='word_1_284' title='bbox 433 4081 468 4136; x_wconf 77' lang='grc' dir='ltr'>Εἴ</span> <span class='ocrx_word' id='word_1_285' title='bbox 477 4103 526 4136; x_wconf 87' lang='grc' dir='ltr'>τινι</span> <span class='ocrx_word' id='word_1_286' title='bbox 538 4103 569 4136; x_wconf 92' lang='grc' dir='ltr'>τυ</span> <span class='ocrx_word' id='word_1_287' title='bbox 588 4083 624 4136; x_wconf 81' lang='grc' dir='ltr'>δν</span> <span class='ocrx_word' id='word_1_288' title='bbox 638 4082 773 4154; x_wconf 56' lang='grc' dir='ltr'>(πτωχόν)</span> <span class='ocrx_word' id='word_1_289' title='bbox 787 4089 839 4138; x_wconf 79' lang='grc' dir='ltr'>τῶν</span> <span class='ocrx_word' id='word_1_290' title='bbox 849 4085 903 4152; x_wconf 88' lang='grc' dir='ltr'>μοθ</span> <span class='ocrx_word' id='word_1_291' title='bbox 934 4089 969 4138; x_wconf 82' lang='grc' dir='ltr'>ῶν</span> <span class='ocrx_word' id='word_1_292' title='bbox 981 4083 1057 4151; x_wconf 73' lang='grc' dir='ltr'>ἐδόθη</span> <span class='ocrx_word' id='word_1_293' title='bbox 1069 4083 1100 4137; x_wconf 83' lang='grc' dir='ltr'>τδ</span> <span class='ocrx_word' id='word_1_294' title='bbox 1113 4083 1206 4138; x_wconf 77' lang='grc' dir='ltr'>λαλεῖν</span> <span class='ocrx_word' id='word_1_295' title='bbox 1216 4084 1298 4153; x_wconf 80' lang='grc' dir='ltr'>λόγου</span> <span class='ocrx_word' id='word_1_296' title='bbox 1310 4085 1386 4154; x_wconf 79' lang='grc' dir='ltr'>χάριν</span> <span class='ocrx_word' id='word_1_297' title='bbox 1397 4085 1511 4153; x_wconf 74' lang='grc' dir='ltr'>γλώσσῃ</span> 
     </span>
     <span class='ocr_line' id='line_1_32' title="bbox 314 4103 1511 4235; baseline 0.003 -31"><span class='ocrx_word' id='word_1_298' title='bbox 314 4153 347 4219; x_wconf 76' lang='grc' dir='ltr'>τῇ</span> <span class='ocrx_word' id='word_1_299' title='bbox 362 4149 466 4219; x_wconf 74' lang='grc' dir='ltr'>Μήδων,</span> <span class='ocrx_word' id='word_1_300' title='bbox 478 4152 522 4207; x_wconf 75' lang='grc' dir='ltr'>ίτί</span> <span class='ocrx_word' id='word_1_301' title='bbox 568 4103 635 4223; x_wconf 45' lang='lat' dir='ltr'>zu)</span> <span class='ocrx_word' id='word_1_302' title='bbox 650 4151 687 4207; x_wconf 87' lang='lat' dir='ltr'>H.</span> <span class='ocrx_word' id='word_1_303' title='bbox 781 4170 877 4224; x_wconf 81' lang='lat'>11-13.</span> <span class='ocrx_word' id='word_1_304' title='bbox 895 4107 1104 4235; x_wconf 66' lang='grc' dir='ltr'>είόα-όγίλαις]</span> <span class='ocrx_word' id='word_1_305' title='bbox 1117 4147 1172 4207; x_wconf 86' lang='grc' dir='ltr'>είτο</span> <span class='ocrx_word' id='word_1_306' title='bbox 1184 4155 1312 4209; x_wconf 89' lang='grc' dir='ltr'>λαλοῦσιν</span> <span class='ocrx_word' id='word_1_307' title='bbox 1323 4153 1419 4220; x_wconf 77' lang='grc' dir='ltr'>μεταξύ</span> <span class='ocrx_word' id='word_1_308' title='bbox 1430 4153 1511 4222; x_wconf 80' lang='grc' dir='ltr'>ε’λλίγ-</span> 
     </span>
     <span class='ocr_line' id='line_1_33' title="bbox 316 4173 1510 4345; baseline 0.001 -70"><span class='ocrx_word' id='word_1_309' title='bbox 316 4220 393 4290; x_wconf 68' lang='grc' dir='ltr'>νωνῆ</span> <span class='ocrx_word' id='word_1_310' title='bbox 407 4173 575 4278; x_wconf 54' lang='grc' dir='ltr'>ίονδοίοννρίίλ.</span> <span class='ocrx_word' id='word_1_311' title='bbox 659 4239 700 4288; x_wconf 84' lang='grc'>14.</span> <span class='ocrx_word' id='word_1_312' title='bbox 719 4221 820 4345; x_wconf 46' lang='lat' dir='ltr'><strong>mmlx}</strong></span> <span class='ocrx_word' id='word_1_313' title='bbox 833 4221 949 4294; x_wconf 83' lang='grc' dir='ltr'>ὦφίλεια</span> <span class='ocrx_word' id='word_1_314' title='bbox 963 4222 1000 4277; x_wconf 88' lang='grc' dir='ltr'>Η.</span> <span class='ocrx_word' id='word_1_315' title='bbox 1039 4223 1134 4277; x_wconf 74' lang='lat' dir='ltr'>Staum</span> <span class='ocrx_word' id='word_1_316' title='bbox 1147 4225 1222 4278; x_wconf 77' lang='grc' dir='ltr'>ἔσται</span> <span class='ocrx_word' id='word_1_317' title='bbox 1234 4241 1288 4278; x_wconf 87' lang='lat' dir='ltr'>om.</span> <span class='ocrx_word' id='word_1_318' title='bbox 1302 4223 1338 4277; x_wconf 83' lang='lat' dir='ltr'>H.</span> <span class='ocrx_word' id='word_1_319' title='bbox 1387 4221 1510 4295; x_wconf 74' lang='grc' dir='ltr'>συνίησει]</span> 
     </span>
     <span class='ocr_line' id='line_1_34' title="bbox 315 4290 1513 4364; baseline 0.003 -20"><span class='ocrx_word' id='word_1_320' title='bbox 315 4293 368 4344; x_wconf 83' lang='grc' dir='ltr'>νοεῖ</span> <span class='ocrx_word' id='word_1_321' title='bbox 383 4290 420 4344; x_wconf 85' lang='grc' dir='ltr'>Η.</span> <span class='ocrx_word' id='word_1_322' title='bbox 584 4305 626 4363; x_wconf 84' lang='lat'>15.</span> <span class='ocrx_word' id='word_1_323' title='bbox 643 4295 712 4363; x_wconf 89' lang='grc' dir='ltr'>φησι</span> <span class='ocrx_word' id='word_1_324' title='bbox 725 4310 778 4346; x_wconf 88' lang='lat' dir='ltr'>om.</span> <span class='ocrx_word' id='word_1_325' title='bbox 824 4331 830 4344; x_wconf 94' lang='grc'><strong>.</strong></span> <span class='ocrx_word' id='word_1_326' title='bbox 1000 4292 1041 4347; x_wconf 83' lang='grc'>16.</span> <span class='ocrx_word' id='word_1_327' title='bbox 1060 4293 1132 4363; x_wconf 78' lang='grc' dir='ltr'>ἄθρει</span> <span class='ocrx_word' id='word_1_328' title='bbox 1145 4293 1173 4347; x_wconf 77' lang='grc' dir='ltr'>δὲ</span> <span class='ocrx_word' id='word_1_329' title='bbox 1185 4293 1267 4364; x_wconf 85' lang='grc' dir='ltr'>ὅπως]</span> <span class='ocrx_word' id='word_1_330' title='bbox 1281 4294 1303 4347; x_wconf 84' lang='grc' dir='ltr'>εί</span> <span class='ocrx_word' id='word_1_331' title='bbox 1315 4292 1360 4348; x_wconf 74' lang='grc' dir='ltr'>οὖν</span> <span class='ocrx_word' id='word_1_332' title='bbox 1373 4291 1411 4346; x_wconf 88' lang='grc' dir='ltr'>Η.</span> <span class='ocrx_word' id='word_1_333' title='bbox 1465 4291 1513 4348; x_wconf 83' lang='grc' dir='ltr'>οῦν</span> 
     </span>
     <span class='ocr_line' id='line_1_35' title="bbox 313 4359 1511 4433; baseline 0.003 -19"><span class='ocrx_word' id='word_1_334' title='bbox 313 4375 369 4414; x_wconf 86' lang='lat' dir='ltr'>om.</span> <span class='ocrx_word' id='word_1_335' title='bbox 385 4359 422 4414; x_wconf 84' lang='lat' dir='ltr'>H.</span> <span class='ocrx_word' id='word_1_336' title='bbox 531 4383 533 4388; x_wconf 73' lang='grc'>’</span> <span class='ocrx_word' id='word_1_337' title='bbox 588 4377 628 4433; x_wconf 80' lang='grc'>17.</span> <span class='ocrx_word' id='word_1_338' title='bbox 647 4361 763 4433; x_wconf 83' lang='grc' dir='ltr'>Πνεῦμα]</span> <span class='ocrx_word' id='word_1_339' title='bbox 778 4361 863 4431; x_wconf 77' lang='lat' dir='ltr'>pergit</span> <span class='ocrx_word' id='word_1_340' title='bbox 875 4362 965 4416; x_wconf 79' lang='grc' dir='ltr'>ἔαυτδν</span> <span class='ocrx_word' id='word_1_341' title='bbox 974 4361 1020 4418; x_wconf 83' lang='grc' dir='ltr'>οδν</span> <span class='ocrx_word' id='word_1_342' title='bbox 1029 4365 1108 4432; x_wconf 82' lang='grc' dir='ltr'>μόνον</span> <span class='ocrx_word' id='word_1_343' title='bbox 1119 4364 1398 4433; x_wconf 83' lang='grc' dir='ltr'>οίκοδομεῖδγλώσση</span> <span class='ocrx_word' id='word_1_344' title='bbox 1411 4364 1511 4431; x_wconf 79' lang='grc' dir='ltr'>λαλῶν,</span> 
     </span>
     <span class='ocr_line' id='line_1_36' title="bbox 316 4428 1511 4504; baseline 0.002 -20"><span class='ocrx_word' id='word_1_345' title='bbox 316 4430 411 4484; x_wconf 75' lang='grc' dir='ltr'>συνιεὶς</span> <span class='ocrx_word' id='word_1_346' title='bbox 422 4428 439 4482; x_wconf 83' lang='grc' dir='ltr'>δ</span> <span class='ocrx_word' id='word_1_347' title='bbox 450 4433 526 4485; x_wconf 80' lang='grc' dir='ltr'>λαλεῖ</span> <span class='ocrx_word' id='word_1_348' title='bbox 540 4430 587 4503; x_wconf 81' lang='lat' dir='ltr'>[cf.</span> <span class='ocrx_word' id='word_1_349' title='bbox 601 4431 683 4504; x_wconf 76' lang='lat' dir='ltr'><strong>infru]</strong></span> <span class='ocrx_word' id='word_1_350' title='bbox 697 4435 712 4486; x_wconf 82' lang='grc' dir='ltr'><strong><em>ὁ</em></strong></span> <span class='ocrx_word' id='word_1_351' title='bbox 724 4433 752 4488; x_wconf 72' lang='grc' dir='ltr'>δὲ</span> <span class='ocrx_word' id='word_1_352' title='bbox 764 4433 796 4487; x_wconf 85' lang='grc' dir='ltr'>τὰ</span> <span class='ocrx_word' id='word_1_353' title='bbox 807 4437 858 4486; x_wconf 79' lang='grc' dir='ltr'>τῶν</span> <span class='ocrx_word' id='word_1_354' title='bbox 868 4435 1010 4503; x_wconf 81' lang='grc' dir='ltr'>προφητῶν</span> <span class='ocrx_word' id='word_1_355' title='bbox 1022 4433 1192 4504; x_wconf 70' lang='grc' dir='ltr'>ἐξηγούμενος</span> <span class='ocrx_word' id='word_1_356' title='bbox 1204 4435 1245 4490; x_wconf 70' lang='grc' dir='ltr'>καὶ</span> <span class='ocrx_word' id='word_1_357' title='bbox 1255 4437 1312 4490; x_wconf 81' lang='grc' dir='ltr'>τοῖς</span> <span class='ocrx_word' id='word_1_358' title='bbox 1323 4433 1400 4504; x_wconf 86' lang='grc' dir='ltr'>προδι</span> <span class='ocrx_word' id='word_1_359' title='bbox 1436 4433 1511 4502; x_wconf 78' lang='grc' dir='ltr'>οριῦ-</span> 
     </span>
     <span class='ocr_line' id='line_1_37' title="bbox 315 4454 1512 4638; baseline 0.007 -86"><span class='ocrx_word' id='word_1_360' title='bbox 315 4499 487 4638; x_wconf 49' lang='grc' dir='ltr'>γεαρέῦτῶν</span> <span class='ocrx_word' id='word_1_361' title='bbox 497 4502 533 4557; x_wconf 75' lang='grc' dir='ltr'>τίς</span> <span class='ocrx_word' id='word_1_362' title='bbox 546 4501 608 4573; x_wconf 77' lang='lat'><em>(27)</em></span> <span class='ocrx_word' id='word_1_363' title='bbox 622 4501 660 4557; x_wconf 86' lang='lat' dir='ltr'>H.</span> <span class='ocrx_word' id='word_1_364' title='bbox 815 4517 856 4572; x_wconf 78' lang='lat'>23.</span> <span class='ocrx_word' id='word_1_365' title='bbox 877 4501 1067 4574; x_wconf 68' lang='lat' dir='ltr'>legendumne</span> <span class='ocrx_word' id='word_1_366' title='bbox 1078 4504 1333 4576; x_wconf 71' lang='grc' dir='ltr'>προσοποδςίκννιτιὲ</span> <span class='ocrx_word' id='word_1_367' title='bbox 1382 4454 1469 4574; x_wconf 57' lang='grc' dir='ltr'>δύίδν</span> <span class='ocrx_word' id='word_1_368' title='bbox 1479 4503 1512 4560; x_wconf 77' lang='grc' dir='ltr'>ἂν</span> 
     </span>
     <span class='ocr_line' id='line_1_38' title="bbox 328 4585 424 4623; baseline -0.01 0"><span class='ocrx_word' id='word_1_369' title='bbox 328 4585 365 4623; x_wconf 74' lang='lat' dir='ltr'>ule</span> <span class='ocrx_word' id='word_1_370' title='bbox 416 4605 424 4622; x_wconf 90' lang='lat'>.</span> 
     </span>
    </p>
   </div>
   <div class='ocr_carea' id='block_1_4' title="bbox 0 0 1652 5150">
    <p class='ocr_par' dir='ltr' id='par_1_4' title="bbox 0 0 1652 5150">
     <span class='ocr_line' id='line_1_39' title="bbox 0 0 1652 5150; baseline 0 2"><span class='ocrx_word' id='word_1_371' title='bbox 0 0 1652 5150; x_wconf 95' lang='lat' dir='ltr'> </span> 
     </span>
    </p>
   </div>
  </div>
 </body>
</html>
