3274 5262
424 341 545 408 RESP.
568 345 631 408 AD
653 343 738 410 TIB.
763 341 1026 410 SOCIOSQUE.
1259 349 1319 412 601

129 505 379 606 ἀγαθουργίας,
400 507 518 588 έθεσιν
536 507 699 604 ἑπόμενοι
718 515 791 591 τοῖς
810 516 874 587 τοῦ
891 506 1036 610 πατρός·
1071 511 1104 588 οἰ
1122 507 1234 611 γεμήν
1254 509 1322 590 {mc}

128 635 192 704 τοῦ
221 627 313 707 Καίν
339 635 483 731 θρασεῖς
512 635 570 711 καί
597 631 767 732 ἐπάρατοι
795 634 853 710 καί
878 640 952 713 πᾶν
979 629 1069 716 εἶδος
1096 634 1323 739 φαυλότητος

129 751 276 846 ἑτοίμως
298 753 568 852 ἐπιτηδεύοντες,
592 752 636 852 ἧν
660 753 731 857 γὰρ
755 757 871 839 αὐτοῖς
895 764 1052 838 τοιοῦτος
1071 757 1130 835 καί
1148 757 1168 834 5
1186 757 1354 858 πατήρ..

130 875 194 957 ἕως
213 873 279 971 μέν
298 877 360 956 οῦν
378 875 475 976 ἦσαν
490 877 666 978 ἀλλήλοις
691 878 822 976 ἀμικτα
838 879 884 957 τό
906 880 1001 980 γένη,
1021 879 1206 983 διεσώζετο
1225 878 1324 982 παρά

11 1054 16 1090 ,
97 1015 115 1076 5
131 1005 203 1080 τοῖς
216 998 288 1078 ἀπὸ
302 999 416 1083 Ἑνῶς
430 1001 600 1102 γεγονόσι
613 1000 655 1082 τὸ
674 1005 712 1080 ἐν
725 1003 857 1106 ἀρίστῃ
871 1003 1075 1104 διαπρέπειν
1090 1002 1171 1106 ζωῇ.
1204 1003 1324 1102 ἐπειδή

131 1119 168 1199 δέ
188 1126 220 1199 οἰ
240 1125 314 1219 υἰοί,
329 1128 455 1229 φησὶν,
473 1133 536 1202 τοῦ
555 1125 804 1225 ἐπικληθέντος
823 1131 917 1221 θεοῦ,
931 1127 1106 1222 τουτέστι,
1120 1135 1184 1206 τοῦ
1199 1125 1325 1222 Ἐνῶς,

131 1242 195 1326 τοίς
214 1245 252 1323 ἐκ
275 1254 340 1324 τοῦ
361 1245 455 1326 Καίν
473 1249 669 1351 θυγατέρας
687 1247 878 1347 τεθέανται,
896 1245 940 1332 ἀς
959 1251 1016 1328 καί
1035 1256 1107 1329 τῶν
1126 1250 1325 1352 ἀνθρώπων
1371 1261 1435 1375 ffen.
1448 1260 1480 1309 vi.

132 1367 329 1471 θυγατέρας
355 1368 450 1451 εἶπεν
467 1372 489 1471 ἡ
507 1371 644 1476 γραφή·
680 1370 756 1451 εἶτα
782 1371 1096 1477 προσεφθάρησαν
1116 1374 1246 1470 αὐτοῖς,
1268 1377 1325 1452 καί
1389 1363 1395 1374 ’

132 1491 259 1590 ἥττους
288 1493 482 1595 γεγόνασιν
512 1500 675 1599 αἰσχρῶν
702 1499 906 1594 ἐπιθυμιῶν,
935 1503 983 1580 εἰς
1012 1495 1057 1576 τό
1086 1497 1225 1576 ἐκείνων
1256 1497 1326 1597 ἤθη

79 1649 119 1690 ιο
132 1615 419 1718 μετετράπησαν.
448 1618 530 1699 ὅθεν
555 1620 809 1721 ἀγανακτήσας
829 1620 848 1698 5
868 1619 973 1717 Θεὸς,
993 1619 1243 1722 παρεσκεύασε
1262 1619 1325 1703 τοίς

132 1742 331 1840 αἰρεθείσας
355 1741 439 1844 παρ’
459 1743 576 1821 αῦτῶν
594 1748 762 1844 γυναῖκας
788 1745 932 1842 δυσειδῆ
958 1745 1087 1822 τίκτειν
1109 1744 1249 1844 τέρατα,
1268 1743 1327 1827 οῦς
1340 1785 1358 1825 ι
1371 1770 1437 1826 385
1454 1769 1493 1825 Α.

133 1865 191 1940 καί
209 1863 360 1942 ἐκάλουν
377 1865 557 1967 γίγαντας,
573 1863 630 1945 διοί
643 1865 685 1947 τῦ
700 1865 850 1970 εἰδεχθὲς
870 1869 926 1946 καί
944 1865 1074 1965 ἀπηνὲς
1094 1873 1167 1945 τῶν
1184 1864 1328 1968 τρόπον

134 1988 190 2064 καί
220 1985 262 2067 τό
287 1988 462 2090 ἀνήμερον
485 1989 634 2089 θράσος.
674 1992 732 2069 καί
759 1998 847 2091 γοῦν
875 1995 907 2069 οἰ
939 1989 1031 2088 μετὰ
1061 1987 1142 2073 τοῦς
1174 1987 1328 2090 ἐβδομή-

134 2144 242 2189 κοντα
274 2110 460 2212 γεγονότες
493 2114 699 2215 ε’ρμηνευταί
736 2115 911 2215 τέσσαρες
944 2112 1136 2196 ἐκδιδόντες
1171 2113 1215 2192 τά
1247 2115 1328 2215 περὶ

83 2261 119 2320 ι5
134 2233 197 2312 τόν
215 2235 341 2332 τόπον,
363 2237 405 2314 ού
433 2235 663 2339 γεγράφασιν
683 2234 737 2314 ότι
760 2242 793 2314 οἰ
820 2241 884 2314 οἰοῖ
913 2244 977 2315 τοῦ
995 2242 1090 2315 Θεοῦ
1111 2237 1240 2320 ἰδόντες
1265 2236 1329 2320 τοίς

135 2357 331 2458 θυγατέρας
359 2365 430 2436 τῶν
459 2359 667 2460 ἀνθρώπων·
708 2360 792 2437 ἀλλ’
813 2360 833 2437 5
851 2356 917 2455 μέν
944 2363 993 2437 Οἰ
1023 2365 1088 2438 υἰοί
1117 2367 1189 2438 τῶν
1218 2365 1326 2439 δυνα-

134 2478 347 2579 στευόντων,
368 2484 387 2560 5
407 2480 455 2579 δέ,
476 2486 540 2561 υἰοί
557 2488 631 2560 τῶν
647 2487 844 2562 δυναστῶν.
883 2483 1057 2563 ἀσύνετον
1076 2481 1112 2561 δέ
1132 2482 1173 2560 τὸ
1193 2482 1330 2561 οἴεσθαι

134 2603 216 2688 τοῦς
240 2603 454 2701 ἀσωμάτους
482 2607 650 2701 δαίμονας
678 2609 829 2707 ἐνεργεῖν
856 2604 1032 2684 δύνασθαι
1061 2604 1105 2683 τά
1133 2605 1363 2702 σωμάτων,ι)

134 2730 193 2806 καί
219 2727 261 2806 τὸ
288 2727 386 2830 παρὰ
415 2727 529 2834 φύσιν
556 2729 647 2807 ἰδιάν
674 2730 859 2808 ἐπιτελεῖν.
898 2727 999 2807 οὐδέν
1023 2726 1093 2831 γάρ
1120 2736 1192 2808 τῶν
1218 2727 1331 2808 όντων

84 2890 123 2929 ιο
136 2849 281 2930 δύναται
300 2850 345 2931 τὰ
368 2851 468 2954 παρά
486 2851 600 2959 φύσιν
617 2856 716 2953 δρᾶν,
736 2853 818 2930 ἀλλ’
839 2852 993 2931 ἕκαστον
1012 2855 1058 2934 ῶς
1075 2853 1220 2954 γέγονεν
1238 2855 1330 2931 οῦτω

135 2973 242 3072 μένει,
271 2972 374 3081 τάξιν
406 2976 596 3077 ὁρίσαντος
629 2975 771 3083 ἑκάστῳ
800 2982 905 3056 Θεοῦ.
940 2973 1044 3059 αύτός
1077 2973 1149 3078 γάρ
1178 2978 1278 3055 ἐστιν
1310 2979 1330 3056 ό

135 3097 282 3176 πάντων
303 3095 551 3200 γενεσιουργῦς
579 3102 731 3181 καὶτοῖς
754 3100 863 3178 αῦτοῦ
889 3097 1062 3197 νεύμασιν
1084 3099 1237 3179 ἕκαστον
1258 3106 1331 3178 τῶν

136 3219 250 3299 ὄντων
271 3222 371 3300 ε’στίν
396 3219 417 3299 ό
441 3223 554 3300 ἐστιν.
591 3220 711 3300 ἰστέον
739 3220 777 3302 δέ
804 3221 896 3324 πρὸς
924 3221 1038 3330 τούτῳ
1069 3224 1218 3301 κάκεῖνο.
1260 3221 1330 3326 ἔχει

175 3460 198 3496 ι.
215 3440 650 3536 κρωμακοογιοαργιι.
663 3443 715 3499 τοι.
767 3442 1026 3500 κακότατι.
1131 3459 1159 3529 5³·
1178 3443 1285 3498 autom.
1299 3441 1331 3498 c,

136 3531 162 3578 4.
180 3513 227 3580 μέν
238 3511 296 3583 ουν]
308 3513 389 3583 γεμήν
400 3511 446 3567 οῦν
459 3513 491 3569 C.
545 3515 577 3569 τὰ
589 3531 643 3569 om.
658 3513 690 3567 C.
856 3528 882 3582 5.
901 3514 929 3568 ἐν
939 3514 1033 3584 ἀρίστῃ
1046 3513 1194 3583 διαπρεπειν
1205 3518 1233 3568 et
1244 3515 1268 3566 οἰ
1281 3514 1331 3567 vio}

136 3583 220 3651 φησὶν
232 3582 282 3636 hoc
294 3583 387 3637 ordine
398 3583 466 3638 Ac.
685 3585 711 3641 8.
729 3584 871 3656 θυγατέρας
883 3581 953 3638 εἶπεν
964 3583 980 3652 ἡ
992 3584 1082 3655 γραφὴ
1095 3584 1146 3638 hoc
1158 3583 1251 3637 ordine
1263 3583 1331 3638 ΑΒ.

137 3651 277 3721 θυγατέρας
289 3661 349 3722 post
360 3654 449 3722 γραφὴ
462 3655 612 3723 transponit
626 3653 677 3708 Ed.
811 3672 837 3722 9.
856 3654 946 3723 ἥττους
957 3656 1081 3723 γεγόνασι
1094 3653 1144 3708 hoc
1157 3651 1250 3707 ordine
1262 3652 1330 3706 ΑΒ.

137 3720 288 3792 ἐπιθυμιῶν]
305 3728 335 3786 -ἰ-
350 3723 390 3775 καί
410 3723 446 3776 D.
460 3722 511 3776 Ed.
525 3723 738 3793 repugnantibus
749 3723 819 3778 AB.
911 3741 951 3778 ιο.
970 3723 1029 3778 ὅθεν
1040 3723 1219 3794 ἀγανακτήσας
1230 3723 1330 3776 Α.0.Ῑ“.

136 3789 315 3861 ἀγανακτήσας
326 3791 362 3846 D.
375 3791 553 3862 ἀγανακτήσας
565 3793 594 3846 δέ
609 3792 659 3846 Ed.
804 3863 810 3876 ι
832 3809 873 3848 11.
891 3791 1050 3864 αἰρεθείσας]
1063 3793 1211 3864 ληφθείσας
1222 3795 1264 3845 καί
1276 3793 1332 3847 ε’πι·

137 3861 295 3930 θυμήθείαας
307 3861 339 3916 C.
391 3859 452 3930 παρ’
464 3863 547 3915 αάτῶν
558 3865 679 3932 γυναῖκας
691 3861 742 3917 hoc
755 3863 847 3917 ordine
860 3861 928 3916 AD.
1143 3878 1183 3916 12.
1202 3861 1329 3932 εἰδεχθὲς]

141 3938 169 3993 4
185 3932 226 3984 καί
244 3932 274 3985 τδ
292 3931 371 4056 ἐνὶγ
390 3931 501 4001 ὁρᾶσθαι
519 3932 693 4000 μεμυημένον
709 3933 784 4002 γένος
801 3934 935 4004 γηγάντων
953 3933 993 3986 καί
1011 3933 1127 3988 δυσειδίς
1145 3936 1223 4002 ἤγουν
1241 3933 1283 3985 διὰ
1300 3934 1331 3986 τό

137 4001 250 4072 εἰδεχθές
263 4001 323 4070 (sio)
445 4018 485 4068 14.
497 4003 635 4072 γεγονότας
648 4001 709 4072 (οἱα)
724 4002 755 4056 C.
804 4003 945 4059 ἐκδιδόντες
956 4004 987 4056 τά
999 4004 1059 4072 περὶ
1070 4005 1115 4055 τόν
1126 4005 1206 4054 τόπον
1217 4003 1250 4055 Α.
1265 4003 1331 4055 ἐκδι-

137 4071 241 4126 δοῦντες
258 4072 303 4126 τάς
319 4072 379 4140 περὶ
393 4069 492 4126 τούτων
505 4073 550 4125 τόν
561 4073 657 4140 τρόπον
671 4073 734 4140 (sic)
749 4071 781 4127 G.
792 4075 824 4126 τά
836 4073 895 4140 περὶ
907 4075 952 4128 τόν
963 4076 1042 4126 τόπον
1054 4073 1194 4128 ἐκδιδόντες
1207 4072 1243 4127 D.
1253 4071 1331 4128 Vulc.

137 4143 168 4230 τό
179 4143 239 4232 περὶ
251 4145 342 4196 τοῦτον
353 4144 398 4196 τδν
409 4141 553 4232 τόπονιάκδ.
568 4141 619 4196 Ed.
633 4160 664 4196 ex
677 4142 800 4196 Vulcanii
808 4144 880 4232 ³inttfl·
892 4153 977 4196 errata
989 4141 1178 4230 emqntlatione.
1256 4141 1297 4224 αθ.
1316 4146 1331 4196 ό

136 4211 334 4336 μὲιχρεόἀέδὲ.
347 4211 512 4336 &offlam
524 4210 575 4300 Εδ.
662 4281 685 4336 c
700 4226 740 4283 17.
760 4213 815 4335 {as
829 4212 890 4283 (alc)
904 4213 969 4266 AJ'.
983 4213 1007 4266 οἰ
1014 4211 1162 4335 ὶεέὺΕό.
1199 4211 1295 4336 Βέαῑιμι
1307 4215 1331 4267 οἰ

136 4290 376 4422 ήεῖνιδύνῖισθαιυτά
390 4303 585 4421 ῶῖήιάῖῖιῖισίῖῶό
593 4299 767 4407 ῶιίῖδίαοόόῖ.
782 4291 1331 4424 ἐίῖεῖίήῖῖιῖίἰῖόδὶθῶωμάτῶνἰηυιόοαὶίνὲῖί.

141 4437 181 4491 19.
200 4420 341 4476 τὸοιπ.0.
450 4437 493 4477 20.
512 4423 543 4477 εδ
556 4423 657 4478 Α.Ι).ῐ“.
670 4425 700 4477 τὸ
714 4421 766 4476 Εό.
779 4428 905 4476 neutrum
919 4422 998 4476 habet
1012 4421 1043 4476 C.
1096 4419 1178 4492 παρὰ]
1196 4428 1224 4486 ÷
1239 4423 1330 4491 τὴνΟ.

138 4507 180 4545 21.
199 4490 313 4562 ε’κάστῳ]
331 4499 359 4554 4·
374 4495 419 4546 τοῦ
433 4491 464 4546 C.
696 4508 737 4546 22.
756 4495 810 4549 τοῖς
822 4493 900 4546 αότοῦ
912 4493 1009 4548 A.C.P.
1024 4491 1109 4562 κύριος
1121 4491 1150 4546 οῦ
1162 4494 1216 4548 τοῖς
1230 4492 1264 4546 D.
1278 4493 1330 4554 Ed.

138 4577 181 4631 23.
199 4560 282 4632 τούτῳ
295 4562 366 4617 M).
379 4565 455 4616 τοῦτο
469 4561 500 4616 C.
515 4561 564 4616 Ed.

180 4666 251 4712 τοι.
269 4667 320 4713 111.
725 4665 783 4727 411
