3274 5140
314 356 358 418 54
618 355 655 422 Β.
681 356 891 422 CYRILLI
920 356 1211 422 ALEXANDR.
1357 354 1445 421 xviii.
1459 355 1511 441 36.

315 517 403 599 εἶναι
421 518 588 621 λέγοντες
609 520 651 600 τὸ
676 520 797 602 κακόν.
840 522 1112 602 ὑπεπλιίττοντο
1135 521 1206 623 γὰρ
1228 521 1360 599 εὐνοεῖν
1377 517 1513 599 ἐθέλειν

315 645 409 722 οὕτω
446 645 644 742 Ῥωμαίοις,
683 647 732 730 ὡς
773 644 942 745 μηδόλως
985 644 1177 750 ἀνέχεσθαι
1219 639 1287 724 κάν
1323 651 1413 744 γοῦν
1454 641 1513 722 διὰ

315 766 483 868 γλῶττης
500 767 594 872 ἔχειν
612 767 735 867 τὸτῆς
754 767 994 853 ἀποστάσεως
1011 766 1137 867 ὄνομα.
1176 765 1307 865 ταύτης
1330 765 1393 844 οὖν
1410 765 1512 844 ἕνεκα

283 893 380 989 στῆς
409 891 521 974 αῖτίας
549 891 840 994 προσαγήοχέναι
874 924 911 970 τε
944 893 1039 998 φασὶ
1071 893 1129 970 καῖ
1160 891 1259 972 δίκας
1288 889 1512 969 ἀπστίσοντα

314 1020 555 1117 παρενεγκεῖν.
608 1015 901 1115 ἀπολογούμενος
932 1015 970 1095 δέ
1000 1014 1091 1117 πρὸς
1124 1022 1236 1094 ταῦτα
1263 1009 1435 1115 Χριστὸς,
1468 1009 1542 1104 τὸ5

313 1136 379 1236 μέν
415 1134 503 1218 εἶναι
540 1135 715 1234 βασιλεὺς
752 1139 816 1217 οὐκ
855 1135 1053 1241 ἠρνήσατο·
1102 1139 1221 1238 λέγειν
1255 1135 1326 1239 γὰρ
1363 1136 1431 1215 ἔδει
1467 1132 1511 1214 τὸ

313 1261 458 1361 ἀληθές·
501 1260 556 1341 ὅτι
584 1260 622 1342 δέ
649 1265 713 1360 τῆς
741 1269 804 1340 τοῦ
833 1262 1020 1364 Καίσαρος
1047 1261 1237 1355 βασιλείας
1267 1261 1309 1338 οὐ
1339 1259 1511 1358 πολέμιος

313 1382 358 1482 ἦν
385 1382 575 1490 ἀπελέγχει
604 1389 747 1489 σαφιῖις,
772 1384 837 1461 οὐκ
865 1384 1019 1485 ἐπίγειον
1047 1385 1162 1464 οὖσαν
1189 1381 1255 1482 τὴν
1282 1384 1409 1461 ἑαυτοῦ
1435 1417 1508 1482 ση·

312 1510 448 1608 μαίνων
487 1508 613 1612 ἀρχὴν,
651 1508 734 1586 ἀλλ’
774 1507 926 1608 ούρανοῦ
965 1541 1004 1587 τε
1046 1510 1104 1587 καῖ
1142 1512 1210 1610 γῆς
1251 1508 1309 1586 καῖ
1346 1512 1419 1586 τῶν
1458 1507 1510 1586 ἐτι

312 1630 478 1736 μιιζῖινων
503 1636 710 1735 θεοπρεπῶς
736 1629 974 1736 ἐξάρχουσαν.
1525 1671 1564 1712 ιο

369 1757 436 1840 Τίς
463 1756 526 1835 οὖν
553 1755 624 1857 ἀρα
652 1751 782 1833 λοιπὸν
809 1754 832 1852 ἡ
860 1753 1050 1862 ἀπόδειξις,
1079 1757 1137 1835 καῖ
1163 1751 1275 1835 πόθεν
1302 1753 1325 1853 ἡ
1357 1758 1421 1853 τῆς
1451 1755 1510 1834 ἐπὶ

313 1878 451 1965 τούτοις
484 1879 644 1985 ὑποψίας
676 1877 882 1980 ἀναίρεσις,
925 1875 967 1957 τὸ
1003 1877 1054 1978 μὴ
1092 1875 1303 1985 δορυφόροις
1338 1886 1414 1958 τισὶ
1450 1883 1511 1958 καὶ

278 2009 585 2105 θπροασπισταῖς
604 2004 875 2105 ἀποκεχρῆσθαι
893 2001 1048 2100 πώποτε,
1066 2004 1180 2104 ἤγουν
1198 2001 1293 2085 ὅλως
1317 2001 1410 2105 ἐχειν
1427 2000 1510 2087 τοὺς

312 2124 594 2229 ἀνθσπλίζεσθαι
619 2130 692 2206 δεῖν
716 2126 914 2223 ἐλομένους,
934 2128 993 2205 καὶ
1020 2127 1088 2231 οὐχ
1115 2125 1211 2211 ὅπως
1239 2124 1283 2205 ἂν
1306 2129 1370 2225 τῆς
1393 2133 1505 2220 βασι-

311 2252 410 2334 λείας
438 2250 489 2350 μὴ
517 2249 697 2330 ἀποπέσοι
723 2248 845 2348 μόνον,
864 2247 965 2328 ἀλλά
989 2249 1060 2353 γὰρ
1086 2249 1162 2330 οὐδ’
1182 2250 1239 2330 ἵνα
1265 2247 1420 2357 διαδρφη
1446 2248 1510 2328 τὸν
1526 2282 1563 2338 15

311 2374 557 2476 ἐπαρτηθέντα
589 2372 753 2452 κίνδυνον
782 2373 879 2478 αὐτῷ
910 2376 968 2452 καὶ
1004 2382 1110 2454 τοῦτο
1143 2370 1202 2452 διά
1233 2377 1296 2472 τῆς
1328 2373 1510 2453 Ἰουδαίων

310 2495 428 2602 χειρὸς
455 2494 784 2602 ἐπιῤῥιπτούμενον·
814 2495 900 2595 μήτι
923 2530 965 2597 γε
989 2499 1048 2577 καὶ
1073 2498 1182 2576 αὑτοῦ
1206 2505 1270 2577 τοῦ
1294 2506 1509 2600 κρατοῦντος

310 2622 503 2720 Ἰουδαίων,
522 2621 698 2716 τουτείττι,
715 2627 780 2699 τοῦ
803 2620 999 2724 Καίσαρος.
1037 2621 1235 2722 λελυμένης
1263 2623 1326 2701 οὖν
1348 2622 1418 2724 ἀρα
1446 2625 1510 2721 τῆς

309 2751 358 2829 εἰς
390 2752 497 2824 τοῦτο
527 2747 708 2842 καταβοῆς
740 2742 798 2823 διὰ
830 2749 893 2843 τῆς
926 2747 1038 2828 οὕτως
1070 2747 1241 2847 ἐναργοῦς
1277 2745 1508 2852 ἀποδείξεως,

310 2867 594 2975 ἀπροφάσιστον
630 2866 699 2967 ἤδη
738 2866 890 2975 Πιλάτιρ
930 2866 974 2948 τδ
1015 2867 1106 2948 κατὰ
1143 2874 1309 2973 Χριστοῦ
1347 2870 1510 2975 φαίνεται
1524 2903 1566 2945 20

312 2992 460 3093 θράσος.
498 2989 639 3074 οὐδενὸς
664 2988 736 3092 γὰρ
759 2990 1076 3095 ἐπαναγκάζοντος,
1094 2991 1207 3094 ἤγουν
1230 2992 1274 3100 ἐξ
1296 2991 1510 3076 ἀκολουθίας

312 3122 362 3199 εἰς
397 3122 504 3194 τοῦτο
541 3113 788 3212 καθέλκοντος,
827 3121 905 3198 ταῖς
941 3121 1015 3194 τῶν
1049 3115 1230 3195 Ἰουδαίων
1267 3117 1408 3216 ἡδοναῖς
1445 3121 1510 3216 τῆς

284 3239 440 3319 ιέαυτοιῖ
467 3241 591 3346 φυχῆς
619 3235 799 3344 χαρίζεται
828 3237 894 3338 τὴν
923 3239 1114 3338 ἀπώλειαν,
1144 3243 1203 3320 καῖ
1234 3239 1410 3343 μερίζεται
1438 3239 1511 3321 σὺν

313 3363 431 3446 αὐτοῖς
458 3365 523 3462 τῆς
550 3363 821 3466 χριστοκτονίας
848 3360 894 3441 τδι
921 3362 1141 3464 ἐγκλήματα.
1179 3363 1325 3467 εἰρηκὼς
1351 3362 1510 3466 γεμὴνὸ

313 3483 475 3588 Χριστὸς
503 3482 743 3585 ύπερκόσμιόν
770 3519 851 3565 τινα
877 3482 966 3565 εἶναι
993 3484 1060 3586 τὴν
1085 3489 1212 3568 ἑαυτοῦ
1239 3490 1443 3586 βασιλείαν,
1467 3490 1509 3568 ού
1525 3517 1563 3576 25

311 3607 423 3708 μόνον
443 3616 508 3688 τοῦ
533 3606 655 3714 φόβου
674 3610 838 3689 Πιλάτου
855 3610 1035 3716 ἐξίστησι,
1053 3614 1113 3690 καὶ
1139 3613 1306 3696 ὑπονοίας
1331 3616 1514 3717 ἐλευθεροῖ

311 3735 374 3831 τῆς
393 3729 484 3812 κατὰ
501 3728 567 3830 τὴν
586 3731 772 3834 ἀνταρσιν,
791 3731 892 3811 ἀλλά
910 3767 944 3812 τι
962 3737 1021 3813 καῖ
1044 3734 1138 3836 μέγα
1160 3738 1243 3838 περὶ
1267 3739 1393 3816 ἑαυτοῦ
1419 3743 1511 3816 νοεῖν

311 3857 502 3952 ἀναπείθει,
530 3857 588 3935 καὶ
616 3853 819 3960 ἀπάρχεταί
841 3891 918 3939 πως
945 3855 1004 3937 διὰ
1034 3862 1098 3958 τῆς
1127 3861 1327 3960 ἀπολογίας
1359 3864 1424 3960 τῆς
1454 3863 1508 3942 ἐπ’
1581 3883 1586 3890 “

311 3979 408 4087 αύτῷ
435 3977 678 4085 κατηχήσεως.

702 4228 744 4286 25.
763 4238 819 4270 τινα
831 4212 896 4271 εἶναι
907 4215 959 4271 hoc
971 4215 1064 4271 ordine
1077 4216 1109 4271 Ε.
